{"gold_per_floor":[116,129,129,146,159,159,175,175,221,221,236,161,189,189,189,294,294,305,324,341,163,262,262,278,278,278,293,310,326,326,344,344,439,439,455,470,345,358,358,358,376,376,376,376,42,42,58,75,75,75],"floor_reached":50,"playtime":3423,"items_purged":["Strike_G","Strike_G","Strike_G","Strike_G"],"score":650,"play_id":"a9f09ccb-9375-4bee-a073-62ca726c299c","local_time":"20180627223851","is_ascension_mode":false,"campfire_choices":[{"data":"Dagger Spray","floor":6,"key":"SMITH"},{"data":"Noxious Fumes","floor":8,"key":"SMITH"},{"data":"Backflip","floor":10,"key":"SMITH"},{"floor":15,"key":"REST"},{"floor":23,"key":"REST"},{"data":"Glass Knife","floor":25,"key":"SMITH"},{"floor":30,"key":"REST"},{"floor":32,"key":"REST"},{"floor":40,"key":"REST"},{"floor":44,"key":"REST"},{"floor":46,"key":"REST"},{"data":"Malaise","floor":49,"key":"SMITH"}],"neow_cost":"NONE","seed_source_timestamp":761757326217772,"circlet_count":0,"master_deck":["Defend_G","Defend_G","Defend_G","Defend_G","Defend_G","Strike_G","Survivor","Neutralize","Noxious Fumes+1","Backflip+1","Dagger Spray+1","Adrenaline","Catalyst","Bane","Glass Knife+1","Bouncing Flask","Bane","Backflip","Tools of the Trade","Well Laid Plans+1","Dash+1","Footwork+1","Catalyst+1","Backflip","Malaise+1","Dodge and Roll"],"relics":["Ring of the Snake","NeowsBlessing","Bronze Scales","Kunai","Lantern","Philosopher\u0027s Stone","Tough Bandages","Orrery","Sundial","The Courier","Snake Skull"],"potions_floor_usage":[13,18,19,20,29,33,50,50],"damage_taken":[{"damage":0,"enemies":"Small Slimes","floor":1,"turns":1},{"damage":0,"enemies":"Jaw Worm","floor":2,"turns":1},{"damage":0,"enemies":"2 Louse","floor":4,"turns":1},{"damage":0,"enemies":"Red Slaver","floor":5,"turns":5},{"damage":12,"enemies":"Exordium Thugs","floor":7,"turns":6},{"damage":0,"enemies":"Looter","floor":11,"turns":3},{"damage":6,"enemies":"Gremlin Nob","floor":13,"turns":5},{"damage":6,"enemies":"The Guardian","floor":16,"turns":12},{"damage":0,"enemies":"Spheric Guardian","floor":18,"turns":3},{"damage":0,"enemies":"Chosen","floor":19,"turns":4},{"damage":24,"enemies":"Slaver and Parasite","floor":20,"turns":5},{"damage":14,"enemies":"Snecko","floor":24,"turns":4},{"damage":0,"enemies":"Chosen and Byrds","floor":27,"turns":4},{"damage":17,"enemies":"Snake Plant","floor":28,"turns":4},{"damage":8,"enemies":"3 Cultists","floor":29,"turns":4},{"damage":3,"enemies":"Centurion and Healer","floor":31,"turns":4},{"damage":33,"enemies":"Automaton","floor":33,"turns":9},{"damage":0,"enemies":"Orb Walker","floor":35,"turns":4},{"damage":33,"enemies":"3 Darklings","floor":36,"turns":9},{"damage":19,"enemies":"Sphere and 2 Shapes","floor":38,"turns":6},{"damage":0,"floor":39,"turns":6},{"damage":11,"enemies":"4 Shapes","floor":41,"turns":6},{"damage":0,"enemies":"Maw","floor":47,"turns":5},{"damage":1,"enemies":"3 Darklings","floor":48,"turns":5},{"damage":61,"enemies":"Donu and Deca","floor":50,"turns":8}],"seed_played":"-1383153377048789655","potions_obtained":[{"floor":4,"key":"Energy Potion"},{"floor":7,"key":"Weak Potion"},{"floor":11,"key":"Ancient Potion"},{"floor":16,"key":"SkillPotion"},{"floor":18,"key":"Strength Potion"},{"floor":27,"key":"GamblersBrew"},{"floor":28,"key":"LiquidBronze"},{"floor":38,"key":"Energy Potion"},{"floor":47,"key":"Energy Potion"}],"is_trial":false,"path_per_floor":["M","M","?","M","M","R","M","R","T","R","M","$","E","?","R","B",null,"M","M","M","$","?","R","M","R","T","M","M","M","R","M","R","B",null,"M","M","$","M","?","R","M","?","T","R","$","R","M","M","R"],"character_chosen":"THE_SILENT","items_purchased":["Bouncing Flask","Malaise","Dodge and Roll","Snake Skull"],"campfire_rested":7,"item_purchase_floors":[21,45,45,45],"current_hp_per_floor":[70,70,70,70,70,70,58,58,58,58,58,58,52,45,66,60,70,70,70,46,46,46,67,53,53,53,53,36,28,49,46,67,34,70,70,37,37,18,18,39,28,28,28,49,49,70,70,69,69,8],"gold":75,"neow_bonus":"THREE_ENEMY_KILL","is_prod":false,"is_daily":false,"chose_seed":false,"campfire_upgraded":5,"win_rate":0,"timestamp":1530135531,"path_taken":["M","M","?","?","M","R","M","R","T","R","M","?","E","?","R","BOSS","M","M","M","$","?","R","M","R","T","M","M","M","R","M","R","BOSS","M","M","$","M","?","R","M","?","T","R","$","R","M","M","R","BOSS"],"build_version":"2018-06-21v2","purchased_purges":4,"victory":false,"max_hp_per_floor":[70,70,70,70,70,70,70,70,70,70,70,70,70,70,70,70,70,70,70,70,70,70,70,70,70,70,70,70,70,70,70,70,70,70,70,70,70,70,70,70,70,70,70,70,70,70,70,70,70,70],"card_choices":[{"not_picked":["Flying Knee","Acrobatics"],"picked":"Noxious Fumes","floor":1},{"not_picked":["Bouncing Flask","Backstab"],"picked":"Backflip","floor":2},{"not_picked":["Quick Slash","Underhanded Strike"],"picked":"Dagger Spray","floor":4},{"not_picked":["Noxious Fumes","Choke"],"picked":"Adrenaline","floor":5},{"not_picked":["Quick Slash","Sucker Punch"],"picked":"Catalyst","floor":7},{"not_picked":["Deadly Poison","Cloak And Dagger","Heel Hook"],"picked":"SKIP","floor":11},{"not_picked":["Endless Agony","Cloak And Dagger"],"picked":"Bane","floor":13},{"not_picked":["Adrenaline","Corpse Explosion"],"picked":"Glass Knife","floor":16},{"not_picked":["Dagger Throw","Cloak And Dagger+1","Quick Slash"],"picked":"SKIP","floor":18},{"not_picked":["Deadly Poison","Deflect","Slice"],"picked":"SKIP","floor":19},{"not_picked":["Prepared","Flying Knee+1","All Out Attack"],"picked":"SKIP","floor":20},{"not_picked":["Dagger Throw","Caltrops"],"picked":"Bane","floor":24},{"not_picked":["Sucker Punch","Slice","Bane"],"picked":"SKIP","floor":27},{"not_picked":["Deadly Poison","Crippling Poison+1","Slice"],"picked":"SKIP","floor":28},{"not_picked":["Slice","Prepared+1","Quick Slash"],"picked":"SKIP","floor":29},{"not_picked":["Storm of Steel","Slice"],"picked":"Backflip","floor":31},{"not_picked":["Envenom","Unload"],"picked":"Tools of the Trade","floor":33},{"not_picked":["Infinite Blades","Deadly Poison"],"picked":"Well Laid Plans+1","floor":34},{"not_picked":["Flying Knee","Deflect"],"picked":"Dash+1","floor":34},{"not_picked":["Quick Slash+1","Deflect"],"picked":"Footwork","floor":34},{"not_picked":["Flying Knee","PiercingWail"],"picked":"Catalyst+1","floor":35},{"not_picked":["Dagger Throw+1","Dodge and Roll"],"picked":"Backflip","floor":36},{"not_picked":["Prepared","Flying Knee","Dagger Throw+1"],"picked":"SKIP","floor":38},{"not_picked":["Eviscerate+1","Well Laid Plans+1","Night Terror"],"picked":"SKIP","floor":41},{"not_picked":["Choke+1","Flying Knee","Dagger Spray+1"],"picked":"SKIP","floor":47},{"not_picked":["Dagger Throw+1","Bane+1","PiercingWail+1"],"picked":"SKIP","floor":48}],"player_experience":192552,"relics_obtained":[{"floor":9,"key":"Bronze Scales"},{"floor":13,"key":"Kunai"},{"floor":26,"key":"Tough Bandages"},{"floor":39,"key":"Sundial"},{"floor":43,"key":"The Courier"}],"event_choices":[{"event_name":"Liars Game","player_choice":"disagreed","floor":3,"damage_taken":0},{"event_name":"Scrap Ooze","player_choice":"success","floor":14,"damage_taken":7},{"event_name":"Nest","player_choice":"Stole From Cult","floor":22,"damage_taken":0},{"event_name":"MindBloom","player_choice":"Fight","floor":39,"damage_taken":0},{"event_name":"Upgrade Shrine","player_choice":"Upgraded","floor":42,"damage_taken":0}],"boss_relics":[{"not_picked":["Runic Dome","Eternal Feather"],"picked":"Philosopher\u0027s Stone"},{"not_picked":["Velvet Choker","Busted Crown"],"picked":"Orrery"}],"items_purged_floors":[12,21,37,45],"is_endless":false,"potions_floor_spawned":[4,7,11,16,18,27,28,38,47],"killed_by":"Donu and Deca","ascension_level":0}