{"gold_per_floor":[117,117,132,146,106,106,137,137,137,155,85,85,101,101,101,101],"floor_reached":16,"playtime":1453,"items_purged":[],"score":100,"play_id":"b7e63666-73e7-4d18-a1ff-c27b539a08ce","local_time":"20180626203758","is_ascension_mode":false,"campfire_choices":[{"data":"Bouncing Flask","floor":6,"key":"SMITH"},{"floor":8,"key":"REST"},{"floor":12,"key":"REST"},{"floor":15,"key":"REST"}],"neow_cost":"NONE","seed_source_timestamp":669942686183492,"circlet_count":0,"master_deck":["Defend_G","Defend_G","Defend_G","Defend_G","Defend_G+1","Strike_G+1","Strike_G","Strike_G","Survivor","Neutralize","Bouncing Flask+1","Well Laid Plans","Quick Slash","Footwork"],"relics":["Ring of the Snake","Matryoshka","Vajra","Meat on the Bone"],"potions_floor_usage":[7,7,7,16,16],"damage_taken":[{"damage":0,"enemies":"Small Slimes","floor":1,"turns":4},{"damage":0,"enemies":"Jaw Worm","floor":3,"turns":5},{"damage":0,"enemies":"Cultist","floor":4,"turns":4},{"damage":49,"enemies":"Gremlin Nob","floor":7,"turns":6},{"damage":5,"enemies":"Exordium Thugs","floor":10,"turns":5},{"damage":0,"enemies":"2 Fungi Beasts","floor":13,"turns":3},{"damage":74,"enemies":"Hexaghost","floor":16,"turns":14}],"seed_played":"3130124785324749798","potions_obtained":[{"floor":1,"key":"EntropicBrew"},{"floor":7,"key":"SteroidPotion"}],"is_trial":false,"path_per_floor":["M","?","M","M","$","R","E","R","T","M","$","R","M","?","R"],"character_chosen":"THE_SILENT","items_purchased":["Well Laid Plans","Footwork"],"campfire_rested":3,"item_purchase_floors":[5,11],"current_hp_per_floor":[70,56,56,56,56,56,7,28,28,35,35,56,56,56,70,0],"gold":101,"neow_bonus":"REMOVE_CARD","is_prod":false,"is_daily":false,"chose_seed":false,"campfire_upgraded":1,"win_rate":0.0,"timestamp":1530041878,"path_taken":["M","?","M","M","?","R","E","R","T","M","$","R","M","?","R","BOSS"],"build_version":"2018-06-21v2","purchased_purges":0,"victory":false,"max_hp_per_floor":[70,70,70,70,70,70,70,70,70,70,70,70,70,70,70,70],"card_choices":[{"not_picked":["Cloak And Dagger","Calculated Gamble","Deflect"],"picked":"SKIP","floor":1},{"not_picked":["Accuracy","Heel Hook","Acrobatics"],"picked":"SKIP","floor":3},{"not_picked":["Prepared","Dodge and Roll"],"picked":"Bouncing Flask","floor":4},{"not_picked":["Wraith Form v2","Slice","Storm of Steel"],"picked":"SKIP","floor":7},{"not_picked":["Reflex","Heel Hook"],"picked":"Quick Slash","floor":10},{"not_picked":["Bane","PiercingWail","Deflect"],"picked":"SKIP","floor":13}],"player_experience":171938,"relics_obtained":[{"floor":7,"key":"Matryoshka"},{"floor":9,"key":"Vajra"},{"floor":9,"key":"Meat on the Bone"}],"event_choices":[{"event_name":"Shining Light","player_choice":"Entered Light","floor":2,"damage_taken":0},{"event_name":"Living Wall","player_choice":"Forget","floor":14,"damage_taken":0}],"boss_relics":[],"items_purged_floors":[],"is_endless":false,"potions_floor_spawned":[1,7],"killed_by":"Hexaghost","ascension_level":0}