{"gold_per_floor":[20,33,33,56,20,63,63,97,97,97],"floor_reached":10,"playtime":404,"items_purged":[],"score":110,"play_id":"0f468907-e892-4ad1-bb95-c941b2402850","local_time":"20190801095610","is_ascension_mode":true,"campfire_choices":[{"data":"Bash","floor":7,"key":"SMITH"}],"neow_cost":"NO_GOLD","seed_source_timestamp":933777461025800,"circlet_count":0,"master_deck":["Strike_R","Strike_R","Strike_R","Defend_R","Defend_R","Defend_R","Defend_R","Bash+1","Pummel","Twin Strike","Flame Barrier","Feel No Pain","Disarm","Rampage","Flame Barrier","Corruption"],"relics":["Burning Blood","Golden Idol","Orichalcum","StoneCalendar","Frozen Egg 2"],"potions_floor_usage":[8,10,10],"damage_taken":[{"damage":7,"enemies":"Jaw Worm","floor":1,"turns":3},{"damage":1,"enemies":"Cultist","floor":2,"turns":3},{"damage":6,"enemies":"Small Slimes","floor":4,"turns":4},{"damage":44,"enemies":"Gremlin Nob","floor":6,"turns":5},{"damage":18,"enemies":"3 Sentries","floor":8,"turns":9},{"damage":27,"enemies":"Gremlin Nob","floor":10,"turns":4}],"seed_played":"4408844138037997121","potions_obtained":[{"floor":1,"key":"PowerPotion"},{"floor":4,"key":"SkillPotion"},{"floor":6,"key":"EssenceOfSteel"}],"is_trial":false,"path_per_floor":["M","M","?","M","$","E","R","E","T","E"],"character_chosen":"IRONCLAD","items_purchased":["Rampage"],"campfire_rested":0,"item_purchase_floors":[5],"current_hp_per_floor":[71,76,74,74,74,36,36,24,24,0],"gold":97,"neow_bonus":"TRANSFORM_TWO_CARDS","is_prod":false,"is_daily":false,"chose_seed":false,"campfire_upgraded":1,"win_rate":0,"timestamp":1564667770,"path_taken":["M","M","?","M","$","E","R","E","T","E"],"build_version":"2019-07-17","purchased_purges":0,"victory":false,"max_hp_per_floor":[80,80,74,74,74,74,74,74,74,74],"card_choices":[{"not_picked":["Hemokinesis","Pommel Strike"],"picked":"Flame Barrier","floor":1},{"not_picked":["Cleave","Corruption"],"picked":"Feel No Pain","floor":2},{"not_picked":["Blood for Blood","Wild Strike"],"picked":"Disarm","floor":4},{"not_picked":["Sword Boomerang","Iron Wave"],"picked":"Flame Barrier","floor":6},{"not_picked":["Clash","Seeing Red"],"picked":"Corruption","floor":8}],"player_experience":605956,"relics_obtained":[{"floor":6,"key":"Orichalcum"},{"floor":8,"key":"StoneCalendar"},{"floor":9,"key":"Frozen Egg 2"}],"event_choices":[{"damage_healed":0,"gold_gain":0,"player_choice":"Lose Max HP","damage_taken":0,"relics_obtained":["Golden Idol"],"max_hp_gain":0,"max_hp_loss":6,"event_name":"Golden Idol","floor":3,"gold_loss":0}],"is_beta":false,"boss_relics":[],"items_purged_floors":[],"is_endless":false,"potions_floor_spawned":[1,4,6],"killed_by":"Gremlin Nob","ascension_level":9}