{"gold_per_floor":[112,187,207,32,52,86,86,86,140,65,75,100,113,123,123,220,220,234,234,284,111,128,128,68,84,133,133,133,95,109,125,125,125],"floor_reached":33,"playtime":2233,"items_purged":["Strike_G"],"score":308,"play_id":"de2e4732-1af8-4224-94d2-7c111d21304f","local_time":"20181202003724","is_ascension_mode":true,"campfire_choices":[{"data":"Noxious Fumes","floor":8,"key":"SMITH"},{"data":"Footwork","floor":15,"key":"SMITH"},{"floor":23,"key":"REST"},{"data":"A Thousand Cuts","floor":27,"key":"SMITH"},{"floor":32,"key":"REST"}],"neow_cost":"NONE","seed_source_timestamp":285229322751651,"circlet_count":0,"master_deck":["Defend_G","Defend_G","Defend_G","Defend_G","Defend_G","Strike_G+1","Survivor","Neutralize+1","Cloak And Dagger","Backflip","Noxious Fumes+1","Cloak And Dagger","Cloak And Dagger","After Image","Footwork+1","PiercingWail","Deadly Poison","Backflip","Caltrops","After Image","All Out Attack","Terror","Deadly Poison","Well Laid Plans","Catalyst+1","Caltrops","Bandage Up","Reflex","Tools of the Trade","A Thousand Cuts+1","Footwork+1","Caltrops","Blade Dance","Flying Knee+1"],"relics":["Ring of the Snake","NeowsBlessing","Bag of Marbles","Whetstone","Ancient Tea Set","Orrery","Lantern","Potion Belt"],"potions_floor_usage":[11,12,12,14,14,16,25,33,33],"damage_taken":[{"damage":0,"enemies":"Small Slimes","floor":1,"turns":1},{"damage":0,"enemies":"Cultist","floor":3,"turns":1},{"damage":0,"enemies":"2 Louse","floor":5,"turns":1},{"damage":4,"enemies":"3 Sentries","floor":6,"turns":9},{"damage":0,"enemies":"Lots of Slimes","floor":11,"turns":2},{"damage":5,"enemies":"Lagavulin","floor":12,"turns":9},{"damage":3,"enemies":"3 Louse","floor":13,"turns":4},{"damage":0,"enemies":"Gremlin Gang","floor":14,"turns":4},{"damage":5,"enemies":"Hexaghost","floor":16,"turns":8},{"damage":36,"enemies":"2 Thieves","floor":18,"turns":3},{"damage":0,"enemies":"3 Byrds","floor":22,"turns":3},{"damage":15,"enemies":"Snake Plant","floor":25,"turns":3},{"damage":0,"enemies":"Centurion and Healer","floor":30,"turns":8},{"damage":29,"enemies":"Cultist and Chosen","floor":31,"turns":6},{"damage":55,"enemies":"Collector","floor":33,"turns":7}],"seed_played":"-5082238236269574889","potions_obtained":[{"floor":1,"key":"Swift Potion"},{"floor":5,"key":"Swift Potion"},{"floor":6,"key":"Explosive Potion"},{"floor":13,"key":"EntropicBrew"},{"floor":14,"key":"SteroidPotion"},{"floor":18,"key":"Fire Potion"},{"floor":31,"key":"SkillPotion"}],"is_trial":false,"path_per_floor":["M","?","M","$","M","E","?","R","T","$","M","E","M","M","R","B",null,"M","T","?","$","M","R","?","M","T","R","?","$","M","M","R","B"],"character_chosen":"THE_SILENT","items_purchased":["Noxious Fumes","Cloak And Dagger","Footwork","Caltrops","Bandage Up","Caltrops"],"campfire_rested":2,"item_purchase_floors":[4,4,10,21,21,29],"current_hp_per_floor":[70,59,59,59,59,55,55,55,55,55,55,50,47,47,47,42,70,34,34,34,34,38,59,59,48,48,48,48,48,52,27,48,0],"gold":125,"neow_bonus":"THREE_ENEMY_KILL","is_prod":false,"is_daily":false,"chose_seed":false,"campfire_upgraded":3,"win_rate":0,"timestamp":1543711044,"path_taken":["M","?","M","$","M","E","?","R","T","$","M","E","M","?","R","BOSS","M","?","?","$","?","R","?","?","T","R","?","$","M","M","R","BOSS"],"build_version":"2018-11-15","purchased_purges":1,"victory":false,"max_hp_per_floor":[70,70,70,70,70,70,70,70,70,70,70,70,70,70,70,70,70,70,70,70,70,70,70,70,70,70,70,70,70,70,70,70,70],"card_choices":[{"not_picked":["Deflect","PiercingWail"],"picked":"Cloak And Dagger","floor":1},{"not_picked":["Skewer","Blade Dance"],"picked":"Backflip","floor":3},{"not_picked":["Quick Slash","Dash"],"picked":"Cloak And Dagger","floor":5},{"not_picked":["Flying Knee","Sucker Punch"],"picked":"After Image","floor":6},{"not_picked":["Choke","Underhanded Strike"],"picked":"PiercingWail","floor":11},{"not_picked":["Dash","Skewer"],"picked":"Deadly Poison","floor":12},{"not_picked":["Dodge and Roll","Poisoned Stab"],"picked":"Backflip","floor":13},{"not_picked":["Outmaneuver","Cloak And Dagger"],"picked":"Caltrops","floor":14},{"not_picked":["Storm of Steel","Corpse Explosion"],"picked":"After Image","floor":16},{"not_picked":["Acrobatics","Dodge and Roll"],"picked":"All Out Attack","floor":17},{"not_picked":["Flying Knee","Blur"],"picked":"Terror","floor":17},{"not_picked":["Riddle With Holes","Tactician"],"picked":"Deadly Poison","floor":17},{"not_picked":["Dodge and Roll","Skewer"],"picked":"Well Laid Plans","floor":17},{"not_picked":["Crippling Poison","Prepared"],"picked":"Catalyst+1","floor":18},{"not_picked":["Dagger Throw+1","Reflex","Underhanded Strike"],"picked":"SKIP","floor":22},{"not_picked":["Expertise","Deadly Poison"],"picked":"A Thousand Cuts","floor":25},{"not_picked":["Finisher+1","Dagger Spray+1"],"picked":"Blade Dance","floor":30},{"not_picked":["Predator","Outmaneuver"],"picked":"Flying Knee+1","floor":31}],"player_experience":239068,"relics_obtained":[{"floor":6,"key":"Bag of Marbles"},{"floor":9,"key":"Whetstone"},{"floor":12,"key":"Ancient Tea Set"},{"floor":19,"key":"Lantern"},{"floor":26,"key":"Potion Belt"}],"event_choices":[{"damage_healed":0,"gold_gain":75,"player_choice":"Gather Gold","damage_taken":11,"max_hp_gain":0,"max_hp_loss":0,"event_name":"World of Goop","floor":2,"gold_loss":0},{"cards_removed":["Strike_G"],"damage_healed":0,"gold_gain":0,"player_choice":"Purged","damage_taken":0,"max_hp_gain":0,"max_hp_loss":0,"event_name":"Purifier","floor":7,"gold_loss":0},{"damage_healed":0,"gold_gain":100,"player_choice":"Bet on Murderer","damage_taken":0,"max_hp_gain":0,"max_hp_loss":0,"event_name":"The Joust","floor":20,"gold_loss":50},{"damage_healed":0,"gold_gain":0,"cards_transformed":["Strike_G","Strike_G"],"player_choice":"Transformed Cards","damage_taken":0,"max_hp_gain":0,"max_hp_loss":0,"event_name":"Designer","floor":24,"gold_loss":60,"cards_obtained":["Reflex","Tools of the Trade"]},{"damage_healed":0,"gold_gain":0,"player_choice":"Copied","damage_taken":0,"max_hp_gain":0,"max_hp_loss":0,"event_name":"Duplicator","floor":28,"gold_loss":0,"cards_obtained":["Footwork"]}],"is_beta":false,"boss_relics":[{"not_picked":["Black Star","Busted Crown"],"picked":"Orrery"}],"items_purged_floors":[4],"is_endless":false,"potions_floor_spawned":[1,5,6,13,14,18,31],"killed_by":"Collector","ascension_level":4}