{"gold_per_floor":[111,127,58,58,69,98,98,113,113,157,184,134,146,158,170,256,268,297,509,541,553],"floor_reached":21,"playtime":876,"items_purged":[],"score":331,"play_id":"d0be3a46-26a9-4b37-91b1-4c0ebac554c3","local_time":"20190812212152","is_ascension_mode":true,"campfire_choices":[{"data":"Core Surge","floor":7,"key":"SMITH"},{"floor":13,"key":"REST"},{"data":"Defragment","floor":15,"key":"SMITH"}],"neow_cost":"NONE","seed_source_timestamp":42305972796800,"circlet_count":0,"master_deck":["AscendersBane","Strike_B","Defend_B","Defend_B","Defend_B","Defend_B","Zap","Dualcast","Darkness","Capacitor","Loop","Redo","Core Surge+1","Conserve Battery","Coolheaded","Defragment+1","Parasite","Fission","Biased Cognition+1","Storm+1","Recycle+1","White Noise","Stack"],"relics":["Cracked Core","Oddly Smooth Stone","MawBank","Shuriken","Astrolabe"],"potions_floor_usage":[16],"damage_taken":[{"damage":7,"enemies":"Small Slimes","floor":1,"turns":3},{"damage":7,"enemies":"Jaw Worm","floor":2,"turns":3},{"damage":1,"enemies":"Cultist","floor":5,"turns":4},{"damage":25,"enemies":"Lagavulin","floor":6,"turns":7},{"damage":0,"enemies":"Large Slime","floor":8,"turns":5},{"damage":26,"enemies":"3 Sentries","floor":10,"turns":8},{"damage":4,"enemies":"2 Fungi Beasts","floor":11,"turns":5},{"damage":19,"enemies":"The Guardian","floor":16,"turns":10},{"damage":14,"enemies":"Spheric Guardian","floor":18,"turns":6},{"damage":25,"enemies":"Shell Parasite","floor":20,"turns":5},{"damage":42,"enemies":"Cultist and Chosen","floor":21,"turns":4}],"seed_played":"-2786015828930472063","potions_obtained":[{"floor":1,"key":"Energy Potion"},{"floor":6,"key":"Weak Potion"},{"floor":16,"key":"FocusPotion"}],"is_trial":false,"path_per_floor":["M","M","$","?","M","E","R","M","T","E","M","?","R","?","R","B",null,"M","?","M","M"],"character_chosen":"DEFECT","items_purchased":["Loop"],"campfire_rested":1,"item_purchase_floors":[3],"current_hp_per_floor":[64,57,57,62,61,36,36,36,36,10,6,6,30,50,50,31,70,56,56,31,0],"gold":553,"neow_bonus":"TEN_PERCENT_HP_BONUS","is_prod":false,"is_daily":false,"chose_seed":false,"campfire_upgraded":2,"win_rate":0,"timestamp":1565659312,"path_taken":["M","M","$","?","M","E","R","M","T","E","M","?","R","?","R","BOSS","M","?","M","M"],"build_version":"2019-07-17","purchased_purges":0,"victory":false,"max_hp_per_floor":[78,78,78,83,83,83,83,83,83,83,83,83,83,83,83,83,83,83,83,83,83],"card_choices":[{"not_picked":["Cold Snap","Undo"],"picked":"Darkness","floor":1},{"not_picked":["Stack","Gash"],"picked":"Capacitor","floor":2},{"not_picked":["Compile Driver","Streamline"],"picked":"Redo","floor":5},{"not_picked":["FTL","Barrage"],"picked":"Core Surge","floor":6},{"not_picked":["Self Repair","Streamline"],"picked":"Conserve Battery","floor":8},{"not_picked":["Gash","Beam Cell"],"picked":"Coolheaded","floor":10},{"not_picked":["Conserve Battery","Barrage"],"picked":"Defragment","floor":11},{"not_picked":["Hyperbeam","Rainbow"],"picked":"Fission","floor":16},{"not_picked":["Force Field","Heatsinks"],"picked":"White Noise","floor":18},{"not_picked":["Steam","Gash"],"picked":"Stack","floor":20}],"player_experience":711186,"relics_obtained":[{"floor":6,"key":"Oddly Smooth Stone"},{"floor":9,"key":"MawBank"},{"floor":10,"key":"Shuriken"}],"event_choices":[{"damage_healed":0,"gold_gain":0,"player_choice":"Donut","damage_taken":0,"max_hp_gain":5,"max_hp_loss":0,"event_name":"Big Fish","floor":4,"gold_loss":0},{"damage_healed":0,"gold_gain":0,"player_choice":"Left Gold","damage_taken":0,"max_hp_gain":0,"max_hp_loss":0,"event_name":"World of Goop","floor":12,"gold_loss":62},{"damage_healed":20,"gold_gain":0,"player_choice":"Healed and dodged fight","damage_taken":0,"max_hp_gain":0,"max_hp_loss":0,"event_name":"Mushrooms","floor":14,"gold_loss":0,"cards_obtained":["Parasite"]},{"damage_healed":0,"gold_gain":200,"player_choice":"Gold","damage_taken":0,"max_hp_gain":0,"max_hp_loss":0,"event_name":"Wheel of Change","floor":19,"gold_loss":0}],"is_beta":false,"boss_relics":[{"not_picked":["Nuclear Battery","Snecko Eye"],"picked":"Astrolabe"}],"items_purged_floors":[],"is_endless":false,"potions_floor_spawned":[1,6,11,16,20],"killed_by":"Cultist and Chosen","ascension_level":15}