{"gold_per_floor":[117,131,141,154,154,154,185,185,185,195,224,5,24,36,36,109,109,126,138,151,51,66,66,81,95,118,118,118,118,148,148,148,222,222,238,258,85,97,115,115],"floor_reached":40,"playtime":2347,"items_purged":["Strike_B","Strike_B","Defend_B"],"score":823,"play_id":"306a021f-514f-4588-9237-be0362607120","local_time":"20190802223940","is_ascension_mode":true,"campfire_choices":[{"data":"Zap","floor":6,"key":"SMITH"},{"floor":8,"key":"REST"},{"data":"Defragment","floor":15,"key":"SMITH"},{"data":"Defragment","floor":23,"key":"SMITH"},{"data":"Seek","floor":28,"key":"SMITH"},{"data":"Buffer","floor":32,"key":"SMITH"}],"neow_cost":"NONE","seed_source_timestamp":1064050189348200,"circlet_count":0,"master_deck":["AscendersBane","Defend_B","Defend_B","Zap+1","Dualcast","Leap","Barrage","Sweeping Beam","Cold Snap","Compile Driver","Defragment+1","Glacier","Darkness","Defragment+1","Doom and Gloom","Auto Shields","Seek+1","Redo","Self Repair","Glacier","Coolheaded+1","Buffer+1","Machine Learning","Conserve Battery+1","Conserve Battery"],"relics":["Cracked Core","Vajra","Gambling Chip","Bottled Tornado","Ginger","Velvet Choker","Dream Catcher","Strawberry","Empty Cage"],"potions_floor_usage":[13,16,16,20,33,39,39],"damage_taken":[{"damage":0,"enemies":"2 Louse","floor":1,"turns":3},{"damage":1,"enemies":"Cultist","floor":2,"turns":3},{"damage":8,"enemies":"Small Slimes","floor":3,"turns":3},{"damage":1,"enemies":"2 Fungi Beasts","floor":4,"turns":3},{"damage":30,"enemies":"3 Sentries","floor":7,"turns":7},{"damage":1,"enemies":"Looter","floor":10,"turns":3},{"damage":15,"enemies":"Lagavulin","floor":11,"turns":6},{"damage":0,"enemies":"Large Slime","floor":13,"turns":3},{"damage":0,"enemies":"Blue Slaver","floor":14,"turns":4},{"damage":0,"enemies":"Hexaghost","floor":16,"turns":6},{"damage":0,"enemies":"3 Byrds","floor":18,"turns":3},{"damage":0,"enemies":"Chosen","floor":19,"turns":5},{"damage":1,"enemies":"Centurion and Healer","floor":20,"turns":5},{"damage":16,"enemies":"Snake Plant","floor":22,"turns":5},{"damage":0,"enemies":"Sentry and Sphere","floor":24,"turns":8},{"damage":0,"enemies":"Centurion and Healer","floor":25,"turns":7},{"damage":0,"enemies":"Book of Stabbing","floor":30,"turns":6},{"damage":60,"enemies":"Champ","floor":33,"turns":15},{"damage":8,"enemies":"3 Darklings","floor":35,"turns":8},{"damage":0,"enemies":"Orb Walker","floor":36,"turns":6},{"damage":0,"enemies":"Maw","floor":38,"turns":8},{"damage":39,"enemies":"4 Shapes","floor":39,"turns":5},{"damage":53,"enemies":"Giant Head","floor":40,"turns":11}],"seed_played":"-2358410692738530037","potions_obtained":[{"floor":4,"key":"Energy Potion"},{"floor":10,"key":"Fire Potion"},{"floor":13,"key":"LiquidBronze"},{"floor":14,"key":"LiquidBronze"},{"floor":19,"key":"Block Potion"},{"floor":22,"key":"Strength Potion"},{"floor":24,"key":"Poison Potion"},{"floor":30,"key":"Regen Potion"},{"floor":35,"key":"AttackPotion"},{"floor":38,"key":"Explosive Potion"},{"floor":39,"key":"Swift Potion"}],"is_trial":false,"path_per_floor":["M","M","M","M","?","R","E","R","T","M","E","$","M","M","R","B",null,"M","M","M","$","M","R","M","M","T","$","R","$","E","?","R","B",null,"M","M","$","M","M","E"],"character_chosen":"DEFECT","items_purchased":["Defragment","Doom and Gloom","Conserve Battery"],"campfire_rested":1,"item_purchase_floors":[12,12,37],"current_hp_per_floor":[68,67,59,58,58,58,28,50,50,49,34,34,34,34,34,34,65,65,65,64,64,55,55,62,69,69,69,69,69,82,66,66,28,72,64,71,71,78,39,0],"gold":115,"neow_bonus":"TRANSFORM_CARD","is_prod":false,"is_daily":false,"chose_seed":false,"campfire_upgraded":5,"win_rate":0,"timestamp":1564799980,"path_taken":["M","M","M","M","?","R","E","R","T","M","E","$","M","M","R","BOSS","M","?","M","$","M","R","M","M","T","$","R","$","E","?","R","BOSS","M","M","$","M","M","E"],"build_version":"2019-07-17","purchased_purges":3,"victory":false,"max_hp_per_floor":[75,75,75,75,75,75,75,75,75,75,75,75,75,75,75,75,75,75,75,75,75,75,75,75,75,75,75,75,75,82,87,87,87,87,87,87,87,87,87,87],"card_choices":[{"not_picked":["Rebound","Coolheaded"],"picked":"Barrage","floor":1},{"not_picked":["Beam Cell","Streamline"],"picked":"Sweeping Beam","floor":2},{"not_picked":["Recycle","Streamline"],"picked":"Cold Snap","floor":3},{"not_picked":["Streamline","Skim"],"picked":"Compile Driver","floor":4},{"not_picked":["White Noise","Blizzard"],"picked":"Defragment","floor":7},{"not_picked":["Chaos","Recycle"],"picked":"Glacier","floor":10},{"not_picked":["Storm","Streamline"],"picked":"Darkness","floor":11},{"not_picked":["Barrage","Streamline","Cold Snap"],"picked":"SKIP","floor":13},{"not_picked":["Double Energy","Beam Cell"],"picked":"Auto Shields","floor":14},{"not_picked":["Creative AI","Fission"],"picked":"Seek","floor":16},{"not_picked":["Chaos","Steam"],"picked":"Redo","floor":18},{"not_picked":["Storm","Consume","Redo"],"picked":"SKIP","floor":19},{"not_picked":["Ball Lightning","Doom and Gloom"],"picked":"Self Repair","floor":20},{"not_picked":["Blizzard","Skim"],"picked":"Glacier","floor":22},{"not_picked":["Coolheaded","Blizzard","Lockon"],"picked":"SKIP","floor":24},{"not_picked":["Stack","Hologram"],"picked":"Coolheaded+1","floor":25},{"not_picked":["Compile Driver","Static Discharge"],"picked":"Buffer","floor":30},{"not_picked":["Hyperbeam","Multi-Cast"],"picked":"Machine Learning","floor":33},{"not_picked":["Barrage+1","Redo"],"picked":"Conserve Battery+1","floor":35},{"not_picked":["Stack","Compile Driver","Cold Snap"],"picked":"SKIP","floor":36},{"not_picked":["Hello World+1","Barrage+1","Stack+1"],"picked":"SKIP","floor":38},{"not_picked":["Leap","Sweeping Beam+1","Hello World"],"picked":"SKIP","floor":39}],"player_experience":635404,"relics_obtained":[{"floor":7,"key":"Gambling Chip"},{"floor":9,"key":"Bottled Tornado"},{"floor":11,"key":"Ginger"},{"floor":26,"key":"Dream Catcher"},{"floor":30,"key":"Strawberry"}],"event_choices":[{"damage_healed":0,"gold_gain":0,"player_choice":"Gave Potion","damage_taken":0,"relics_obtained":["Vajra"],"max_hp_gain":0,"max_hp_loss":0,"event_name":"WeMeetAgain","floor":5,"gold_loss":0},{"damage_healed":0,"gold_gain":0,"player_choice":"Shed Blood","damage_taken":21,"max_hp_gain":5,"max_hp_loss":0,"event_name":"Forgotten Altar","floor":31,"gold_loss":0}],"is_beta":false,"boss_relics":[{"not_picked":["White Beast Statue","Calling Bell"],"picked":"Velvet Choker"},{"not_picked":["FrozenCore","Orrery"],"picked":"Empty Cage"}],"items_purged_floors":[12,21,37],"is_endless":false,"potions_floor_spawned":[4,10,13,14,19,22,24,30,35,38,39],"killed_by":"Giant Head","ascension_level":13}