{"gold_per_floor":[111,122,136,136,146,146,179,179,179,29,61,72,82,140,140,235,235,246,107,107,119,136,163,163,180,180,180,209,209,220,239,239,338,338,358,77,91,91,91,124,124,124,149,164,178,178,208,218,218,218,218,218,14,14],"floor_reached":54,"playtime":7264,"items_purged":["Strike_G","Strike_G","Defend_G","Defend_G"],"score":862,"play_id":"a997a622-e9f1-45a9-95eb-64512efc2994","local_time":"20190803082032","is_ascension_mode":true,"campfire_choices":[{"data":"Dagger Spray","floor":6.0,"key":"SMITH"},{"data":"Backstab","floor":8.0,"key":"SMITH"},{"data":"Blur","floor":15.0,"key":"SMITH"},{"floor":24.0,"key":"REST"},{"floor":27.0,"key":"REST"},{"floor":29.0,"key":"RECALL"},{"floor":32.0,"key":"REST"},{"floor":42.0,"key":"REST"},{"floor":49,"key":"REST"},{"floor":52,"key":"REST"}],"neow_cost":"NONE","seed_source_timestamp":0,"circlet_count":0,"master_deck":["Strike_G","Defend_G","Defend_G","Survivor","Neutralize","Dagger Spray+1","Backstab+1","Poisoned Stab","Footwork","Predator","Well Laid Plans","Cloak And Dagger","Blur+1","Envenom","Expertise","All Out Attack+1","PiercingWail+1","Dodge and Roll","Adrenaline+1","PiercingWail+1","Calculated Gamble","Bane+1","Acrobatics"],"special_seed":0,"relics":["Ring of the Snake","Mercury Hourglass","Gremlin Horn","Happy Flower","Mummified Hand","Tiny Chest","Fusion Hammer","Pear","Unceasing Top","Gambling Chip","Empty Cage","War Paint","Pen Nib","Potion Belt","Meat on the Bone"],"potions_floor_usage":[50,50,50],"damage_taken":[{"damage":0.0,"enemies":"Cultist","floor":1.0,"turns":4.0},{"damage":0.0,"enemies":"2 Louse","floor":2.0,"turns":2.0},{"damage":3.0,"enemies":"Small Slimes","floor":3.0,"turns":3.0},{"damage":0.0,"enemies":"3 Louse","floor":5.0,"turns":2.0},{"damage":6.0,"enemies":"3 Sentries","floor":7.0,"turns":5.0},{"damage":10.0,"enemies":"Lagavulin","floor":11.0,"turns":6.0},{"damage":3.0,"enemies":"Blue Slaver","floor":12.0,"turns":3.0},{"damage":0.0,"enemies":"2 Fungi Beasts","floor":13.0,"turns":1.0},{"damage":0.0,"enemies":"3 Sentries","floor":14.0,"turns":1.0},{"damage":13.0,"enemies":"The Guardian","floor":16.0,"turns":8.0},{"damage":24.0,"enemies":"Chosen","floor":18.0,"turns":5.0},{"damage":14.0,"enemies":"Shell Parasite","floor":21.0,"turns":4.0},{"damage":3.0,"enemies":"Shelled Parasite and Fungi","floor":22.0,"turns":4.0},{"damage":19.0,"enemies":"Slavers","floor":23.0,"turns":5.0},{"damage":14.0,"enemies":"Centurion and Healer","floor":25.0,"turns":5.0},{"damage":2.0,"enemies":"Book of Stabbing","floor":28.0,"turns":5.0},{"damage":8.0,"enemies":"Snake Plant","floor":30.0,"turns":3.0},{"damage":1.0,"enemies":"Cultist and Chosen","floor":31.0,"turns":6.0},{"damage":34.0,"enemies":"Collector","floor":33.0,"turns":9.0},{"damage":0.0,"enemies":"Orb Walker","floor":35.0,"turns":3.0},{"damage":0.0,"enemies":"3 Darklings","floor":37.0,"turns":3.0},{"damage":32.0,"enemies":"Nemesis","floor":40.0,"turns":9.0},{"damage":0,"enemies":"Jaw Worm Horde","floor":44,"turns":2},{"damage":10,"enemies":"Sphere and 2 Shapes","floor":45,"turns":6},{"damage":0,"enemies":"Reptomancer","floor":47,"turns":5},{"damage":0,"enemies":"4 Shapes","floor":48,"turns":2},{"damage":27,"enemies":"Awakened One","floor":50,"turns":17},{"damage":95,"enemies":"Shield and Spear","floor":54,"turns":9}],"seed_played":"-7560222203943651087","potions_obtained":[{"floor":1.0,"key":"FearPotion"},{"floor":2.0,"key":"PowerPotion"},{"floor":11.0,"key":"EssenceOfSteel"},{"floor":13.0,"key":"SteroidPotion"},{"floor":16.0,"key":"SteroidPotion"},{"floor":21.0,"key":"FearPotion"},{"floor":22.0,"key":"EntropicBrew"},{"floor":25.0,"key":"Swift Potion"},{"floor":31.0,"key":"SpeedPotion"},{"floor":40.0,"key":"FairyPotion"},{"floor":47,"key":"Block Potion"}],"is_trial":false,"path_per_floor":["M","M","M","T","M","R","E","R","T","$","E","M","M","E","R","B",null,"M","$","?","M","M","E","R","M","T","R","E","R","M","M","R","B",null,"M","$","M","?","?","E","T","R","T","M","M","?","E","M","R","B",null,"R","$","E"],"character_chosen":"THE_SILENT","items_purchased":["Predator","Expertise","War Paint","Acrobatics"],"campfire_rested":6,"item_purchase_floors":[10,19,36,53],"current_hp_per_floor":[70,70,67,67,67,67,61,61,61,61,51,48,48,48,48,35,70,46,46,69,55,52,43,67,53,53,77,75,75,67,66,80,46,80,80,80,80,80,80,48,48,72,72,72,62,62,62,62,80,68,80,80,80,0],"gold":14,"neow_bonus":"THREE_CARDS","is_prod":false,"is_daily":false,"chose_seed":false,"campfire_upgraded":3,"win_rate":0,"timestamp":1564838432,"path_taken":["M","M","M","?","M","R","E","R","T","$","E","M","M","E","R","BOSS","M","$","?","M","M","E","R","M","T","R","E","R","M","M","R","BOSS","M","$","M","?","?","E","?","R","T","M","M","?","E","?","R","BOSS","R","$","E"],"build_version":"2019-07-17","purchased_purges":4,"victory":false,"max_hp_per_floor":[70,70,70,70,70,70,70,70,70,70,70,70,70,70,70,70,70,70,70,70,70,70,80,80,80,80,80,80,80,80,80,80,80,80,80,80,80,80,80,80,80,80,80,80,80,80,80,80,80,80,80,80,80,80],"card_choices":[{"not_picked":["PiercingWail","Flying Knee"],"picked":"Dagger Spray","floor":0.0},{"not_picked":["Tactician","Blade Dance"],"picked":"Backstab","floor":1.0},{"not_picked":["Dagger Spray","Escape Plan"],"picked":"Poisoned Stab","floor":2.0},{"not_picked":["Dodge and Roll","Poisoned Stab","After Image"],"picked":"SKIP","floor":3.0},{"not_picked":["Choke","Outmaneuver"],"picked":"Footwork","floor":5.0},{"not_picked":["Accuracy","Choke","Acrobatics"],"picked":"SKIP","floor":7.0},{"not_picked":["Venomology","Riddle With Holes"],"picked":"Well Laid Plans","floor":11.0},{"not_picked":["Prepared","Slice"],"picked":"Cloak And Dagger","floor":12.0},{"not_picked":["Predator","Reflex","Footwork"],"picked":"SKIP","floor":13.0},{"not_picked":["Cloak And Dagger","Bullet Time"],"picked":"Blur","floor":14.0},{"not_picked":["Phantasmal Killer","Venomology"],"picked":"Envenom","floor":16.0},{"not_picked":["Quick Slash","Dagger Spray","Flying Knee"],"picked":"SKIP","floor":18.0},{"not_picked":["Accuracy","Cloak And Dagger"],"picked":"All Out Attack+1","floor":21.0},{"not_picked":["Concentrate","Eviscerate","Blade Dance+1"],"picked":"SKIP","floor":22.0},{"not_picked":["A Thousand Cuts","Bane+1"],"picked":"PiercingWail","floor":23.0},{"not_picked":["Deflect+1","Infinite Blades"],"picked":"Dodge and Roll","floor":25.0},{"not_picked":["Poisoned Stab","Expertise","Reflex"],"picked":"SKIP","floor":28.0},{"not_picked":["Eviscerate","Quick Slash+1","Prepared"],"picked":"SKIP","floor":30.0},{"not_picked":["Prepared","Slice","Well Laid Plans"],"picked":"SKIP","floor":31.0},{"not_picked":["Phantasmal Killer","Unload"],"picked":"Adrenaline","floor":33.0},{"not_picked":["Slice","Deflect"],"picked":"PiercingWail+1","floor":35.0},{"not_picked":["Deflect","Dagger Spray+1"],"picked":"Calculated Gamble","floor":37.0},{"not_picked":["Flechettes+1","Eviscerate+1"],"picked":"Bane+1","floor":40.0},{"not_picked":["Heel Hook+1","Dodge and Roll","Calculated Gamble"],"picked":"SKIP","floor":44},{"not_picked":["Dodge and Roll","Cloak And Dagger","Prepared"],"picked":"SKIP","floor":45},{"not_picked":["Underhanded Strike","Concentrate","Flying Knee"],"picked":"SKIP","floor":47},{"not_picked":["Dagger Throw+1","Quick Slash","Bullet Time"],"picked":"SKIP","floor":48}],"player_experience":343256,"relics_obtained":[{"floor":4.0,"key":"Mercury Hourglass"},{"floor":7.0,"key":"Gremlin Horn"},{"floor":9.0,"key":"Happy Flower"},{"floor":11.0,"key":"Mummified Hand"},{"floor":14.0,"key":"Tiny Chest"},{"floor":23.0,"key":"Pear"},{"floor":26.0,"key":"Unceasing Top"},{"floor":28.0,"key":"Gambling Chip"},{"floor":40.0,"key":"Pen Nib"},{"floor":41.0,"key":"Potion Belt"},{"floor":47,"key":"Meat on the Bone"}],"event_choices":[{"damage_healed":23.0,"max_hp_gain":0.0,"max_hp_loss":0.0,"gold_gain":0.0,"event_name":"The Library","player_choice":"Heal","floor":20.0,"gold_loss":0.0,"damage_taken":0.0},{"damage_healed":0.0,"max_hp_gain":0.0,"max_hp_loss":0.0,"gold_gain":0.0,"event_name":"SensoryStone","player_choice":"Memory 1","floor":38.0,"gold_loss":0.0,"damage_taken":0.0},{"cards_removed":["Strike_G"],"damage_healed":0.0,"max_hp_gain":0.0,"max_hp_loss":0.0,"gold_gain":0.0,"event_name":"Falling","player_choice":"Removed Attack","floor":39.0,"gold_loss":0.0,"damage_taken":0.0},{"damage_healed":0,"gold_gain":0,"player_choice":"0 cards matched","damage_taken":0,"max_hp_gain":0,"max_hp_loss":0,"event_name":"Match and Keep!","floor":46,"gold_loss":0,"cards_obtained":[]}],"is_beta":false,"boss_relics":[{"not_picked":["Coffee Dripper","Velvet Choker"],"picked":"Fusion Hammer"},{"not_picked":["Snecko Eye","Eternal Feather"],"picked":"Empty Cage"}],"items_purged_floors":[10,19,36,53],"is_endless":false,"potions_floor_spawned":[1,2,11,13,16,21,22,25,31,35,40,47],"killed_by":"Shield and Spear","ascension_level":2}