{"gold_per_floor":[109,122,139,151,151,181,191,210,210,210],"floor_reached":10,"playtime":344,"items_purged":[],"score":79,"play_id":"2370742d-caa6-49db-851f-e97c29a65c13","local_time":"20190712012936","is_ascension_mode":true,"campfire_choices":[],"neow_cost":"NONE","seed_source_timestamp":33936948566000,"circlet_count":0,"master_deck":["Strike_B","Strike_B","Strike_B","Strike_B","Defend_B","Defend_B","Defend_B","Defend_B","Zap","Dualcast","Loop","Defragment","Capacitor","Gash","Darkness","BootSequence","Coolheaded"],"relics":["Cracked Core","Bronze Scales","Ginger","Regal Pillow"],"potions_floor_usage":[],"damage_taken":[{"damage":1,"enemies":"Cultist","floor":1,"turns":3},{"damage":2,"enemies":"2 Louse","floor":2,"turns":2},{"damage":12,"enemies":"Small Slimes","floor":3,"turns":3},{"damage":7,"enemies":"Looter","floor":4,"turns":3},{"damage":34,"enemies":"3 Sentries","floor":6,"turns":8},{"damage":6,"enemies":"2 Fungi Beasts","floor":7,"turns":4},{"damage":2,"enemies":"3 Louse","floor":8,"turns":3},{"damage":22,"enemies":"Gremlin Nob","floor":10,"turns":3}],"seed_played":"-6330621691547056141","potions_obtained":[{"floor":1,"key":"FearPotion"},{"floor":3,"key":"SneckoOil"},{"floor":8,"key":"SteroidPotion"}],"is_trial":false,"path_per_floor":["M","M","M","M","?","E","M","M","T","E"],"character_chosen":"DEFECT","items_purchased":[],"campfire_rested":0,"item_purchase_floors":[],"current_hp_per_floor":[74,72,60,53,58,24,18,16,16,0],"gold":210,"neow_bonus":"RANDOM_COMMON_RELIC","is_prod":false,"is_daily":false,"chose_seed":false,"campfire_upgraded":0,"win_rate":0,"timestamp":1562909376,"path_taken":["M","M","?","?","?","E","M","M","T","E"],"build_version":"2019-07-05","purchased_purges":0,"victory":false,"max_hp_per_floor":[75,75,75,75,80,80,80,80,80,80],"card_choices":[{"not_picked":["Beam Cell","Reprogram"],"picked":"Loop","floor":1},{"not_picked":["Conserve Battery","Streamline"],"picked":"Defragment","floor":2},{"not_picked":["Turbo","Hologram"],"picked":"Capacitor","floor":3},{"not_picked":["Turbo","Melter"],"picked":"Gash","floor":4},{"not_picked":["Coolheaded","Steam"],"picked":"Darkness","floor":6},{"not_picked":["Chaos","Streamline"],"picked":"BootSequence","floor":7},{"not_picked":["Turbo","Sweeping Beam"],"picked":"Coolheaded","floor":8}],"player_experience":311614,"relics_obtained":[{"floor":6,"key":"Ginger"},{"floor":9,"key":"Regal Pillow"}],"event_choices":[{"damage_healed":0,"gold_gain":0,"player_choice":"Donut","damage_taken":0,"max_hp_gain":5,"max_hp_loss":0,"event_name":"Big Fish","floor":5,"gold_loss":0}],"is_beta":false,"boss_relics":[],"items_purged_floors":[],"is_endless":false,"potions_floor_spawned":[1,3,8],"killed_by":"Gremlin Nob","ascension_level":2}