{"gold_per_floor":[110,110,124,199,199,232,232,232,277,54,129,129,144,163,163,266,266,283,95,114,36,51,51,66,66,66,66,85,95,24,24],"floor_reached":31,"playtime":2884,"items_purged":["Strike_B"],"score":259,"play_id":"23fc7fc6-f012-4f0f-b6e7-15e3dde8b15a","local_time":"20190813204232","is_ascension_mode":true,"campfire_choices":[{"floor":8,"key":"REST"},{"floor":12,"key":"REST"},{"data":"White Noise","floor":15,"key":"SMITH"},{"floor":23,"key":"REST"},{"floor":25,"key":"REST"},{"floor":27,"key":"REST"}],"neow_cost":"NONE","seed_source_timestamp":204578210042238,"circlet_count":0,"master_deck":["Strike_B","Strike_B","Strike_B","Defend_B","Defend_B","Defend_B","Defend_B","Zap","Dualcast","Static Discharge","White Noise+1","Cold Snap","Heatsinks","Static Discharge","All For One","Go for the Eyes","Machine Learning","Cold Snap+1","Lockon","Heatsinks","Conserve Battery","White Noise","Gash","Ball Lightning","Steam+1","Go for the Eyes","Stack"],"relics":["Cracked Core","Pen Nib","Bottled Lightning","Ancient Tea Set","Cursed Key"],"potions_floor_usage":[6,6,22],"damage_taken":[{"damage":1,"enemies":"Cultist","floor":1,"turns":3},{"damage":1,"enemies":"2 Louse","floor":3,"turns":2},{"damage":17,"enemies":"Gremlin Nob","floor":6,"turns":5},{"damage":0,"enemies":"Small Slimes","floor":13,"turns":3},{"damage":9,"enemies":"Red Slaver","floor":14,"turns":4},{"damage":36,"enemies":"Slime Boss","floor":16,"turns":11},{"damage":35,"enemies":"Shell Parasite","floor":18,"turns":5},{"damage":15,"enemies":"Spheric Guardian","floor":20,"turns":4},{"damage":8,"enemies":"3 Cultists","floor":22,"turns":4},{"damage":27,"enemies":"Snecko","floor":24,"turns":6},{"damage":29,"enemies":"Shelled Parasite and Fungi","floor":28,"turns":3},{"damage":23,"enemies":"Cultist and Chosen","floor":29,"turns":5},{"damage":4,"enemies":"Chosen and Byrds","floor":31,"turns":3}],"seed_played":"-2119776878541735104","potions_obtained":[{"floor":1,"key":"Block Potion"},{"floor":3,"key":"SteroidPotion"},{"floor":20,"key":"Block Potion"}],"is_trial":false,"path_per_floor":["M","?","M","?","?","E","$","R","T","$","?","R","M","M","R","B",null,"M","$","M","$","M","R","M","R","T","R","M","M","$","M"],"character_chosen":"DEFECT","items_purchased":["Static Discharge","All For One","Lockon","Heatsinks","White Noise","Go for the Eyes","Stack"],"campfire_rested":5,"item_purchase_floors":[10,10,19,19,21,30,30],"current_hp_per_floor":[74,74,73,62,44,27,27,49,49,49,42,64,64,55,55,19,75,40,40,25,25,17,39,12,34,34,56,27,4,4,0],"gold":24,"neow_bonus":"THREE_CARDS","is_prod":false,"is_daily":false,"chose_seed":false,"campfire_upgraded":1,"win_rate":0,"timestamp":1565725352,"path_taken":["M","?","M","?","?","E","$","R","T","$","?","R","?","M","R","BOSS","M","$","M","$","M","R","?","R","T","R","M","M","?","M"],"build_version":"2019-07-17","purchased_purges":1,"victory":false,"max_hp_per_floor":[75,75,75,75,75,75,75,75,75,75,75,75,75,75,75,75,75,75,75,75,75,75,75,75,75,75,75,75,75,75,75],"card_choices":[{"not_picked":["Aggregate","Beam Cell"],"picked":"Static Discharge","floor":0},{"not_picked":["Recycle","Aggregate"],"picked":"White Noise","floor":1},{"not_picked":["Beam Cell","Redo"],"picked":"Cold Snap","floor":3},{"not_picked":["Heatsinks","Barrage","Beam Cell"],"picked":"SKIP","floor":6},{"not_picked":["Barrage","Beam Cell"],"picked":"Heatsinks","floor":6},{"not_picked":["Reinforced Body","Recycle"],"picked":"Go for the Eyes","floor":13},{"not_picked":["Compile Driver","Recycle","Darkness"],"picked":"SKIP","floor":14},{"not_picked":["Echo Form","Multi-Cast"],"picked":"Machine Learning","floor":16},{"not_picked":["Double Energy","Steam+1"],"picked":"Cold Snap+1","floor":18},{"not_picked":["Streamline+1","Steam Power"],"picked":"Conserve Battery","floor":20},{"not_picked":["Conserve Battery","Streamline","Steam"],"picked":"SKIP","floor":22},{"not_picked":["Conserve Battery","Storm"],"picked":"Gash","floor":24},{"not_picked":["Fusion+1","Hologram"],"picked":"Ball Lightning","floor":28},{"not_picked":["Compile Driver","Barrage"],"picked":"Steam+1","floor":29}],"player_experience":316809,"relics_obtained":[{"floor":6,"key":"Bottled Lightning"},{"floor":9,"key":"Ancient Tea Set"}],"event_choices":[{"damage_healed":0,"gold_gain":0,"player_choice":"Ignored","damage_taken":0,"max_hp_gain":0,"max_hp_loss":0,"event_name":"Liars Game","floor":2,"gold_loss":0},{"damage_healed":0,"gold_gain":75,"player_choice":"Gather Gold","damage_taken":11,"max_hp_gain":0,"max_hp_loss":0,"event_name":"World of Goop","floor":4,"gold_loss":0},{"damage_healed":0,"gold_gain":0,"player_choice":"Success","damage_taken":18,"relics_obtained":["Pen Nib"],"max_hp_gain":0,"max_hp_loss":0,"event_name":"Scrap Ooze","floor":5,"gold_loss":0},{"damage_healed":0,"gold_gain":75,"player_choice":"Touch","damage_taken":7,"max_hp_gain":0,"max_hp_loss":0,"event_name":"FaceTrader","floor":11,"gold_loss":0}],"is_beta":false,"boss_relics":[{"not_picked":["Inserter","Tiny House"],"picked":"Cursed Key"}],"items_purged_floors":[19],"is_endless":false,"potions_floor_spawned":[1,3,20],"killed_by":"Chosen and Byrds","ascension_level":2}