{"gold_per_floor":[115,64,64,79,79,79,98,129,154,216,17,28,88,117,117,117],"floor_reached":16,"playtime":806,"items_purged":[],"score":130,"play_id":"e2375f9f-868d-4c41-a9ec-c720acfb35ce","local_time":"20190719153838","is_ascension_mode":true,"campfire_choices":[{"data":"Prepared","floor":6,"key":"SMITH"},{"floor":15,"key":"REST"}],"neow_cost":"NONE","seed_source_timestamp":242019124810200,"circlet_count":0,"master_deck":["Strike_G","Strike_G","Strike_G","Strike_G","Strike_G","Defend_G","Defend_G","Defend_G","Defend_G","Defend_G","Survivor","Neutralize+1","Masterful Stab+1","Backflip","Prepared+1","Dagger Spray","Flying Knee","Malaise","All Out Attack","Backstab","Backflip","Leg Sweep"],"relics":["Ring of the Snake","Bag of Preparation","Orichalcum","Potion Belt","Art of War","Gambling Chip"],"potions_floor_usage":[1,13],"damage_taken":[{"damage":6,"enemies":"Small Slimes","floor":1,"turns":4},{"damage":0,"enemies":"2 Louse","floor":4,"turns":2},{"damage":0,"enemies":"Jaw Worm","floor":7,"turns":3},{"damage":17,"enemies":"Gremlin Nob","floor":8,"turns":4},{"damage":0,"enemies":"Blue Slaver","floor":12,"turns":3},{"damage":31,"enemies":"Lagavulin Event","floor":13,"turns":7},{"damage":14,"enemies":"Lagavulin","floor":14,"turns":8},{"damage":30,"enemies":"Hexaghost","floor":16,"turns":18}],"seed_played":"-117055613432044774","potions_obtained":[{"floor":1,"key":"Fruit Juice"},{"floor":7,"key":"Poison Potion"}],"is_trial":false,"path_per_floor":["M","$","?","M","?","R","M","E","T","?","$","M","?","E","R","B"],"character_chosen":"THE_SILENT","items_purchased":["Backflip","Malaise","All Out Attack"],"campfire_rested":1,"item_purchase_floors":[2,11,11],"current_hp_per_floor":[69,69,66,66,66,66,66,49,49,49,49,49,18,4,26,0],"gold":117,"neow_bonus":"UPGRADE_CARD","is_prod":false,"is_daily":false,"chose_seed":false,"campfire_upgraded":1,"win_rate":0,"timestamp":1563565118,"path_taken":["M","$","?","M","?","R","M","E","T","?","$","M","?","E","R","BOSS"],"build_version":"2019-07-17","purchased_purges":0,"victory":false,"max_hp_per_floor":[75,75,75,75,75,75,75,75,75,75,75,75,75,75,75,75],"card_choices":[{"not_picked":["Flying Knee","Expertise"],"picked":"Masterful Stab","floor":1},{"not_picked":["Eviscerate","Escape Plan"],"picked":"Prepared","floor":4},{"not_picked":["Cloak And Dagger","Dagger Throw"],"picked":"Dagger Spray","floor":7},{"not_picked":["Blade Dance","Deadly Poison"],"picked":"Flying Knee","floor":8},{"not_picked":["Quick Slash","Blur"],"picked":"Backstab","floor":12},{"not_picked":["Choke","Blade Dance"],"picked":"Backflip","floor":13},{"not_picked":["Quick Slash","Calculated Gamble"],"picked":"Leg Sweep","floor":14}],"player_experience":422867,"relics_obtained":[{"floor":8,"key":"Orichalcum"},{"floor":9,"key":"Potion Belt"},{"floor":13,"key":"Art of War"},{"floor":14,"key":"Gambling Chip"}],"event_choices":[{"damage_healed":0,"gold_gain":0,"player_choice":"Success","damage_taken":3,"relics_obtained":["Bag of Preparation"],"max_hp_gain":0,"max_hp_loss":0,"event_name":"Scrap Ooze","floor":3,"gold_loss":0},{"damage_healed":0,"gold_gain":0,"player_choice":"Grow","damage_taken":0,"max_hp_gain":0,"max_hp_loss":0,"event_name":"Living Wall","floor":5,"gold_loss":0,"cards_upgraded":["Masterful Stab"]},{"damage_healed":0,"gold_gain":62,"player_choice":"Gained Gold","damage_taken":0,"max_hp_gain":0,"max_hp_loss":0,"event_name":"Golden Wing","floor":10,"gold_loss":0},{"damage_healed":0,"gold_gain":0,"player_choice":"Searched \u00271\u0027 times","damage_taken":0,"max_hp_gain":0,"max_hp_loss":0,"event_name":"Dead Adventurer","floor":13,"gold_loss":0}],"is_beta":false,"boss_relics":[],"items_purged_floors":[],"is_endless":false,"potions_floor_spawned":[1,7],"killed_by":"Hexaghost","ascension_level":4}