{"gold_per_floor":[117,14,14,32,45,45,71,87,159,10,10,10,82,82,82,186,186,199,181,106,28,42,42,42],"floor_reached":24,"playtime":1211,"items_purged":["Strike_G"],"score":213,"play_id":"3bf202b1-311b-4641-b082-82bf3a8e43ae","local_time":"20181021004402","is_ascension_mode":true,"campfire_choices":[{"data":"Well Laid Plans","floor":6,"key":"SMITH"},{"data":"Caltrops","floor":11,"key":"SMITH"},{"data":"Terror","floor":15,"key":"SMITH"},{"floor":23,"key":"REST"}],"neow_cost":"NONE","seed_source_timestamp":3376901550845,"circlet_count":0,"master_deck":["Defend_G","Defend_G","Defend_G","Defend_G","Defend_G","Strike_G","Strike_G","Survivor","Neutralize","Flying Knee","Well Laid Plans+1","Backstab","Terror+1","Flying Knee","Caltrops+1","Glass Knife","PiercingWail","Predator","Finisher","Flying Knee+1","A Thousand Cuts","Footwork","All Out Attack"],"relics":["Ring of the Snake","Ancient Tea Set","Bird Faced Urn","Dodecahedron","Orrery"],"potions_floor_usage":[7,24],"damage_taken":[{"damage":4,"enemies":"Small Slimes","floor":1,"turns":5},{"damage":0,"enemies":"Cultist","floor":4,"turns":3},{"damage":0,"enemies":"2 Louse","floor":5,"turns":1},{"damage":6,"enemies":"Lagavulin","floor":7,"turns":7},{"damage":0,"enemies":"Exordium Wildlife","floor":8,"turns":3},{"damage":11,"enemies":"Hexaghost","floor":16,"turns":11},{"damage":8,"enemies":"Chosen","floor":18,"turns":3},{"damage":24,"enemies":"2 Thieves","floor":19,"turns":4},{"damage":51,"enemies":"Shelled Parasite and Fungi","floor":22,"turns":9},{"damage":33,"enemies":"Book of Stabbing","floor":24,"turns":5}],"seed_played":"6575484682999234938","potions_obtained":[{"floor":5,"key":"PowerPotion"},{"floor":16,"key":"FairyPotion"},{"floor":22,"key":"FearPotion"}],"is_trial":false,"path_per_floor":["M","$","?","M","M","R","E","M","T","$","R","$","?","$","R","B",null,"M","M","?","$","M","R"],"character_chosen":"THE_SILENT","items_purchased":["Well Laid Plans","Backstab","Caltrops","Footwork"],"campfire_rested":1,"item_purchase_floors":[2,2,10,21],"current_hp_per_floor":[66,66,66,66,66,66,60,62,62,62,62,62,62,62,62,55,70,64,44,44,44,1,22,7],"gold":42,"neow_bonus":"RANDOM_COMMON_RELIC","is_prod":false,"is_daily":false,"chose_seed":false,"campfire_upgraded":3,"win_rate":0,"timestamp":1540079042,"path_taken":["M","$","?","M","M","R","E","?","T","$","R","?","?","$","R","BOSS","M","M","?","$","?","R","E"],"build_version":"2018-10-18","purchased_purges":1,"victory":false,"max_hp_per_floor":[70,70,70,70,70,70,70,70,70,70,70,70,70,70,70,70,70,70,70,70,70,70,70,70],"card_choices":[{"not_picked":["Sucker Punch","Acrobatics"],"picked":"Flying Knee","floor":1},{"not_picked":["Accuracy","Bane"],"picked":"Terror","floor":4},{"not_picked":["Bane","Accuracy","Terror"],"picked":"SKIP","floor":5},{"not_picked":["Riddle With Holes","Prepared","Underhanded Strike"],"picked":"SKIP","floor":7},{"not_picked":["Dodge and Roll","Phantasmal Killer"],"picked":"Flying Knee","floor":8},{"not_picked":["Unload","Storm of Steel"],"picked":"Glass Knife","floor":16},{"not_picked":["Dodge and Roll","Backflip"],"picked":"PiercingWail","floor":17},{"not_picked":["Well Laid Plans","Skewer"],"picked":"Predator","floor":17},{"not_picked":["Terror","Deflect"],"picked":"Finisher","floor":17},{"not_picked":["Cloak And Dagger+1","Bane"],"picked":"Flying Knee+1","floor":18},{"not_picked":["Catalyst","Distraction+1"],"picked":"A Thousand Cuts","floor":19},{"not_picked":["Blade Dance","Expertise+1"],"picked":"All Out Attack","floor":22}],"player_experience":187775,"relics_obtained":[{"floor":7,"key":"Bird Faced Urn"},{"floor":9,"key":"Dodecahedron"}],"event_choices":[{"cards_removed":["Strike_G"],"damage_healed":0,"gold_gain":0,"player_choice":"Purged","damage_taken":0,"max_hp_gain":0,"max_hp_loss":0,"event_name":"Purifier","floor":3,"gold_loss":0},{"damage_healed":0,"gold_gain":72,"player_choice":"Gained Gold","damage_taken":0,"max_hp_gain":0,"max_hp_loss":0,"event_name":"Golden Wing","floor":13,"gold_loss":0},{"cards_removed":["Strike_G"],"damage_healed":0,"gold_gain":0,"player_choice":"Gave Gold","damage_taken":0,"max_hp_gain":0,"max_hp_loss":0,"event_name":"Beggar","floor":20,"gold_loss":75}],"is_beta":false,"boss_relics":[{"not_picked":["Tiny House","Black Star"],"picked":"Orrery"}],"items_purged_floors":[10],"is_endless":false,"potions_floor_spawned":[5,16,22],"killed_by":"Book of Stabbing","ascension_level":2}