{"gold_per_floor":[112,187,137,154,329,360,360,360,360,374,398,398,246,261,261,261],"floor_reached":16,"playtime":794,"items_purged":["Regret"],"score":98,"play_id":"98144478-2069-46b6-8603-045b7dec317c","local_time":"20190807204458","is_ascension_mode":false,"campfire_choices":[{"floor":8,"key":"REST"},{"floor":15,"key":"REST"}],"neow_cost":"NONE","seed_source_timestamp":445731044677440,"circlet_count":0,"master_deck":["Strike_G","Strike_G","Strike_G","Strike_G","Defend_G","Defend_G","Defend_G","Defend_G","Defend_G","Survivor","Neutralize","Sucker Punch","Dagger Spray","Flying Knee","Bouncing Flask","Footwork","Doppelganger"],"relics":["Ring of the Snake","Gremlin Horn","Kunai","Oddly Smooth Stone","PreservedInsect"],"potions_floor_usage":[6,16],"damage_taken":[{"damage":2,"enemies":"Jaw Worm","floor":1,"turns":7},{"damage":0,"enemies":"2 Louse","floor":4,"turns":3},{"damage":42,"enemies":"Lagavulin","floor":6,"turns":14},{"damage":2,"enemies":"Small Slimes","floor":10,"turns":3},{"damage":4,"enemies":"Exordium Wildlife","floor":14,"turns":6},{"damage":57,"enemies":"Slime Boss","floor":16,"turns":13}],"seed_played":"-601625963963593936","potions_obtained":[{"floor":1,"key":"AttackPotion"},{"floor":14,"key":"Dexterity Potion"}],"is_trial":false,"path_per_floor":["M","?","?","M","?","E","?","R","T","M","T","?","$","M","R","B"],"character_chosen":"THE_SILENT","items_purchased":["Footwork"],"campfire_rested":2,"item_purchase_floors":[13],"current_hp_per_floor":[75,64,64,64,64,22,15,38,38,36,36,36,36,32,55,0],"gold":261,"neow_bonus":"TEN_PERCENT_HP_BONUS","is_prod":false,"is_daily":false,"chose_seed":false,"campfire_upgraded":0,"win_rate":0.0,"timestamp":1565203498,"path_taken":["M","?","?","M","?","E","?","R","T","M","?","?","$","M","R","BOSS"],"build_version":"2019-07-17","purchased_purges":1,"victory":false,"max_hp_per_floor":[77,77,77,77,77,77,77,77,77,77,77,77,77,77,77,77],"card_choices":[{"not_picked":["Caltrops","Tactician"],"picked":"Sucker Punch","floor":1},{"not_picked":["Underhanded Strike","Slice"],"picked":"Dagger Spray","floor":4},{"not_picked":["Prepared","Dagger Throw"],"picked":"Flying Knee","floor":6},{"not_picked":["Slice","Quick Slash"],"picked":"Bouncing Flask","floor":10},{"not_picked":["Acrobatics","Blade Dance"],"picked":"Doppelganger","floor":14}],"player_experience":33968,"relics_obtained":[{"floor":6,"key":"Gremlin Horn"},{"floor":9,"key":"Kunai"},{"floor":11,"key":"Oddly Smooth Stone"}],"event_choices":[{"damage_healed":0,"gold_gain":75,"player_choice":"Gather Gold","damage_taken":11,"max_hp_gain":0,"max_hp_loss":0,"event_name":"World of Goop","floor":2,"gold_loss":0},{"cards_removed":["Strike_G"],"damage_healed":0,"gold_gain":0,"player_choice":"Card Removal","damage_taken":0,"max_hp_gain":0,"max_hp_loss":0,"event_name":"The Cleric","floor":3,"gold_loss":50},{"damage_healed":0,"gold_gain":175,"player_choice":"AGREE","damage_taken":0,"max_hp_gain":0,"max_hp_loss":0,"event_name":"Liars Game","floor":5,"gold_loss":0,"cards_obtained":["Doubt"]},{"cards_removed":["Doubt"],"damage_healed":0,"gold_gain":0,"player_choice":"Card Removal","damage_taken":7,"max_hp_gain":0,"max_hp_loss":0,"event_name":"Golden Wing","floor":7,"gold_loss":0},{"damage_healed":0,"gold_gain":0,"player_choice":"Box","damage_taken":0,"relics_obtained":["PreservedInsect"],"max_hp_gain":0,"max_hp_loss":0,"event_name":"Big Fish","floor":12,"gold_loss":0,"cards_obtained":["Regret"]}],"is_beta":false,"boss_relics":[],"items_purged_floors":[13],"is_endless":false,"potions_floor_spawned":[1,14],"killed_by":"Slime Boss","ascension_level":0}