{"gold_per_floor":[117,117,117,80,99,128,128,160,160,191,215,246,258,281,293,405,417,442,0,12,41,64,76,88],"floor_reached":24,"playtime":5015,"items_purged":[],"score":277,"play_id":"8f9d23ae-8bdf-4c9a-a36b-a3c95a5c325a","local_time":"20181128220245","is_ascension_mode":true,"campfire_choices":[{"data":"Well Laid Plans","floor":7,"key":"SMITH"},{"floor":13,"key":"REST"},{"floor":15,"key":"REST"},{"floor":23,"key":"REST"}],"neow_cost":"NONE","seed_source_timestamp":13975758319565,"circlet_count":0,"master_deck":["Defend_G","Defend_G","Defend_G","Defend_G","Defend_G","Strike_G","Strike_G","Strike_G","Strike_G","Survivor","Neutralize","Well Laid Plans+1","Cloak And Dagger","Sucker Punch","Noxious Fumes","PiercingWail","Poisoned Stab","Cloak And Dagger","Dagger Spray","Malaise","Deadly Poison","All Out Attack","Catalyst","Envenom","Slice","Poisoned Stab","Noxious Fumes","Caltrops"],"relics":["Ring of the Snake","NeowsBlessing","Tough Bandages","Bottled Flame","Dodecahedron","MawBank","Orrery"],"potions_floor_usage":[8,11,12,14,21,24],"damage_taken":[{"damage":0,"enemies":"Cultist","floor":1,"turns":1},{"damage":0,"enemies":"2 Louse","floor":5,"turns":1},{"damage":0,"enemies":"Gremlin Nob","floor":6,"turns":1},{"damage":21,"enemies":"Lagavulin","floor":8,"turns":9},{"damage":35,"enemies":"Gremlin Nob","floor":10,"turns":6},{"damage":3,"enemies":"Jaw Worm","floor":11,"turns":4},{"damage":8,"enemies":"Exordium Thugs","floor":12,"turns":7},{"damage":0,"enemies":"Looter","floor":14,"turns":4},{"damage":42,"enemies":"Slime Boss","floor":16,"turns":14},{"damage":41,"enemies":"Spheric Guardian","floor":18,"turns":8},{"damage":10,"enemies":"3 Byrds","floor":21,"turns":4},{"damage":9,"enemies":"Snake Plant","floor":22,"turns":6},{"damage":28,"enemies":"3 Cultists","floor":24,"turns":4}],"seed_played":"-1781592276284715802","potions_obtained":[{"floor":1,"key":"Fruit Juice"},{"floor":6,"key":"PowerPotion"},{"floor":8,"key":"SkillPotion"},{"floor":10,"key":"PowerPotion"},{"floor":12,"key":"EssenceOfSteel"},{"floor":18,"key":"Explosive Potion"},{"floor":22,"key":"Poison Potion"}],"is_trial":false,"path_per_floor":["M","?","$","$","M","E","R","E","T","E","M","M","R","M","R","B",null,"M","?","?","M","M","R","M"],"character_chosen":"THE_SILENT","items_purchased":["Well Laid Plans"],"campfire_rested":3,"item_purchase_floors":[4],"current_hp_per_floor":[70,70,70,70,70,70,70,49,49,14,11,3,24,24,45,3,70,29,29,29,19,10,31,8],"gold":88,"neow_bonus":"THREE_ENEMY_KILL","is_prod":false,"is_daily":false,"chose_seed":false,"campfire_upgraded":1,"win_rate":0,"timestamp":1543442565,"path_taken":["M","?","?","$","M","E","R","E","T","E","M","M","R","?","R","BOSS","M","?","?","?","M","R","M"],"build_version":"2018-11-15","purchased_purges":0,"victory":false,"max_hp_per_floor":[70,70,70,70,70,70,70,70,70,70,70,70,70,70,70,70,70,70,70,70,70,70,70,75],"card_choices":[{"not_picked":["Reflex","Outmaneuver","Concentrate"],"picked":"SKIP","floor":1},{"not_picked":["PiercingWail","Backflip"],"picked":"Cloak And Dagger","floor":5},{"not_picked":["Deadly Poison","Dodge and Roll"],"picked":"Sucker Punch","floor":6},{"not_picked":["Malaise","Well Laid Plans"],"picked":"Noxious Fumes","floor":8},{"not_picked":["Deadly Poison","Outmaneuver"],"picked":"PiercingWail","floor":10},{"not_picked":["Dodge and Roll","Prepared"],"picked":"Poisoned Stab","floor":11},{"not_picked":["Blade Dance","Escape Plan"],"picked":"Cloak And Dagger","floor":12},{"not_picked":["Underhanded Strike","Skewer"],"picked":"Dagger Spray","floor":14},{"not_picked":["Unload","Envenom"],"picked":"Malaise","floor":16},{"not_picked":["Outmaneuver","Acrobatics"],"picked":"Deadly Poison","floor":17},{"not_picked":["PiercingWail","Flying Knee"],"picked":"All Out Attack","floor":17},{"not_picked":["Underhanded Strike","PiercingWail"],"picked":"Catalyst","floor":17},{"not_picked":["Blade Dance","Prepared"],"picked":"Envenom","floor":17},{"not_picked":["Setup","Outmaneuver"],"picked":"Slice","floor":17},{"not_picked":["Crippling Poison","Outmaneuver"],"picked":"Poisoned Stab","floor":18},{"not_picked":["Bane","Prepared"],"picked":"Caltrops","floor":21},{"not_picked":["Prepared","Quick Slash","Reflex+1"],"picked":"SKIP","floor":22}],"player_experience":207861,"relics_obtained":[{"floor":6,"key":"Tough Bandages"},{"floor":8,"key":"Bottled Flame"},{"floor":9,"key":"Dodecahedron"},{"floor":10,"key":"MawBank"}],"event_choices":[{"cards_removed":["Strike_G"],"damage_healed":0,"gold_gain":0,"player_choice":"Offered Basic","damage_taken":0,"max_hp_gain":0,"max_hp_loss":0,"event_name":"Bonfire Elementals","floor":2,"gold_loss":0},{"damage_healed":0,"gold_gain":0,"player_choice":"Paid Fearfully","damage_taken":0,"max_hp_gain":0,"max_hp_loss":0,"event_name":"Masked Bandits","floor":19,"gold_loss":454},{"damage_healed":0,"gold_gain":0,"player_choice":"Copied","damage_taken":0,"max_hp_gain":0,"max_hp_loss":0,"event_name":"Duplicator","floor":20,"gold_loss":0,"cards_obtained":["Noxious Fumes"]}],"is_beta":false,"boss_relics":[{"not_picked":["Runic Dome","Pandora\u0027s Box"],"picked":"Orrery"}],"items_purged_floors":[],"is_endless":false,"potions_floor_spawned":[1,6,8,10,12,18,22],"killed_by":"3 Cultists","ascension_level":3}