{"gold_per_floor":[16,16,41,54,54,54,89,112,136,154,174,29,47,47],"floor_reached":14,"playtime":410,"items_purged":["Strike_B"],"score":155,"play_id":"744e4b0f-3632-475d-a69d-78d864a893b8","local_time":"20190807010614","is_ascension_mode":true,"campfire_choices":[{"data":"Zap","floor":6,"key":"SMITH"}],"neow_cost":"NO_GOLD","seed_source_timestamp":177393098943300,"circlet_count":0,"master_deck":["AscendersBane","Strike_B","Defend_B","Defend_B","Defend_B","Defend_B","Zap+1","Dualcast","Self Repair","Undo","Gash","Doom and Gloom","Coolheaded","Coolheaded","Stack","Capacitor"],"relics":["Cracked Core","Golden Idol","Ancient Tea Set","Lantern"],"potions_floor_usage":[7,13,14],"damage_taken":[{"damage":4,"enemies":"2 Louse","floor":1,"turns":3},{"damage":1,"enemies":"Cultist","floor":3,"turns":4},{"damage":0,"enemies":"Jaw Worm","floor":4,"turns":5},{"damage":57,"enemies":"Gremlin Nob","floor":7,"turns":5},{"damage":11,"enemies":"2 Fungi Beasts","floor":8,"turns":4},{"damage":10,"enemies":"Red Slaver","floor":10,"turns":4},{"damage":3,"enemies":"3 Louse","floor":11,"turns":2},{"damage":0,"enemies":"Lots of Slimes","floor":13,"turns":2},{"damage":5,"enemies":"Large Slime","floor":14,"turns":1}],"seed_played":"6417591684959861825","potions_obtained":[{"floor":1,"key":"Block Potion"},{"floor":4,"key":"FocusPotion"},{"floor":7,"key":"SpeedPotion"},{"floor":13,"key":"PowerPotion"}],"is_trial":false,"path_per_floor":["M","?","M","M","?","R","E","M","T","M","M","$","M","M"],"character_chosen":"DEFECT","items_purchased":["Capacitor"],"campfire_rested":0,"item_purchase_floors":[12],"current_hp_per_floor":[64,64,69,69,69,69,19,15,15,5,2,2,2,0],"gold":47,"neow_bonus":"REMOVE_TWO","is_prod":false,"is_daily":false,"chose_seed":false,"campfire_upgraded":1,"win_rate":0,"timestamp":1565154374,"path_taken":["M","?","M","M","?","R","E","?","T","M","M","?","?","M"],"build_version":"2019-07-17","purchased_purges":1,"victory":false,"max_hp_per_floor":[75,69,69,69,69,69,69,69,69,69,69,69,69,69],"card_choices":[{"not_picked":["Storm","Stack"],"picked":"Self Repair","floor":1},{"not_picked":["Beam Cell","Streamline"],"picked":"Undo","floor":3},{"not_picked":["Streamline","Meteor Strike"],"picked":"Gash","floor":4},{"not_picked":["Storm","Cold Snap"],"picked":"Doom and Gloom","floor":7},{"not_picked":["Go for the Eyes","Steam"],"picked":"Coolheaded","floor":8},{"not_picked":["Barrage","Fusion"],"picked":"Coolheaded","floor":10},{"not_picked":["Self Repair","Compile Driver"],"picked":"Stack","floor":11},{"not_picked":["Steam","Compile Driver","Turbo"],"picked":"SKIP","floor":13}],"player_experience":666323,"relics_obtained":[{"floor":7,"key":"Ancient Tea Set"},{"floor":9,"key":"Lantern"}],"event_choices":[{"damage_healed":0,"gold_gain":0,"player_choice":"Lose Max HP","damage_taken":0,"relics_obtained":["Golden Idol"],"max_hp_gain":0,"max_hp_loss":6,"event_name":"Golden Idol","floor":2,"gold_loss":0},{"damage_healed":0,"gold_gain":0,"player_choice":"0 cards matched","damage_taken":0,"max_hp_gain":0,"max_hp_loss":0,"event_name":"Match and Keep!","floor":5,"gold_loss":0,"cards_obtained":[]}],"is_beta":false,"boss_relics":[],"items_purged_floors":[12],"is_endless":false,"potions_floor_spawned":[1,4,7,10,13],"killed_by":"Large Slime","ascension_level":13}