{"gold_per_floor":[116,66,66,66,66,91,20,39,112,123,123,155,155,169,169,270,270,280,195,85,10,10,45,45,45,45,59,93,93,93],"floor_reached":30,"playtime":1055,"items_purged":[],"score":359,"play_id":"a0e17f0f-1052-4cce-bc81-e31517c9e296","local_time":"20190715121336","is_ascension_mode":true,"campfire_choices":[{"data":"Inflame","floor":11,"key":"SMITH"},{"data":"Heavy Blade","floor":15,"key":"SMITH"},{"data":"Combust","floor":25,"key":"SMITH"}],"neow_cost":"NONE","seed_source_timestamp":225420401548300,"circlet_count":0,"master_deck":["Strike_R+1","Strike_R+1","Strike_R","Defend_R+1","Defend_R","Defend_R","Defend_R","Bash","Headbutt","Shrug It Off+1","Inflame+1","Anger","Disarm","Heavy Blade+1","Juggernaut","Berserk","Warcry","Inflame","Uppercut","Combust+1","Armaments","Inflame+1"],"relics":["Black Blood","NeowsBlessing","Vajra","Mummified Hand","Blue Candle","War Paint","Singing Bowl","Pocketwatch","Frozen Egg 2","Mango","Meat on the Bone"],"potions_floor_usage":[16,23,28],"damage_taken":[{"damage":0,"enemies":"Jaw Worm","floor":1,"turns":1},{"damage":0,"enemies":"2 Louse","floor":3,"turns":1},{"damage":0,"enemies":"Lagavulin","floor":6,"turns":1},{"damage":6,"enemies":"Cultist","floor":8,"turns":3},{"damage":9,"enemies":"Exordium Wildlife","floor":10,"turns":5},{"damage":27,"enemies":"3 Sentries","floor":12,"turns":6},{"damage":0,"enemies":"Blue Slaver","floor":14,"turns":2},{"damage":16,"enemies":"Slime Boss","floor":16,"turns":9},{"damage":34,"enemies":"Shell Parasite","floor":18,"turns":4},{"damage":40,"enemies":"Gremlin Leader","floor":23,"turns":7},{"damage":11,"enemies":"Spheric Guardian","floor":27,"turns":3},{"damage":42,"enemies":"Slavers","floor":28,"turns":4},{"damage":28,"enemies":"Gremlin Leader","floor":30,"turns":5}],"seed_played":"2398888336591844215","potions_obtained":[{"floor":12,"key":"SpeedPotion"},{"floor":14,"key":"Dexterity Potion"},{"floor":16,"key":"BloodPotion"},{"floor":18,"key":"FearPotion"}],"is_trial":false,"path_per_floor":["M","?","M","$","?","E","$","M","T","M","R","E","?","M","R","B",null,"M","?","$","?","$","E","$","R","T","M","E","T","E"],"character_chosen":"IRONCLAD","items_purchased":["Inflame","Inflame","Uppercut"],"campfire_rested":0,"item_purchase_floors":[7,20,20],"current_hp_per_floor":[80,80,80,80,64,70,70,70,70,67,67,46,46,52,52,42,80,56,56,56,56,56,46,46,46,46,45,27,27,0],"gold":93,"neow_bonus":"THREE_ENEMY_KILL","is_prod":false,"is_daily":false,"chose_seed":false,"campfire_upgraded":3,"win_rate":0,"timestamp":1563207216,"path_taken":["M","?","M","$","?","E","?","M","T","M","R","E","?","M","R","BOSS","M","?","$","?","?","E","?","R","T","M","E","?","E"],"build_version":"2019-07-05","purchased_purges":0,"victory":false,"max_hp_per_floor":[80,80,80,80,80,80,80,80,80,80,80,80,80,80,80,80,80,80,80,80,80,80,80,80,80,80,80,94,94,94],"card_choices":[{"not_picked":["Iron Wave","Heavy Blade"],"picked":"Headbutt","floor":1},{"not_picked":["Flex","Shrug It Off","Cleave"],"picked":"SKIP","floor":3},{"not_picked":["Wild Strike","Clothesline"],"picked":"Shrug It Off","floor":6},{"not_picked":["Perfected Strike","Clothesline"],"picked":"Anger","floor":8},{"not_picked":["Carnage","Rampage"],"picked":"Disarm","floor":10},{"not_picked":["Anger","Disarm"],"picked":"Heavy Blade","floor":12},{"not_picked":["Thunderclap","Clothesline"],"picked":"Juggernaut","floor":14},{"not_picked":["Impervious","Double Tap"],"picked":"Berserk","floor":16},{"not_picked":["Pommel Strike","Power Through"],"picked":"Warcry","floor":18},{"not_picked":["Uppercut","Shrug It Off"],"picked":"Combust","floor":23},{"not_picked":["Evolve+1","Perfected Strike+1"],"picked":"Armaments","floor":27},{"not_picked":["Heavy Blade","Whirlwind+1"],"picked":"Inflame+1","floor":28}],"player_experience":349866,"relics_obtained":[{"floor":6,"key":"Vajra"},{"floor":9,"key":"Mummified Hand"},{"floor":12,"key":"Blue Candle"},{"floor":13,"key":"War Paint"},{"floor":23,"key":"Pocketwatch"},{"floor":26,"key":"Frozen Egg 2"},{"floor":28,"key":"Mango"},{"floor":29,"key":"Meat on the Bone"}],"event_choices":[{"cards_removed":["Strike_R"],"damage_healed":0,"gold_gain":0,"player_choice":"Card Removal","damage_taken":0,"max_hp_gain":0,"max_hp_loss":0,"event_name":"The Cleric","floor":2,"gold_loss":50},{"damage_healed":0,"gold_gain":0,"player_choice":"Entered Light","damage_taken":16,"max_hp_gain":0,"max_hp_loss":0,"event_name":"Shining Light","floor":5,"gold_loss":0,"cards_upgraded":["Strike_R","Strike_R"]},{"damage_healed":0,"gold_gain":0,"player_choice":"Relic","damage_taken":0,"max_hp_gain":0,"max_hp_loss":0,"event_name":"Wheel of Change","floor":13,"gold_loss":0},{"damage_healed":0,"gold_gain":0,"player_choice":"Obtained Relic","damage_taken":0,"relics_obtained":["Singing Bowl"],"max_hp_gain":0,"max_hp_loss":0,"event_name":"Addict","floor":19,"gold_loss":85},{"cards_removed":["Strike_R"],"damage_healed":0,"gold_gain":0,"player_choice":"Gave Gold","damage_taken":0,"max_hp_gain":0,"max_hp_loss":0,"event_name":"Beggar","floor":21,"gold_loss":75}],"is_beta":false,"boss_relics":[{"not_picked":["Fusion Hammer","Tiny House"],"picked":"Black Blood"}],"items_purged_floors":[],"is_endless":false,"potions_floor_spawned":[3,12,14,16,18],"killed_by":"Gremlin Leader","ascension_level":4}