{"gold_per_floor":[215,225,244,244,166,201,226,226,226,260,260,105,105,121,121,240,240,253,253],"floor_reached":19,"playtime":1973,"items_purged":["Strike_G"],"score":248,"play_id":"74accf47-0da2-4b5c-823a-1ec58388b9a8","local_time":"20180705121647","is_ascension_mode":true,"campfire_choices":[{"data":"Footwork","floor":8.0,"key":"SMITH"},{"floor":11.0,"key":"REST"},{"floor":13.0,"key":"REST"},{"floor":15.0,"key":"REST"}],"neow_cost":"","seed_source_timestamp":1417042805806597,"circlet_count":0,"master_deck":["Defend_G","Defend_G","Defend_G","Defend_G","Defend_G","Strike_G","Strike_G","Strike_G","Strike_G","Survivor","Neutralize","Cloak And Dagger","Footwork+1","Noxious Fumes","Bane","Sucker Punch","A Thousand Cuts","Noxious Fumes","Dash","Dodge and Roll","Dodge and Roll","Die Die Die"],"special_seed":0,"relics":["Ring of the Snake","Golden Idol","Dream Catcher","Bottled Flame","Centennial Puzzle","Eternal Feather"],"potions_floor_usage":[],"damage_taken":[{"damage":0.0,"enemies":"Jaw Worm","floor":1.0,"turns":6.0},{"damage":0.0,"enemies":"2 Louse","floor":2.0,"turns":4.0},{"damage":0.0,"enemies":"Small Slimes","floor":3.0,"turns":4.0},{"damage":23.0,"enemies":"3 Sentries","floor":6.0,"turns":15.0},{"damage":0.0,"enemies":"Gremlin Gang","floor":7.0,"turns":6.0},{"damage":52.0,"enemies":"Gremlin Nob","floor":10.0,"turns":6.0},{"damage":2.0,"enemies":"3 Louse","floor":14.0,"turns":5.0},{"damage":16.0,"enemies":"Hexaghost","floor":16.0,"turns":12.0},{"damage":28.0,"enemies":"3 Byrds","floor":18.0,"turns":7.0},{"damage":43,"floor":19,"turns":3}],"seed_played":"-3770089552382267427","potions_obtained":[{"floor":1.0,"key":"Energy Potion"},{"floor":3.0,"key":"Regen Potion"},{"floor":6.0,"key":"Fire Potion"},{"floor":10.0,"key":"EssenceOfSteel"}],"is_trial":false,"path_per_floor":["M","M","M","?","$","E","M","R","T","E","R","$","R","M","R","B",null,"M"],"character_chosen":"THE_SILENT","items_purchased":["Footwork","Noxious Fumes"],"campfire_rested":3,"item_purchase_floors":[],"current_hp_per_floor":[63,63,63,63,63,55,55,55,55,3,22,22,41,39,58,42,59,31,0],"gold":253,"neow_bonus":"","is_prod":false,"is_daily":false,"chose_seed":false,"campfire_upgraded":1,"win_rate":0,"timestamp":1530789407,"path_taken":["M","M","M","?","$","E","M","R","T","E","R","$","R","M","R","BOSS","M","?"],"build_version":"2018-06-28","purchased_purges":1,"victory":false,"max_hp_per_floor":[70,70,70,65,65,65,65,65,65,65,65,65,65,65,65,65,65,65,65],"card_choices":[{"not_picked":["Eviscerate","Deflect","Poisoned Stab"],"picked":"SKIP","floor":1.0},{"not_picked":["Poisoned Stab","Underhanded Strike"],"picked":"Cloak And Dagger","floor":2.0},{"not_picked":["Masterful Stab","Distraction","Underhanded Strike"],"picked":"SKIP","floor":3.0},{"not_picked":["Masterful Stab","Distraction","Underhanded Strike"],"picked":"SKIP","floor":3.0},{"not_picked":["Infinite Blades","Malaise"],"picked":"Noxious Fumes","floor":6.0},{"not_picked":["Endless Agony","Well Laid Plans"],"picked":"Bane","floor":7.0},{"not_picked":["Deflect","Flying Knee"],"picked":"Sucker Punch","floor":10.0},{"not_picked":["Sucker Punch","Dodge and Roll"],"picked":"A Thousand Cuts","floor":11.0},{"not_picked":["Backstab","Caltrops"],"picked":"Dash","floor":13.0},{"not_picked":["Riddle With Holes","Blade Dance"],"picked":"Dodge and Roll","floor":14.0},{"not_picked":["Dagger Throw","PiercingWail"],"picked":"Dodge and Roll","floor":15.0},{"not_picked":["Bullet Time","Unload"],"picked":"Die Die Die","floor":16.0},{"not_picked":["Sucker Punch","Deadly Poison","Slice+1"],"picked":"SKIP","floor":18.0}],"player_experience":359344,"relics_obtained":[{"floor":6.0,"key":"Dream Catcher"},{"floor":9.0,"key":"Bottled Flame"},{"floor":10.0,"key":"Centennial Puzzle"}],"event_choices":[{"event_name":"Golden Idol","player_choice":"Lose Max HP","floor":4.0,"damage_taken":0.0},{"event_name":"Masked Bandits","player_choice":"Fought over 253 gold","floor":19,"damage_taken":0}],"boss_relics":[{"not_picked":["Velvet Choker","Runic Dome"],"picked":"Eternal Feather"}],"items_purged_floors":[],"is_endless":false,"potions_floor_spawned":[1,3,6,10],"ascension_level":8}