{"gold_per_floor":[115,125,145,157,10,10,37,37,37,55,55,71,87,98,98,199,199,210,17,37,37,56,56,56],"floor_reached":24,"playtime":3417,"items_purged":["Strike_G","Strike_G"],"score":222,"play_id":"a2dd7cc2-c207-489a-9070-923b8732c98e","local_time":"20190727200043","is_ascension_mode":true,"campfire_choices":[{"data":"Noxious Fumes","floor":6,"key":"SMITH"},{"floor":8,"key":"REST"},{"floor":15,"key":"REST"},{"floor":23,"key":"REST"}],"neow_cost":"NONE","seed_source_timestamp":548309388799927,"circlet_count":0,"master_deck":["Strike_G","Strike_G","Strike_G","Defend_G","Defend_G","Defend_G","Defend_G","Defend_G","Survivor","Neutralize","Dagger Spray","Deadly Poison","Poisoned Stab","Noxious Fumes+1","Adrenaline","Bane","Leg Sweep","Skewer","Backflip","Venomology","PiercingWail","Bouncing Flask","Calculated Gamble","Caltrops"],"relics":["Ring of the Snake","Matryoshka","Bag of Preparation","Nunchaku","CultistMask","Runic Pyramid","Nilry\u0027s Codex"],"potions_floor_usage":[0,2,7,7,16,16,18,22,22,24,24],"damage_taken":[{"damage":2,"enemies":"Cultist","floor":1,"turns":4},{"damage":0,"enemies":"Small Slimes","floor":2,"turns":3},{"damage":0,"enemies":"2 Louse","floor":3,"turns":2},{"damage":23,"enemies":"Exordium Wildlife","floor":4,"turns":5},{"damage":28,"enemies":"Lagavulin","floor":7,"turns":4},{"damage":22,"enemies":"Exordium Thugs","floor":10,"turns":4},{"damage":1,"enemies":"Blue Slaver","floor":12,"turns":3},{"damage":3,"enemies":"Gremlin Gang","floor":13,"turns":3},{"damage":10,"enemies":"Lots of Slimes","floor":14,"turns":5},{"damage":19,"enemies":"The Guardian","floor":16,"turns":7},{"damage":11,"enemies":"Shell Parasite","floor":18,"turns":6},{"damage":12,"enemies":"Spheric Guardian","floor":20,"turns":6},{"damage":18,"enemies":"Snake Plant","floor":22,"turns":4},{"damage":53,"enemies":"Slavers","floor":24,"turns":4}],"seed_played":"-3214880304843634489","potions_obtained":[{"floor":0,"key":"Fruit Juice"},{"floor":0,"key":"EssenceOfSteel"},{"floor":0,"key":"Strength Potion"},{"floor":1,"key":"Poison Potion"},{"floor":4,"key":"Strength Potion"},{"floor":13,"key":"Strength Potion"},{"floor":16,"key":"PowerPotion"}],"is_trial":false,"path_per_floor":["M","M","M","M","$","R","E","R","T","M","?","M","M","M","R","B",null,"M","$","M","?","M","R","E"],"character_chosen":"THE_SILENT","items_purchased":["Noxious Fumes","PiercingWail","Bouncing Flask"],"campfire_rested":3,"item_purchase_floors":[5,19,19],"current_hp_per_floor":[73,73,73,50,50,50,22,44,44,22,22,21,18,8,30,11,75,64,64,52,36,18,40,0],"gold":56,"neow_bonus":"THREE_SMALL_POTIONS","is_prod":false,"is_daily":false,"chose_seed":false,"campfire_upgraded":1,"win_rate":0,"timestamp":1564275643,"path_taken":["M","M","?","M","$","R","E","R","T","M","?","M","?","M","R","BOSS","M","$","M","?","M","R","E"],"build_version":"2019-07-17","purchased_purges":2,"victory":false,"max_hp_per_floor":[75,75,75,75,75,75,75,75,75,75,75,75,75,75,75,75,75,75,75,75,75,75,75,75],"card_choices":[{"not_picked":["Backstab","Backflip"],"picked":"Dagger Spray","floor":1},{"not_picked":["Malaise","Calculated Gamble"],"picked":"Deadly Poison","floor":2},{"not_picked":["Predator","Flying Knee"],"picked":"Poisoned Stab","floor":3},{"not_picked":["Tactician","Deflect","Blade Dance"],"picked":"SKIP","floor":4},{"not_picked":["Acrobatics","Wraith Form v2"],"picked":"Adrenaline","floor":7},{"not_picked":["Expertise","Dash"],"picked":"Bane","floor":10},{"not_picked":["Dagger Spray","Outmaneuver"],"picked":"Leg Sweep","floor":12},{"not_picked":["Concentrate","Setup"],"picked":"Skewer","floor":13},{"not_picked":["Prepared","Quick Slash"],"picked":"Backflip","floor":14},{"not_picked":["Night Terror","Unload"],"picked":"Venomology","floor":16},{"not_picked":["Skewer+1","Prepared","Underhanded Strike"],"picked":"SKIP","floor":18},{"not_picked":["Dagger Spray+1","Skewer"],"picked":"Calculated Gamble","floor":20},{"not_picked":["Acrobatics","Flechettes"],"picked":"Caltrops","floor":22}],"player_experience":278307,"relics_obtained":[{"floor":7,"key":"Matryoshka"},{"floor":9,"key":"Bag of Preparation"},{"floor":9,"key":"Nunchaku"},{"floor":21,"key":"Nilry\u0027s Codex"}],"event_choices":[{"damage_healed":0,"gold_gain":0,"player_choice":"Trade","damage_taken":0,"relics_obtained":["CultistMask"],"max_hp_gain":0,"max_hp_loss":0,"event_name":"FaceTrader","floor":11,"gold_loss":0},{"damage_healed":0,"gold_gain":0,"player_choice":"Obtained Book","damage_taken":16,"max_hp_gain":0,"max_hp_loss":0,"event_name":"Cursed Tome","floor":21,"gold_loss":0}],"is_beta":false,"boss_relics":[{"not_picked":["Velvet Choker","WristBlade"],"picked":"Runic Pyramid"}],"items_purged_floors":[5,19],"is_endless":false,"potions_floor_spawned":[1,4,13,16],"killed_by":"Slavers","ascension_level":2}