{"gold_per_floor":[118,128,141,241,252,252,282,282,309,320,44,76,76,94,94,193,193,204,204,303,303,353,353,373,408,408,408,458,478,528,422,422,422],"floor_reached":33,"playtime":1552,"items_purged":["Strike_R"],"score":450,"play_id":"047030cd-90b7-4de1-b327-991c7ce0d9b4","local_time":"20190803100239","is_ascension_mode":true,"campfire_choices":[{"data":"Bash","floor":6,"key":"SMITH"},{"data":"Clothesline","floor":8,"key":"SMITH"},{"data":"Shockwave","floor":13,"key":"SMITH"},{"data":"True Grit","floor":15,"key":"SMITH"},{"data":"Bloodletting","floor":23,"key":"SMITH"},{"data":"Double Tap","floor":27,"key":"SMITH"},{"data":"Disarm","floor":32,"key":"SMITH"}],"neow_cost":"NONE","seed_source_timestamp":31209663301600,"circlet_count":0,"master_deck":["AscendersBane","Strike_R+1","Strike_R+1","Defend_R+1","Defend_R+1","Defend_R+1","Defend_R+1","Bash+1","Infernal Blade","Clothesline+1","Battle Trance+1","Shockwave+1","Burning Pact","Cleave","True Grit+1","Double Tap+1","Bloodletting+1","True Grit+1","Feel No Pain+1","Clothesline","Shrug It Off","Disarm+1"],"relics":["Burning Blood","Oddly Smooth Stone","Juzu Bracelet","Medical Kit","Happy Flower","Sozu","SsserpentHead","Ornamental Fan","War Paint"],"potions_floor_usage":[5,12,16,19,25],"damage_taken":[{"damage":6,"enemies":"Cultist","floor":1,"turns":4},{"damage":7,"enemies":"Small Slimes","floor":2,"turns":3},{"damage":7,"enemies":"2 Louse","floor":3,"turns":3},{"damage":15,"enemies":"Large Slime","floor":5,"turns":7},{"damage":34,"enemies":"Lagavulin","floor":7,"turns":8},{"damage":6,"enemies":"Red Slaver","floor":10,"turns":6},{"damage":0,"enemies":"Gremlin Nob","floor":12,"turns":2},{"damage":0,"enemies":"2 Fungi Beasts","floor":14,"turns":3},{"damage":34,"enemies":"The Guardian","floor":16,"turns":15},{"damage":13,"enemies":"Shell Parasite","floor":18,"turns":6},{"damage":0,"enemies":"2 Thieves","floor":19,"turns":1},{"damage":13,"enemies":"Centurion and Healer","floor":24,"turns":6},{"damage":12,"enemies":"Slavers","floor":25,"turns":7},{"damage":0,"enemies":"3 Cultists","floor":29,"turns":4},{"damage":52,"enemies":"Collector","floor":33,"turns":8}],"seed_played":"2182328831756984995","potions_obtained":[{"floor":2,"key":"Swift Potion"},{"floor":3,"key":"Explosive Potion"},{"floor":10,"key":"AttackPotion"},{"floor":12,"key":"SmokeBomb"},{"floor":16,"key":"SpeedPotion"}],"is_trial":false,"path_per_floor":["M","M","M","?","M","R","E","R","T","M","$","E","R","M","R","B",null,"M","M","?","?","?","R","M","E","T","R","?","M","?","$","R","B"],"character_chosen":"IRONCLAD","items_purchased":["Medical Kit","Shrug It Off","Disarm"],"campfire_rested":0,"item_purchase_floors":[11,31,31],"current_hp_per_floor":[72,71,70,70,61,61,33,33,33,33,33,39,39,45,45,17,64,57,63,63,63,63,63,56,50,50,50,50,56,48,48,48,0],"gold":422,"neow_bonus":"REMOVE_CARD","is_prod":false,"is_daily":false,"chose_seed":false,"campfire_upgraded":7,"win_rate":0,"timestamp":1564840959,"path_taken":["M","M","?","?","?","R","E","R","T","M","?","E","R","M","R","BOSS","M","M","?","?","?","R","M","E","T","R","?","M","?","$","R","BOSS"],"build_version":"2019-07-17","purchased_purges":1,"victory":false,"max_hp_per_floor":[80,80,80,80,80,80,80,80,80,80,80,80,80,80,80,80,80,80,80,80,80,80,80,80,80,80,80,80,80,80,80,80,80],"card_choices":[{"not_picked":["Anger","Heavy Blade"],"picked":"Infernal Blade","floor":1},{"not_picked":["Thunderclap","Infernal Blade"],"picked":"Clothesline","floor":2},{"not_picked":["Wild Strike","Flex"],"picked":"Battle Trance","floor":3},{"not_picked":["Heavy Blade","Shrug It Off"],"picked":"Shockwave","floor":5},{"not_picked":["Wild Strike","Entrench"],"picked":"Burning Pact","floor":7},{"not_picked":["Twin Strike","Entrench"],"picked":"Cleave","floor":10},{"not_picked":["Pommel Strike","Reckless Charge","Fiend Fire"],"picked":"SKIP","floor":12},{"not_picked":["Sword Boomerang","Shrug It Off"],"picked":"True Grit","floor":14},{"not_picked":["Exhume","Fiend Fire"],"picked":"Double Tap","floor":16},{"not_picked":["Headbutt","Cleave"],"picked":"Bloodletting","floor":18},{"not_picked":["Anger","Dual Wield"],"picked":"True Grit","floor":24},{"not_picked":["Body Slam","Heavy Blade+1"],"picked":"Feel No Pain+1","floor":25},{"not_picked":["Heavy Blade+1","True Grit","Flex"],"picked":"SKIP","floor":29}],"player_experience":640415,"relics_obtained":[{"floor":7,"key":"Oddly Smooth Stone"},{"floor":9,"key":"Juzu Bracelet"},{"floor":12,"key":"Happy Flower"},{"floor":25,"key":"Ornamental Fan"},{"floor":26,"key":"War Paint"}],"event_choices":[{"damage_healed":0,"gold_gain":100,"player_choice":"Pray","damage_taken":0,"max_hp_gain":0,"max_hp_loss":0,"event_name":"Golden Shrine","floor":4,"gold_loss":0},{"damage_healed":0,"gold_gain":99,"player_choice":"Stole From Cult","damage_taken":0,"max_hp_gain":0,"max_hp_loss":0,"event_name":"Nest","floor":20,"gold_loss":0},{"damage_healed":0,"gold_gain":0,"player_choice":"Trade","damage_taken":0,"relics_obtained":["SsserpentHead"],"max_hp_gain":0,"max_hp_loss":0,"event_name":"FaceTrader","floor":21,"gold_loss":0},{"damage_healed":0,"gold_gain":0,"player_choice":"Simplicity","damage_taken":0,"max_hp_gain":0,"max_hp_loss":0,"event_name":"Back to Basics","floor":22,"gold_loss":0,"cards_upgraded":["Strike_R","Strike_R","Strike_R","Defend_R","Defend_R","Defend_R","Defend_R"]},{"damage_healed":0,"gold_gain":0,"cards_transformed":["Strike_R"],"player_choice":"Transformed","damage_taken":0,"max_hp_gain":0,"max_hp_loss":0,"event_name":"Transmorgrifier","floor":28,"gold_loss":0,"cards_obtained":["Clothesline"]},{"damage_healed":0,"gold_gain":0,"player_choice":"","damage_taken":8,"max_hp_gain":0,"max_hp_loss":0,"event_name":"Knowing Skull","floor":30,"potions_obtained":[],"gold_loss":0,"cards_obtained":[]}],"is_beta":false,"boss_relics":[{"not_picked":["Lizard Tail","Fusion Hammer"],"picked":"Sozu"}],"items_purged_floors":[11],"is_endless":false,"potions_floor_spawned":[2,3,10,12,16,24],"killed_by":"Collector","ascension_level":10}