{"gold_per_floor":[114,35,110,110,128,128,158,173,203,203,153,173,173,185,185,284,284,300,16,16,0,20,50,50],"floor_reached":24,"playtime":1770,"items_purged":[],"score":275,"play_id":"6f4fd545-a234-4038-8d6a-ddba060811f0","local_time":"20181129015631","is_ascension_mode":true,"campfire_choices":[{"data":"Footwork","floor":6,"key":"SMITH"},{"data":"Noxious Fumes","floor":10,"key":"SMITH"},{"data":"Caltrops","floor":15,"key":"SMITH"}],"neow_cost":"NONE","seed_source_timestamp":31229776540665,"circlet_count":0,"master_deck":["Defend_G","Defend_G","Defend_G","Defend_G","Defend_G","Strike_G","Strike_G","Strike_G","Survivor","Neutralize","Footwork+1","Caltrops+1","Noxious Fumes+1","Bane","Poisoned Stab","Backflip+1","Footwork","Footwork+1","Cloak And Dagger"],"relics":["Ring of the Snake","NeowsBlessing","Paper Crane","Tiny Chest","Sozu","DollysMirror","Ice Cream"],"potions_floor_usage":[12,16,23],"damage_taken":[{"damage":0,"enemies":"Jaw Worm","floor":1,"turns":1},{"damage":0,"enemies":"Cultist","floor":5,"turns":1},{"damage":0,"enemies":"3 Sentries","floor":7,"turns":1},{"damage":0,"enemies":"2 Louse","floor":8,"turns":3},{"damage":0,"enemies":"2 Fungi Beasts","floor":12,"turns":4},{"damage":3,"enemies":"3 Louse","floor":14,"turns":5},{"damage":17,"enemies":"Hexaghost","floor":16,"turns":9},{"damage":0,"enemies":"Shell Parasite","floor":18,"turns":6},{"damage":0,"enemies":"Spheric Guardian","floor":22,"turns":6},{"damage":60,"enemies":"Slavers","floor":23,"turns":8},{"damage":13,"enemies":"3 Cultists","floor":24,"turns":3}],"seed_played":"8142028813895821472","potions_obtained":[{"floor":8,"key":"SkillPotion"},{"floor":12,"key":"SpeedPotion"},{"floor":16,"key":"Poison Potion"}],"is_trial":false,"path_per_floor":["M","$","?","?","M","R","E","M","T","R","?","M","?","M","R","B",null,"M","$","?","?","M","E","M"],"character_chosen":"THE_SILENT","items_purchased":["Footwork","Footwork","DollysMirror"],"campfire_rested":0,"item_purchase_floors":[2,19,19],"current_hp_per_floor":[70,70,59,59,59,59,59,59,59,59,59,59,59,56,56,39,70,70,70,70,70,70,10,0],"gold":50,"neow_bonus":"THREE_ENEMY_KILL","is_prod":false,"is_daily":false,"chose_seed":false,"campfire_upgraded":3,"win_rate":0,"timestamp":1543456591,"path_taken":["M","$","?","?","?","R","E","M","T","R","?","M","?","M","R","BOSS","M","$","?","?","M","E","M"],"build_version":"2018-11-15","purchased_purges":0,"victory":false,"max_hp_per_floor":[70,70,70,70,70,70,70,70,70,70,70,70,70,70,70,70,70,70,70,70,70,70,70,70],"card_choices":[{"not_picked":["Acrobatics","Choke","Calculated Gamble"],"picked":"SKIP","floor":1},{"not_picked":["Masterful Stab","Concentrate"],"picked":"Caltrops","floor":5},{"not_picked":["Eviscerate","Deadly Poison","Underhanded Strike"],"picked":"SKIP","floor":7},{"not_picked":["Blade Dance","Deadly Poison"],"picked":"Noxious Fumes","floor":8},{"not_picked":["Cloak And Dagger","Backflip"],"picked":"Bane","floor":12},{"not_picked":["Heel Hook","Eviscerate"],"picked":"Poisoned Stab","floor":14},{"not_picked":["PiercingWail","Dodge and Roll+1"],"picked":"Backflip+1","floor":18},{"not_picked":["Quick Slash+1","Expertise","Underhanded Strike+1"],"picked":"SKIP","floor":22},{"not_picked":["Escape Plan","Masterful Stab+1"],"picked":"Cloak And Dagger","floor":23}],"player_experience":212876,"relics_obtained":[{"floor":7,"key":"Paper Crane"},{"floor":9,"key":"Tiny Chest"},{"floor":23,"key":"Ice Cream"}],"event_choices":[{"damage_healed":0,"gold_gain":75,"player_choice":"Gather Gold","damage_taken":11,"max_hp_gain":0,"max_hp_loss":0,"event_name":"World of Goop","floor":3,"gold_loss":0},{"damage_healed":0,"gold_gain":0,"player_choice":"Bought 0 Potions","damage_taken":0,"max_hp_gain":0,"max_hp_loss":0,"event_name":"The Woman in Blue","floor":4,"gold_loss":0},{"cards_removed":["Strike_G"],"damage_healed":0,"gold_gain":0,"player_choice":"Card Removal","damage_taken":0,"max_hp_gain":0,"max_hp_loss":0,"event_name":"The Cleric","floor":11,"gold_loss":50},{"cards_removed":["Strike_G"],"damage_healed":0,"gold_gain":0,"player_choice":"Forget","damage_taken":0,"max_hp_gain":0,"max_hp_loss":0,"event_name":"Living Wall","floor":13,"gold_loss":0},{"damage_healed":0,"gold_gain":0,"player_choice":"Ignored","damage_taken":0,"max_hp_gain":0,"max_hp_loss":0,"event_name":"Cursed Tome","floor":20,"gold_loss":0},{"damage_healed":0,"gold_gain":0,"player_choice":"Paid Fearfully","damage_taken":0,"max_hp_gain":0,"max_hp_loss":0,"event_name":"Masked Bandits","floor":21,"gold_loss":16}],"is_beta":false,"boss_relics":[{"not_picked":["HoveringKite","Velvet Choker"],"picked":"Sozu"}],"items_purged_floors":[],"is_endless":false,"potions_floor_spawned":[8,12,16],"killed_by":"3 Cultists","ascension_level":3}