{"gold_per_floor":[116,116,4,4,4,4,21,39,39,39,70,70,101,111,111,209,209,179,57,57,57,71,104,117,117,117,152,163,183,143,169,169,269,269,280,25,125,136,155,155,30,64,64,91,101,120,120,136,136,136],"floor_reached":51,"playtime":3500,"items_purged":["Doubt","Strike_R","Strike_R"],"score":1056,"play_id":"05902848-9bbe-465a-926a-e3d1afbe58e3","local_time":"20190719214528","is_ascension_mode":true,"campfire_choices":[{"data":"Feel No Pain","floor":6,"key":"SMITH"},{"data":"Bash","floor":10,"key":"SMITH"},{"floor":15,"key":"REST"},{"data":"Corruption","floor":25,"key":"SMITH"},{"data":"Flame Barrier","floor":32,"key":"SMITH"},{"data":"Fiend Fire","floor":40,"key":"SMITH"},{"data":"Body Slam","floor":47,"key":"SMITH"},{"data":"Rampage","floor":49,"key":"SMITH"}],"neow_cost":"CURSE","seed_source_timestamp":261308640991400,"circlet_count":0,"master_deck":["Strike_R+1","Strike_R+1","Defend_R","Defend_R","Defend_R","Defend_R","Bash+1","Feel No Pain+1","Shrug It Off","Rampage+1","Infernal Blade","Havoc","Exhume","Rage","Corruption+1","Shrug It Off","Impervious+1","Shrug It Off","Flame Barrier+1","Fiend Fire+1","Body Slam+1","Clothesline+1"],"relics":["Burning Blood","Charon\u0027s Ashes","Gambling Chip","Bottled Tornado","Whetstone","Oddly Smooth Stone","Runic Pyramid","Boot","Juzu Bracelet","Sundial","Red Skull","Busted Crown","Bag of Preparation","StoneCalendar","Torii","Pocketwatch","Orichalcum"],"potions_floor_usage":[11,13,18,23,23,33,50],"damage_taken":[{"damage":10,"enemies":"Cultist","floor":1,"turns":5},{"damage":2,"enemies":"2 Louse","floor":7,"turns":4},{"damage":2,"enemies":"Jaw Worm","floor":8,"turns":5},{"damage":48,"enemies":"Lagavulin","floor":11,"turns":6},{"damage":16,"enemies":"Gremlin Nob","floor":13,"turns":3},{"damage":0,"enemies":"Looter","floor":14,"turns":4},{"damage":30,"enemies":"Slime Boss","floor":16,"turns":8},{"damage":14,"enemies":"2 Thieves","floor":18,"turns":5},{"damage":2,"enemies":"Chosen","floor":22,"turns":5},{"damage":0,"enemies":"Book of Stabbing","floor":23,"turns":5},{"damage":5,"enemies":"Centurion and Healer","floor":24,"turns":7},{"damage":0,"enemies":"Gremlin Leader","floor":27,"turns":7},{"damage":3,"enemies":"Snake Plant","floor":28,"turns":6},{"damage":0,"enemies":"Sentry and Sphere","floor":29,"turns":5},{"damage":5,"enemies":"Book of Stabbing","floor":31,"turns":6},{"damage":5,"enemies":"Automaton","floor":33,"turns":10},{"damage":0,"enemies":"3 Darklings","floor":35,"turns":4},{"damage":0,"enemies":"Mind Bloom Boss Battle","floor":37,"turns":3},{"damage":2,"enemies":"3 Shapes","floor":38,"turns":3},{"damage":0,"enemies":"Maw","floor":39,"turns":7},{"damage":0,"enemies":"Reptomancer","floor":42,"turns":4},{"damage":1,"enemies":"Giant Head","floor":44,"turns":7},{"damage":0,"enemies":"4 Shapes","floor":45,"turns":5},{"damage":0,"enemies":"Writhing Mass","floor":46,"turns":3},{"damage":0,"enemies":"Jaw Worm Horde","floor":48,"turns":4},{"damage":48,"enemies":"Awakened One","floor":50,"turns":11}],"seed_played":"5463675636111827465","potions_obtained":[{"floor":7,"key":"FairyPotion"},{"floor":8,"key":"Fire Potion"},{"floor":11,"key":"Fire Potion"},{"floor":16,"key":"PowerPotion"},{"floor":18,"key":"LiquidBronze"},{"floor":22,"key":"EssenceOfSteel"},{"floor":28,"key":"Poison Potion"},{"floor":29,"key":"Fire Potion"},{"floor":33,"key":"FearPotion"},{"floor":38,"key":"SpeedPotion"},{"floor":39,"key":"Block Potion"}],"is_trial":false,"path_per_floor":["M","?","$","?","?","R","M","M","T","R","E","?","E","M","R","B",null,"M","$","?","?","M","E","M","R","T","E","M","M","?","E","R","B",null,"M","$","?","M","M","R","$","E","T","E","M","M","R","M","R","B",null],"character_chosen":"IRONCLAD","items_purchased":["Feel No Pain","Corruption","Shrug It Off","Bag of Preparation"],"campfire_rested":1,"item_purchase_floors":[3,19,19,36],"current_hp_per_floor":[76,69,69,69,69,69,73,77,77,77,35,35,25,31,55,31,68,60,60,60,60,64,70,71,71,71,77,80,80,80,80,80,80,80,80,80,80,80,80,80,80,80,80,80,80,80,80,80,80,38],"gold":136,"neow_bonus":"ONE_RARE_RELIC","is_prod":false,"is_daily":false,"chose_seed":false,"campfire_upgraded":7,"win_rate":0,"timestamp":1563587128,"path_taken":["M","?","$","?","?","R","M","?","T","R","E","?","E","M","R","BOSS","M","$","?","?","?","E","?","R","T","E","M","M","?","E","R","BOSS","M","$","?","M","M","R","$","E","T","E","M","M","R","M","R","BOSS"],"build_version":"2019-07-17","purchased_purges":3,"victory":true,"max_hp_per_floor":[80,80,80,80,80,80,80,80,80,80,80,80,80,80,80,80,80,80,80,80,80,80,80,80,80,80,80,80,80,80,80,80,80,80,80,80,80,80,80,80,80,80,80,80,80,80,80,80,80,80],"card_choices":[{"not_picked":["Perfected Strike","Clash","Flex"],"picked":"SKIP","floor":1},{"not_picked":["Headbutt","Feel No Pain"],"picked":"Shrug It Off","floor":7},{"not_picked":["Anger","Heavy Blade"],"picked":"Rampage","floor":8},{"not_picked":["Clash","Entrench"],"picked":"Infernal Blade","floor":11},{"not_picked":["Flex","Wild Strike","Clash"],"picked":"SKIP","floor":13},{"not_picked":["Carnage","Seeing Red"],"picked":"Havoc","floor":14},{"not_picked":["Feed","Brutality"],"picked":"Exhume","floor":16},{"not_picked":["Thunderclap","Body Slam"],"picked":"Rage","floor":18},{"not_picked":["Iron Wave","Thunderclap","Heavy Blade+1"],"picked":"SKIP","floor":22},{"not_picked":["Flex","Anger"],"picked":"Impervious","floor":23},{"not_picked":["Metallicize+1","Ghostly Armor+1"],"picked":"Shrug It Off","floor":24},{"not_picked":["Dual Wield","Heavy Blade"],"picked":"Flame Barrier","floor":27},{"not_picked":["Evolve+1","Heavy Blade","Bloodletting+1"],"picked":"SKIP","floor":28},{"not_picked":["Hemokinesis","Bloodletting","Rupture"],"picked":"SKIP","floor":29},{"not_picked":["Thunderclap+1","Anger+1","Whirlwind"],"picked":"SKIP","floor":31},{"not_picked":["Double Tap","Offering"],"picked":"Fiend Fire","floor":33},{"not_picked":[],"picked":"Body Slam","floor":35},{"not_picked":[],"picked":"Clothesline+1","floor":37},{"not_picked":["Thunderclap"],"picked":"SKIP","floor":38},{"not_picked":["Heavy Blade+1"],"picked":"SKIP","floor":39},{"not_picked":["Evolve+1"],"picked":"SKIP","floor":42},{"not_picked":["Brutality"],"picked":"SKIP","floor":44},{"not_picked":["Perfected Strike"],"picked":"SKIP","floor":45},{"not_picked":["Iron Wave"],"picked":"SKIP","floor":46},{"not_picked":["Wild Strike"],"picked":"SKIP","floor":48}],"player_experience":429600,"relics_obtained":[{"floor":9,"key":"Bottled Tornado"},{"floor":11,"key":"Whetstone"},{"floor":13,"key":"Oddly Smooth Stone"},{"floor":23,"key":"Boot"},{"floor":26,"key":"Juzu Bracelet"},{"floor":27,"key":"Sundial"},{"floor":31,"key":"Red Skull"},{"floor":37,"key":"StoneCalendar"},{"floor":42,"key":"Torii"},{"floor":43,"key":"Pocketwatch"},{"floor":44,"key":"Orichalcum"}],"event_choices":[{"damage_healed":0,"gold_gain":0,"player_choice":"Success","damage_taken":7,"relics_obtained":["Gambling Chip"],"max_hp_gain":0,"max_hp_loss":0,"event_name":"Scrap Ooze","floor":2,"gold_loss":0},{"damage_healed":0,"gold_gain":0,"player_choice":"Ignored","damage_taken":0,"max_hp_gain":0,"max_hp_loss":0,"event_name":"Liars Game","floor":4,"gold_loss":0},{"cards_removed":["Strike_R"],"damage_healed":0,"gold_gain":0,"player_choice":"Offered Basic","damage_taken":0,"max_hp_gain":0,"max_hp_loss":0,"event_name":"Bonfire Elementals","floor":5,"gold_loss":0},{"damage_healed":0,"gold_gain":0,"player_choice":"Searched \u00271\u0027 times","damage_taken":0,"max_hp_gain":0,"max_hp_loss":0,"event_name":"Dead Adventurer","floor":12,"gold_loss":0},{"damage_healed":0,"gold_gain":0,"player_choice":"Leave","damage_taken":0,"max_hp_gain":0,"max_hp_loss":0,"event_name":"FaceTrader","floor":21,"gold_loss":0},{"damage_healed":0,"gold_gain":0,"player_choice":"Upgrade","damage_taken":0,"max_hp_gain":0,"max_hp_loss":0,"event_name":"Designer","floor":30,"gold_loss":40,"cards_upgraded":["Impervious"]},{"damage_healed":0,"gold_gain":0,"player_choice":"Fight","damage_taken":0,"max_hp_gain":0,"max_hp_loss":0,"event_name":"MindBloom","floor":37,"gold_loss":0}],"is_beta":false,"boss_relics":[{"not_picked":["Velvet Choker","Pandora\u0027s Box"],"picked":"Runic Pyramid"},{"not_picked":["Runic Dome","Fusion Hammer"],"picked":"Busted Crown"}],"items_purged_floors":[3,36,41],"is_endless":false,"potions_floor_spawned":[7,8,11,16,18,22,28,29,33,38,39,44,46,48],"ascension_level":5}