{"gold_per_floor":[113,67,83,93,105,105,116,116,116,146,159,159,159,179,179,281,281,291,216,178,178,178,178,194,209,209,229,229,248,248,262,262,361,361,372,372,372,372,297,297,313,329,329,329,329],"floor_reached":45,"playtime":6981,"items_purged":[],"score":580,"play_id":"527bba04-28db-4329-b981-294dba101aec","local_time":"20180702111903","is_ascension_mode":true,"campfire_choices":[{"data":"Well Laid Plans","floor":8.0,"key":"SMITH"},{"data":"Outmaneuver","floor":12.0,"key":"SMITH"},{"data":"Neutralize","floor":15.0,"key":"SMITH"},{"data":"Caltrops","floor":23.0,"key":"SMITH"},{"floor":30.0,"key":"REST"},{"data":"Sucker Punch","floor":32.0,"key":"SMITH"},{"data":"Infinite Blades","floor":40.0,"key":"SMITH"},{"floor":44.0,"key":"REST"}],"neow_cost":"","seed_source_timestamp":1149071701444102,"circlet_count":0,"master_deck":["Defend_G","Defend_G","Defend_G","Defend_G","Defend_G","Survivor","Neutralize+1","Flying Knee","Flying Knee","Well Laid Plans+1","Outmaneuver+1","Backflip","Venomology","Escape Plan+1","Tactician+1","Caltrops+1","Predator+1","Caltrops+1","Heel Hook+1","Cloak And Dagger+1","Sucker Punch+1","Acrobatics+1","Die Die Die","Underhanded Strike+1","Infinite Blades+1","Dagger Throw","Deflect+1"],"special_seed":0,"relics":["Ring of the Snake","Orichalcum","Strawberry","Astrolabe","Mango","Molten Egg 2"],"potions_floor_usage":[45],"damage_taken":[{"damage":0.0,"enemies":"Cultist","floor":1.0,"turns":4.0},{"damage":1.0,"enemies":"2 Louse","floor":3.0,"turns":2.0},{"damage":0.0,"enemies":"Jaw Worm","floor":4.0,"turns":4.0},{"damage":0.0,"enemies":"Blue Slaver","floor":5.0,"turns":5.0},{"damage":1.0,"enemies":"Large Slime","floor":7.0,"turns":6.0},{"damage":0.0,"enemies":"Gremlin Nob","floor":10.0,"turns":4.0},{"damage":0.0,"enemies":"2 Fungi Beasts","floor":11.0,"turns":3.0},{"damage":4.0,"enemies":"Exordium Wildlife","floor":14.0,"turns":6.0},{"damage":42.0,"enemies":"The Guardian","floor":16.0,"turns":20.0},{"damage":21.0,"enemies":"Chosen","floor":18.0,"turns":8.0},{"damage":10.0,"enemies":"Shell Parasite","floor":24.0,"turns":5.0},{"damage":19.0,"enemies":"Snecko","floor":25.0,"turns":7.0},{"damage":22.0,"enemies":"Sentry and Sphere","floor":27.0,"turns":6.0},{"damage":2.0,"enemies":"Cultist and Chosen","floor":29.0,"turns":7.0},{"damage":0.0,"enemies":"Centurion and Healer","floor":31.0,"turns":7.0},{"damage":35.0,"enemies":"Champ","floor":33.0,"turns":15.0},{"damage":11.0,"enemies":"3 Shapes","floor":35.0,"turns":7.0},{"damage":11.0,"enemies":"3 Darklings","floor":41.0,"turns":5.0},{"damage":91.0,"enemies":"4 Shapes","floor":42.0,"turns":6.0},{"damage":28,"enemies":"Sphere and 2 Shapes","floor":45,"turns":7}],"seed_played":"-1704263276250338302","potions_obtained":[{"floor":1.0,"key":"GhostInAJar"},{"floor":3.0,"key":"GhostInAJar"},{"floor":7.0,"key":"Fire Potion"},{"floor":11.0,"key":"Block Potion"},{"floor":24.0,"key":"PowerPotion"},{"floor":25.0,"key":"AttackPotion"},{"floor":27.0,"key":"FearPotion"},{"floor":33.0,"key":"SpeedPotion"},{"floor":41.0,"key":"Ancient Potion"}],"is_trial":false,"path_per_floor":["M","$","M","M","M","?","M","R","T","E","M","R","?","M","R","B",null,"M","?","$","?","$","R","M","M","T","M","?","M","R","M","R","B",null,"M","?","?","?","$","R","M","M","T","R"],"character_chosen":"THE_SILENT","items_purchased":["Flying Knee","Caltrops","Infinite Blades"],"campfire_rested":2,"item_purchase_floors":[],"current_hp_per_floor":[77,77,76,76,76,76,75,75,75,82,82,82,87,83,83,41,89,68,68,68,68,68,68,58,39,53,36,36,34,64,64,64,29,103,92,92,92,97,97,97,86,9,9,39,11],"gold":329,"neow_bonus":"","is_prod":false,"is_daily":false,"chose_seed":false,"campfire_upgraded":6,"win_rate":0,"timestamp":1530526743,"path_taken":["M","$","M","M","M","?","?","R","T","E","M","R","?","M","R","BOSS","M","?","$","?","$","R","M","M","T","?","?","?","R","M","R","BOSS","M","?","?","?","$","R","M","M","T","R","?"],"build_version":"2018-06-28","purchased_purges":0,"victory":false,"max_hp_per_floor":[77,77,77,77,77,77,77,77,77,84,84,84,89,89,89,89,89,89,89,89,89,89,89,89,89,103,103,103,103,103,103,103,103,103,103,103,103,103,103,103,103,103,103,103,103],"card_choices":[{"not_picked":["Setup","Deflect"],"picked":"Flying Knee","floor":1.0},{"not_picked":["Dagger Throw","Flying Knee"],"picked":"Well Laid Plans","floor":3.0},{"not_picked":["Accuracy","Underhanded Strike","Slice"],"picked":"SKIP","floor":4.0},{"not_picked":["Deadly Poison","Dagger Throw"],"picked":"Outmaneuver","floor":5.0},{"not_picked":["Reflex","Prepared"],"picked":"Dagger Spray","floor":7.0},{"not_picked":["Masterful Stab","Underhanded Strike","Dagger Throw"],"picked":"SKIP","floor":10.0},{"not_picked":["Catalyst","Phantasmal Killer","Deflect"],"picked":"SKIP","floor":11.0},{"not_picked":["Setup","Underhanded Strike"],"picked":"Backflip","floor":14.0},{"not_picked":["Night Terror","Doppelganger"],"picked":"Venomology","floor":16.0},{"not_picked":["Blur+1","Bane+1"],"picked":"Predator+1","floor":18.0},{"not_picked":["Setup","Accuracy"],"picked":"Heel Hook+1","floor":24.0},{"not_picked":["Deadly Poison+1","PiercingWail"],"picked":"Cloak And Dagger+1","floor":25.0},{"not_picked":["Cloak And Dagger","Quick Slash"],"picked":"Sucker Punch","floor":27.0},{"not_picked":["Well Laid Plans","Deflect","Distraction"],"picked":"SKIP","floor":29.0},{"not_picked":["Finisher","Masterful Stab"],"picked":"Acrobatics+1","floor":31.0},{"not_picked":["Wraith Form v2","Corpse Explosion"],"picked":"Die Die Die","floor":33.0},{"not_picked":["Crippling Poison+1","PiercingWail"],"picked":"Underhanded Strike+1","floor":35.0},{"not_picked":["Infinite Blades","Outmaneuver"],"picked":"Dagger Throw","floor":41.0},{"not_picked":["Acrobatics+1","Concentrate"],"picked":"Deflect+1","floor":42.0}],"player_experience":274132,"relics_obtained":[{"floor":9.0,"key":"Orichalcum"},{"floor":10.0,"key":"Strawberry"},{"floor":26.0,"key":"Mango"},{"floor":43.0,"key":"Molten Egg 2"}],"event_choices":[{"event_name":"Transmorgrifier","player_choice":"Transform","floor":6.0,"damage_taken":0.0},{"event_name":"Big Fish","player_choice":"Donut","floor":13.0,"damage_taken":0.0},{"event_name":"Beggar","player_choice":"Gave Gold","floor":19.0,"damage_taken":0.0},{"event_name":"Ghosts","player_choice":"Ignored","floor":21.0,"damage_taken":0.0},{"event_name":"Purifier","player_choice":"One Purge","floor":28.0,"damage_taken":0.0},{"event_name":"Tomb of Lord Red Mask","player_choice":"Ignored","floor":36.0,"damage_taken":0.0},{"event_name":"Mysterious Sphere","player_choice":"Ignore","floor":37.0,"damage_taken":0.0},{"event_name":"Bonfire Elementals","player_choice":"COMMON","floor":38.0,"damage_taken":0.0}],"boss_relics":[{"not_picked":["Orrery","Black Star"],"picked":"Astrolabe"},{"not_picked":["Pandora\u0027s Box","Snecko Eye","Empty Cage"]}],"items_purged_floors":[],"is_endless":false,"potions_floor_spawned":[1,3,7,11,24,25,27,33,41],"killed_by":"Sphere and 2 Shapes","ascension_level":4}