{"gold_per_floor":[113,113,132,17,17,52,52,87,110,123,93,93,109,152,152,152],"floor_reached":16,"playtime":623,"items_purged":["Strike_R"],"score":222,"play_id":"9334d841-93d3-4cb5-ab05-d8f0ebba5762","local_time":"20190809134502","is_ascension_mode":true,"campfire_choices":[{"data":"Armaments","floor":7,"key":"SMITH"},{"data":"Bash","floor":12,"key":"SMITH"},{"data":"Shockwave","floor":15,"key":"SMITH"}],"neow_cost":"NONE","seed_source_timestamp":395519632735300,"circlet_count":0,"master_deck":["AscendersBane","Strike_R+1","Strike_R","Strike_R","Strike_R+1","Defend_R","Defend_R","Defend_R","Defend_R","Bash+1","Metallicize","Armaments+1","Flame Barrier","True Grit","Thunderclap","Cleave","Double Tap","Ghostly Armor","Shockwave+1"],"relics":["Burning Blood","NeowsBlessing","Golden Idol","Lantern","The Courier","Regal Pillow","Happy Flower"],"potions_floor_usage":[8,16],"damage_taken":[{"damage":0,"enemies":"2 Louse","floor":1,"turns":1},{"damage":0,"enemies":"Jaw Worm","floor":3,"turns":1},{"damage":0,"enemies":"Gremlin Nob","floor":6,"turns":1},{"damage":23,"enemies":"Lagavulin","floor":8,"turns":10},{"damage":1,"enemies":"Small Slimes","floor":10,"turns":5},{"damage":0,"enemies":"Looter","floor":11,"turns":4},{"damage":6,"enemies":"3 Louse","floor":13,"turns":5},{"damage":20,"enemies":"3 Sentries","floor":14,"turns":7},{"damage":53,"enemies":"The Guardian","floor":16,"turns":21}],"seed_played":"6414428548770874983","potions_obtained":[{"floor":1,"key":"Strength Potion"},{"floor":13,"key":"Regen Potion"}],"is_trial":false,"path_per_floor":["M","?","M","$","?","E","R","E","T","M","M","R","M","E","R","B"],"character_chosen":"IRONCLAD","items_purchased":["Flame Barrier"],"campfire_rested":0,"item_purchase_floors":[4],"current_hp_per_floor":[78,58,64,64,48,54,54,37,37,42,48,48,48,34,34,0],"gold":152,"neow_bonus":"THREE_ENEMY_KILL","is_prod":false,"is_daily":false,"chose_seed":false,"campfire_upgraded":3,"win_rate":0,"timestamp":1565372702,"path_taken":["M","?","M","$","?","E","R","E","T","M","M","R","M","E","R","BOSS"],"build_version":"2019-07-17","purchased_purges":1,"victory":false,"max_hp_per_floor":[80,80,80,80,80,80,80,80,80,80,80,80,80,80,80,80],"card_choices":[{"not_picked":["Infernal Blade","Seeing Red"],"picked":"Metallicize","floor":1},{"not_picked":["Dropkick","Clash"],"picked":"Armaments","floor":3},{"not_picked":["Wild Strike","Rupture"],"picked":"True Grit","floor":6},{"not_picked":["Rupture","Warcry"],"picked":"Thunderclap","floor":8},{"not_picked":["Body Slam","True Grit"],"picked":"Cleave","floor":10},{"not_picked":["Anger","Perfected Strike"],"picked":"Double Tap","floor":11},{"not_picked":["Clothesline","Headbutt"],"picked":"Ghostly Armor","floor":13},{"not_picked":["Thunderclap","Anger"],"picked":"Shockwave","floor":14}],"player_experience":677183,"relics_obtained":[{"floor":6,"key":"Lantern"},{"floor":8,"key":"The Courier"},{"floor":9,"key":"Regal Pillow"},{"floor":14,"key":"Happy Flower"}],"event_choices":[{"damage_healed":0,"gold_gain":0,"player_choice":"Take Damage","damage_taken":20,"relics_obtained":["Golden Idol"],"max_hp_gain":0,"max_hp_loss":0,"event_name":"Golden Idol","floor":2,"gold_loss":0},{"damage_healed":0,"gold_gain":0,"player_choice":"Entered Light","damage_taken":16,"max_hp_gain":0,"max_hp_loss":0,"event_name":"Shining Light","floor":5,"gold_loss":0,"cards_upgraded":["Strike_R","Strike_R"]}],"is_beta":false,"boss_relics":[],"items_purged_floors":[4],"is_endless":false,"potions_floor_spawned":[1,13],"killed_by":"The Guardian","ascension_level":11}