{"gold_per_floor":[217,234,234,245,260,260,288,288,312,15,45,45,56,75,75,172,172,157,157,169,169,182,182,182],"floor_reached":24,"playtime":2957,"items_purged":["Strike_G"],"score":229,"play_id":"84422d94-bccb-43c8-84d4-54a6d65321f2","local_time":"20190801162337","is_ascension_mode":true,"campfire_choices":[{"floor":6,"key":"REST"},{"data":"Poisoned Stab","floor":8,"key":"SMITH"},{"data":"Footwork","floor":12,"key":"SMITH"},{"floor":15,"key":"REST"},{"floor":23,"key":"REST"}],"neow_cost":"NONE","seed_source_timestamp":967743093569383,"circlet_count":0,"master_deck":["Strike_G","Strike_G","Strike_G","Strike_G","Defend_G","Defend_G","Defend_G","Defend_G","Defend_G","Survivor","Neutralize","Footwork+1","Dagger Throw","Poisoned Stab+1","Backflip","Adrenaline","Noxious Fumes","Dagger Spray","Dodge and Roll","Burst","PiercingWail","Well Laid Plans","Dodge and Roll","Acrobatics","Writhe","Bouncing Flask","Deadly Poison+1"],"relics":["Ring of the Snake","Centennial Puzzle","Regal Pillow","Pen Nib","Snake Skull","Orrery","Lantern"],"potions_floor_usage":[7,11,13,13,16,22,22],"damage_taken":[{"damage":6,"enemies":"2 Louse","floor":1,"turns":3},{"damage":0,"enemies":"Small Slimes","floor":2,"turns":5},{"damage":4,"enemies":"Jaw Worm","floor":4,"turns":6},{"damage":2,"enemies":"Blue Slaver","floor":5,"turns":4},{"damage":24,"enemies":"Gremlin Nob","floor":7,"turns":4},{"damage":5,"enemies":"3 Sentries","floor":11,"turns":7},{"damage":0,"enemies":"Large Slime","floor":13,"turns":5},{"damage":5,"enemies":"Gremlin Gang","floor":14,"turns":3},{"damage":10,"enemies":"Slime Boss","floor":16,"turns":7},{"damage":18,"enemies":"2 Thieves","floor":18,"turns":4},{"damage":3,"enemies":"3 Byrds","floor":20,"turns":6},{"damage":19,"enemies":"3 Cultists","floor":22,"turns":6},{"damage":82,"enemies":"Gremlin Leader","floor":24,"turns":10}],"seed_played":"7064401344489306926","potions_obtained":[{"floor":1,"key":"Ancient Potion"},{"floor":5,"key":"Fire Potion"},{"floor":7,"key":"FearPotion"},{"floor":11,"key":"Ancient Potion"},{"floor":14,"key":"GamblersBrew"},{"floor":18,"key":"Block Potion"}],"is_trial":false,"path_per_floor":["M","M","?","M","M","R","E","R","T","$","E","R","M","M","R","B",null,"M","?","M","?","M","R","E"],"character_chosen":"THE_SILENT","items_purchased":["Adrenaline","Noxious Fumes","EssenceOfSteel"],"campfire_rested":3,"item_purchase_floors":[10,10,10],"current_hp_per_floor":[64,64,46,42,40,61,37,37,37,37,32,32,32,27,63,53,70,52,52,49,49,30,66,0],"gold":182,"neow_bonus":"HUNDRED_GOLD","is_prod":false,"is_daily":false,"chose_seed":false,"campfire_upgraded":2,"win_rate":0,"timestamp":1564694617,"path_taken":["M","M","?","M","M","R","E","R","T","$","E","R","M","M","R","BOSS","M","?","M","?","M","R","E"],"build_version":"2019-07-17","purchased_purges":1,"victory":false,"max_hp_per_floor":[70,70,70,70,70,70,70,70,70,70,70,70,70,70,70,70,70,70,70,70,70,70,70,70],"card_choices":[{"not_picked":["Backflip","Sucker Punch"],"picked":"Footwork","floor":1},{"not_picked":["Terror","Concentrate","Calculated Gamble"],"picked":"SKIP","floor":2},{"not_picked":["Cloak And Dagger","Blade Dance"],"picked":"Dagger Throw","floor":4},{"not_picked":["PiercingWail","Flying Knee"],"picked":"Poisoned Stab","floor":5},{"not_picked":["Deflect","Bane"],"picked":"Backflip","floor":7},{"not_picked":["Storm of Steel","Prepared","Dagger Throw"],"picked":"SKIP","floor":11},{"not_picked":["Accuracy","Flechettes"],"picked":"Dagger Spray","floor":13},{"not_picked":["Prepared","Riddle With Holes"],"picked":"Dodge and Roll","floor":14},{"not_picked":["Unload","Doppelganger"],"picked":"Burst","floor":16},{"not_picked":["Flechettes","Tactician"],"picked":"PiercingWail","floor":17},{"not_picked":["Skewer","Sucker Punch"],"picked":"Well Laid Plans","floor":17},{"not_picked":["Eviscerate","Finisher"],"picked":"Dodge and Roll","floor":17},{"not_picked":["Prepared","Poisoned Stab"],"picked":"Acrobatics","floor":17},{"not_picked":["Bullet Time","Backflip","Dagger Throw"],"picked":"SKIP","floor":18},{"not_picked":["All Out Attack","Distraction+1"],"picked":"Bouncing Flask","floor":20},{"not_picked":["Escape Plan","Noxious Fumes"],"picked":"Deadly Poison+1","floor":22}],"player_experience":338903,"relics_obtained":[{"floor":7,"key":"Regal Pillow"},{"floor":9,"key":"Pen Nib"},{"floor":11,"key":"Snake Skull"}],"event_choices":[{"damage_healed":0,"gold_gain":0,"player_choice":"Success","damage_taken":18,"relics_obtained":["Centennial Puzzle"],"max_hp_gain":0,"max_hp_loss":0,"event_name":"Scrap Ooze","floor":3,"gold_loss":0},{"damage_healed":0,"gold_gain":0,"player_choice":"Opened","damage_taken":0,"relics_obtained":["Lantern"],"max_hp_gain":0,"max_hp_loss":0,"event_name":"The Mausoleum","floor":19,"gold_loss":0,"cards_obtained":["Writhe"]},{"damage_healed":0,"gold_gain":0,"player_choice":"Ignored","damage_taken":0,"max_hp_gain":0,"max_hp_loss":0,"event_name":"Cursed Tome","floor":21,"gold_loss":0}],"is_beta":false,"boss_relics":[{"not_picked":["Pandora\u0027s Box","White Beast Statue"],"picked":"Orrery"}],"items_purged_floors":[10],"is_endless":false,"potions_floor_spawned":[1,5,7,11,14,18],"killed_by":"Gremlin Leader","ascension_level":2}