{"gold_per_floor":[110,110,110,127,137,166,156,179,179,179,210,285,285,3,3,76,76,96,96,116,131,141,141,141],"floor_reached":24,"playtime":1360,"items_purged":["Strike_G"],"score":340,"play_id":"ef303d31-9d30-4a17-85b6-81ccf576a0fd","local_time":"20190728123425","is_ascension_mode":true,"campfire_choices":[{"floor":10,"key":"REST"},{"data":"Caltrops","floor":15,"key":"SMITH"},{"data":"Footwork","floor":23,"key":"SMITH"}],"neow_cost":"PERCENT_DAMAGE","seed_source_timestamp":596699561399900,"circlet_count":0,"master_deck":["AscendersBane","Strike_G","Strike_G","Strike_G","Defend_G","Defend_G","Defend_G","Defend_G","Survivor","Neutralize+1","Poisoned Stab+1","Dash","Caltrops+1","Footwork+1","Well Laid Plans","Burst","Footwork+1","Acrobatics"],"relics":["Ring of the Snake","Omamori","Regal Pillow","Letter Opener","Smiling Mask","Dream Catcher","Bag of Preparation","Busted Crown"],"potions_floor_usage":[7,11,20,22],"damage_taken":[{"damage":4,"enemies":"Small Slimes","floor":1,"turns":5},{"damage":0,"enemies":"2 Louse","floor":4,"turns":3},{"damage":1,"enemies":"Cultist","floor":5,"turns":3},{"damage":26,"enemies":"Lagavulin","floor":6,"turns":7},{"damage":6,"enemies":"Exordium Thugs","floor":7,"turns":4},{"damage":5,"enemies":"3 Sentries","floor":11,"turns":10},{"damage":6,"enemies":"The Guardian","floor":16,"turns":14},{"damage":2,"enemies":"Chosen","floor":18,"turns":6},{"damage":4,"enemies":"3 Byrds","floor":20,"turns":4},{"damage":0,"enemies":"Cultist and Chosen","floor":21,"turns":8},{"damage":20,"enemies":"Centurion and Healer","floor":22,"turns":9},{"damage":38,"enemies":"Slavers","floor":24,"turns":5}],"seed_played":"-7185811888460837508","potions_obtained":[{"floor":6,"key":"Energy Potion"},{"floor":7,"key":"EssenceOfSteel"},{"floor":11,"key":"Fire Potion"},{"floor":18,"key":"Block Potion"},{"floor":21,"key":"Swift Potion"}],"is_trial":false,"path_per_floor":["M","?","?","M","M","E","M","T","T","R","E","?","?","$","R","B",null,"M","?","M","M","M","R","E"],"character_chosen":"THE_SILENT","items_purchased":["Footwork","Bag of Preparation"],"campfire_rested":1,"item_purchase_floors":[14,14],"current_hp_per_floor":[41,41,41,41,40,14,8,8,8,44,39,28,28,28,28,22,58,56,56,52,52,32,32,0],"gold":141,"neow_bonus":"REMOVE_TWO","is_prod":false,"is_daily":false,"chose_seed":false,"campfire_upgraded":2,"win_rate":0,"timestamp":1564331665,"path_taken":["M","?","?","M","?","E","M","?","T","R","E","?","?","$","R","BOSS","M","?","M","?","M","R","E"],"build_version":"2019-07-17","purchased_purges":1,"victory":false,"max_hp_per_floor":[70,70,70,70,70,70,70,70,70,70,70,70,70,70,70,70,70,70,70,70,70,70,70,70],"card_choices":[{"not_picked":["PiercingWail","Outmaneuver"],"picked":"Poisoned Stab","floor":1},{"not_picked":["Deadly Poison","Poisoned Stab"],"picked":"Dash","floor":4},{"not_picked":["Acrobatics","Slice"],"picked":"Caltrops","floor":5},{"not_picked":["Doppelganger","Blur"],"picked":"Footwork","floor":6},{"not_picked":["Infinite Blades","Deflect"],"picked":"Well Laid Plans","floor":7},{"not_picked":["Poisoned Stab","Bouncing Flask"],"picked":"Burst","floor":11},{"not_picked":["Bane"],"picked":"SKIP","floor":18},{"not_picked":[],"picked":"Acrobatics","floor":20},{"not_picked":["Outmaneuver"],"picked":"SKIP","floor":21},{"not_picked":["Outmaneuver"],"picked":"SKIP","floor":22}],"player_experience":564351,"relics_obtained":[{"floor":6,"key":"Omamori"},{"floor":8,"key":"Regal Pillow"},{"floor":9,"key":"Letter Opener"},{"floor":11,"key":"Smiling Mask"}],"event_choices":[{"damage_healed":0,"gold_gain":0,"player_choice":"Grow","damage_taken":0,"max_hp_gain":0,"max_hp_loss":0,"event_name":"Living Wall","floor":2,"gold_loss":0,"cards_upgraded":["Neutralize"]},{"damage_healed":0,"gold_gain":0,"player_choice":"Upgraded","damage_taken":0,"max_hp_gain":0,"max_hp_loss":0,"event_name":"Upgrade Shrine","floor":3,"gold_loss":0,"cards_upgraded":["Poisoned Stab"]},{"damage_healed":0,"gold_gain":75,"player_choice":"Gather Gold","damage_taken":11,"max_hp_gain":0,"max_hp_loss":0,"event_name":"World of Goop","floor":12,"gold_loss":0},{"damage_healed":0,"gold_gain":0,"player_choice":"Gave Potion","damage_taken":0,"relics_obtained":["Dream Catcher"],"max_hp_gain":0,"max_hp_loss":0,"event_name":"WeMeetAgain","floor":13,"gold_loss":0},{"damage_healed":0,"gold_gain":0,"player_choice":"Upgraded","damage_taken":0,"max_hp_gain":0,"max_hp_loss":0,"event_name":"Upgrade Shrine","floor":19,"gold_loss":0,"cards_upgraded":["Footwork"]}],"is_beta":false,"boss_relics":[{"not_picked":["Lizard Tail","WristBlade"],"picked":"Busted Crown"}],"items_purged_floors":[14],"is_endless":false,"potions_floor_spawned":[6,7,11,18,21],"killed_by":"Slavers","ascension_level":13}