{"gold_per_floor":[366,192,192,206,25,25,38,38,38,56,82,101,118,133,133,133],"floor_reached":16,"playtime":1322,"items_purged":["Strike_R"],"score":130,"play_id":"ae190d09-6863-4855-81ab-febfca653988","local_time":"20190804115116","is_ascension_mode":true,"campfire_choices":[{"data":"Cleave","floor":6,"key":"SMITH"},{"data":"Bash","floor":8,"key":"SMITH"},{"data":"Shrug It Off","floor":15,"key":"SMITH"}],"neow_cost":"PERCENT_DAMAGE","seed_source_timestamp":0,"circlet_count":0,"master_deck":["Strike_R","Strike_R","Strike_R","Defend_R","Defend_R","Defend_R","Defend_R","Bash+1","Headbutt","Cleave+1","Shrug It Off+1","Sever Soul","Pommel Strike","Seeing Red+1","Barricade"],"special_seed":0,"relics":["Burning Blood","Oddly Smooth Stone","Toxic Egg 2","Potion Belt"],"potions_floor_usage":[11,11,16,16],"damage_taken":[{"damage":4,"enemies":"2 Louse","floor":1,"turns":4},{"damage":6,"enemies":"Cultist","floor":4,"turns":3},{"damage":0,"enemies":"Jaw Worm","floor":7,"turns":3},{"damage":9,"enemies":"3 Louse","floor":10,"turns":3},{"damage":11,"enemies":"3 Sentries","floor":11,"turns":6},{"damage":0,"enemies":"Exordium Thugs","floor":12,"turns":2},{"damage":16,"enemies":"Large Slime","floor":13,"turns":7},{"damage":7,"enemies":"Blue Slaver","floor":14,"turns":4},{"damage":55,"enemies":"Hexaghost","floor":16,"turns":16}],"seed_played":"3058362276360993960","potions_obtained":[{"floor":1,"key":"GamblersBrew"},{"floor":4,"key":"Poison Potion"},{"floor":7,"key":"PowerPotion"},{"floor":13,"key":"Fire Potion"}],"is_trial":false,"path_per_floor":["M","$","?","M","$","R","M","R","T","M","E","M","M","M","R","B"],"character_chosen":"IRONCLAD","items_purchased":["Cleave","Poison Potion","Oddly Smooth Stone","Shrug It Off"],"campfire_rested":0,"item_purchase_floors":[2,2,5,5],"current_hp_per_floor":[58,58,58,58,58,58,64,64,64,61,56,62,52,51,51,0],"gold":133,"neow_bonus":"TWO_FIFTY_GOLD","is_prod":false,"is_daily":false,"chose_seed":false,"campfire_upgraded":3,"win_rate":0,"timestamp":1564937476,"path_taken":["M","$","?","M","?","R","M","R","T","M","E","M","M","M","R","BOSS"],"build_version":"2019-07-17","purchased_purges":1,"victory":false,"max_hp_per_floor":[80,80,80,80,80,80,80,80,80,80,80,80,80,80,80,80],"card_choices":[{"not_picked":["Entrench","Thunderclap"],"picked":"Headbutt","floor":1},{"not_picked":["Entrench","Armaments","Body Slam"],"picked":"SKIP","floor":4},{"not_picked":["Pummel","Second Wind"],"picked":"Sever Soul","floor":7},{"not_picked":["Clash","Fire Breathing"],"picked":"Pommel Strike","floor":10},{"not_picked":["Cleave","Dropkick","Pommel Strike"],"picked":"SKIP","floor":11},{"not_picked":["Anger","Warcry+1","Headbutt"],"picked":"SKIP","floor":12},{"not_picked":["Iron Wave","Warcry+1"],"picked":"Seeing Red+1","floor":13},{"not_picked":["Twin Strike","Anger"],"picked":"Barricade","floor":14}],"player_experience":359894,"relics_obtained":[{"floor":9,"key":"Toxic Egg 2"},{"floor":11,"key":"Potion Belt"}],"event_choices":[{"cards_removed":["Strike_R"],"damage_healed":0,"gold_gain":0,"player_choice":"Offered Basic","damage_taken":0,"max_hp_gain":0,"max_hp_loss":0,"event_name":"Bonfire Elementals","floor":3,"gold_loss":0}],"is_beta":false,"boss_relics":[],"items_purged_floors":[2],"is_endless":false,"potions_floor_spawned":[1,4,7,13],"killed_by":"Hexaghost","ascension_level":5}