{"gold_per_floor":[11,11,75,88,100,126,126,140,140,13,33,65,65,81,81,177,177,191,191,191,208,108,108,121,138,186,212,222,24,24,38,38,38],"floor_reached":33,"playtime":1566,"items_purged":["Strike_R","Writhe","Strike_R"],"score":349,"play_id":"597eaa8d-fc9f-4a4d-a2e9-dab20162247f","local_time":"20190717231438","is_ascension_mode":true,"campfire_choices":[{"data":"Armaments","floor":7,"key":"SMITH"},{"floor":15,"key":"REST"},{"data":"Anger","floor":23,"key":"SMITH"},{"data":"Sword Boomerang","floor":30,"key":"SMITH"},{"data":"Offering","floor":32,"key":"SMITH"}],"neow_cost":"NO_GOLD","seed_source_timestamp":95808730285000,"circlet_count":0,"master_deck":["Strike_R","Strike_R+1","Strike_R+1","Defend_R","Defend_R","Defend_R","Defend_R","Bash+1","Disarm","Armaments+1","Spot Weakness","Shrug It Off","Clothesline","Anger+1","Sword Boomerang+1","Flame Barrier+1","Inflame","Offering+1","Twin Strike+1","Anger"],"relics":["Burning Blood","Mango","Mummified Hand","Nunchaku","Coffee Dripper","Shuriken","Nloth\u0027s Gift","Lantern","Champion Belt"],"potions_floor_usage":[6,21,24,27,28,31],"damage_taken":[{"damage":9,"enemies":"2 Louse","floor":1,"turns":4},{"damage":5,"enemies":"Small Slimes","floor":4,"turns":3},{"damage":1,"enemies":"Cultist","floor":5,"turns":3},{"damage":68,"enemies":"Gremlin Nob","floor":6,"turns":6},{"damage":2,"enemies":"Blue Slaver","floor":8,"turns":6},{"damage":3,"enemies":"Exordium Thugs","floor":11,"turns":5},{"damage":18,"enemies":"Lagavulin","floor":12,"turns":6},{"damage":8,"enemies":"Lots of Slimes","floor":14,"turns":4},{"damage":18,"enemies":"Hexaghost","floor":16,"turns":10},{"damage":6,"enemies":"Chosen","floor":18,"turns":4},{"damage":19,"enemies":"Spheric Guardian","floor":21,"turns":4},{"damage":7,"enemies":"Centurion and Healer","floor":24,"turns":5},{"damage":22,"enemies":"Snecko","floor":25,"turns":4},{"damage":12,"enemies":"Book of Stabbing","floor":27,"turns":5},{"damage":6,"enemies":"3 Cultists","floor":28,"turns":4},{"damage":25,"enemies":"Sentry and Sphere","floor":31,"turns":4},{"damage":46,"enemies":"Collector","floor":33,"turns":7}],"seed_played":"-2927618245283433778","potions_obtained":[{"floor":4,"key":"SkillPotion"},{"floor":5,"key":"Dexterity Potion"},{"floor":12,"key":"Weak Potion"},{"floor":14,"key":"SkillPotion"},{"floor":21,"key":"SkillPotion"},{"floor":24,"key":"Weak Potion"}],"is_trial":false,"path_per_floor":["M","?","?","M","M","E","R","M","T","$","M","E","?","M","R","B",null,"M","?","?","M","$","R","M","M","T","E","M","$","R","M","R","B"],"character_chosen":"IRONCLAD","items_purchased":["Anger","Regen Potion"],"campfire_rested":1,"item_purchase_floors":[10,29],"current_hp_per_floor":[91,91,91,92,94,32,32,36,36,36,39,27,27,25,53,41,81,81,81,81,68,68,68,67,51,51,45,45,45,45,38,38,0],"gold":38,"neow_bonus":"ONE_RARE_RELIC","is_prod":false,"is_daily":false,"chose_seed":false,"campfire_upgraded":4,"win_rate":0,"timestamp":1563419678,"path_taken":["M","?","?","M","M","E","R","M","T","$","M","E","?","?","R","BOSS","M","?","?","M","$","R","?","M","T","E","M","$","R","M","R","BOSS"],"build_version":"2019-07-17","purchased_purges":3,"victory":false,"max_hp_per_floor":[94,94,94,94,94,94,94,94,94,94,94,94,94,94,94,94,94,94,94,94,94,94,94,94,94,94,94,94,94,94,94,94,94],"card_choices":[{"not_picked":["Cleave","Dropkick"],"picked":"Disarm","floor":1},{"not_picked":["Sever Soul","Cleave"],"picked":"Armaments","floor":4},{"not_picked":["True Grit","Bloodletting"],"picked":"Spot Weakness","floor":5},{"not_picked":["Pommel Strike","Armaments"],"picked":"Shrug It Off","floor":6},{"not_picked":["Thunderclap","Iron Wave"],"picked":"Clothesline","floor":8},{"not_picked":["Havoc","Heavy Blade"],"picked":"Sword Boomerang","floor":11},{"not_picked":["Clothesline","Sword Boomerang"],"picked":"Flame Barrier","floor":12},{"not_picked":["Havoc","Flex"],"picked":"Inflame","floor":14},{"not_picked":["Barricade","Fiend Fire"],"picked":"Offering","floor":16},{"not_picked":["Rupture","Seeing Red","Cleave+1"],"picked":"SKIP","floor":18},{"not_picked":["Armaments","Disarm","Havoc+1"],"picked":"SKIP","floor":21},{"not_picked":["Perfected Strike","Rampage","Sword Boomerang"],"picked":"SKIP","floor":24},{"not_picked":["Warcry","Twin Strike","Armaments"],"picked":"SKIP","floor":25},{"not_picked":["Wild Strike+1","Rupture"],"picked":"Twin Strike+1","floor":27},{"not_picked":["Flame Barrier","Pommel Strike","Headbutt"],"picked":"SKIP","floor":28},{"not_picked":["Clothesline","True Grit"],"picked":"Anger","floor":31}],"player_experience":388114,"relics_obtained":[{"floor":6,"key":"Whetstone"},{"floor":9,"key":"Mummified Hand"},{"floor":12,"key":"Nunchaku"},{"floor":26,"key":"Lantern"},{"floor":27,"key":"Champion Belt"}],"event_choices":[{"damage_healed":0,"gold_gain":0,"player_choice":"Grow","damage_taken":0,"max_hp_gain":0,"max_hp_loss":0,"event_name":"Living Wall","floor":2,"gold_loss":0,"cards_upgraded":["Bash"]},{"damage_healed":0,"gold_gain":64,"player_choice":"Gained Gold","damage_taken":0,"max_hp_gain":0,"max_hp_loss":0,"event_name":"Golden Wing","floor":3,"gold_loss":0},{"damage_healed":0,"gold_gain":0,"player_choice":"Forge","damage_taken":0,"max_hp_gain":0,"max_hp_loss":0,"event_name":"Accursed Blacksmith","floor":13,"gold_loss":0,"cards_upgraded":["Flame Barrier"]},{"damage_healed":0,"gold_gain":0,"player_choice":"Opened","damage_taken":0,"relics_obtained":["Shuriken"],"max_hp_gain":0,"max_hp_loss":0,"event_name":"The Mausoleum","floor":19,"gold_loss":0,"cards_obtained":["Writhe"]},{"damage_healed":0,"gold_gain":0,"player_choice":"Traded Relic","damage_taken":0,"relics_obtained":["Nloth\u0027s Gift"],"max_hp_gain":0,"max_hp_loss":0,"event_name":"N\u0027loth","floor":20,"relics_lost":["Whetstone"],"gold_loss":0}],"is_beta":false,"boss_relics":[{"not_picked":["Empty Cage","White Beast Statue"],"picked":"Coffee Dripper"}],"items_purged_floors":[10,22,29],"is_endless":false,"potions_floor_spawned":[4,5,12,14,21,24],"killed_by":"Collector","ascension_level":5}