{"gold_per_floor":[11,29,29,48,20,20,20,20,92,123,134,28,28,28,28,128,128,110,126,146,157,157,157],"floor_reached":23,"playtime":929,"items_purged":[],"score":248,"play_id":"338ffcc7-60fa-4767-bfcc-776dc18bd579","local_time":"20190720095522","is_ascension_mode":true,"campfire_choices":[{"data":"Uppercut","floor":6,"key":"SMITH"},{"data":"Metallicize","floor":8,"key":"SMITH"},{"data":"Inflame","floor":15,"key":"SMITH"}],"neow_cost":"NO_GOLD","seed_source_timestamp":307701667283800,"circlet_count":0,"master_deck":["Strike_R","Strike_R","Strike_R","Strike_R","Defend_R","Defend_R","Defend_R","Bash+1","Uppercut+1","Metallicize+1","Inflame+1","Combust","Shrug It Off","Armaments+1","Inflame","Immolate","True Grit","Headbutt+1","Burning Pact+1"],"relics":["Black Blood","The Courier","Meat on the Bone","Ancient Tea Set"],"potions_floor_usage":[10,18,19,19,21],"damage_taken":[{"damage":7,"enemies":"Jaw Worm","floor":1,"turns":3},{"damage":6,"enemies":"2 Louse","floor":2,"turns":4},{"damage":0,"enemies":"Small Slimes","floor":4,"turns":3},{"damage":24,"enemies":"3 Sentries","floor":10,"turns":10},{"damage":8,"enemies":"Exordium Thugs","floor":11,"turns":6},{"damage":6,"enemies":"Hexaghost","floor":16,"turns":9},{"damage":6,"enemies":"2 Thieves","floor":18,"turns":4},{"damage":27,"enemies":"3 Byrds","floor":19,"turns":5},{"damage":14,"enemies":"Snake Plant","floor":20,"turns":5},{"damage":32,"enemies":"Centurion and Healer","floor":21,"turns":6},{"damage":53,"enemies":"Book of Stabbing","floor":23,"turns":5}],"seed_played":"1421986488214035046","potions_obtained":[{"floor":4,"key":"EssenceOfSteel"},{"floor":11,"key":"SkillPotion"},{"floor":16,"key":"Block Potion"},{"floor":18,"key":"AttackPotion"},{"floor":20,"key":"SkillPotion"}],"is_trial":false,"path_per_floor":["M","M","?","M","?","R","$","R","T","E","M","$","?","?","R","B",null,"M","M","M","M","?","E"],"character_chosen":"IRONCLAD","items_purchased":["Armaments","Inflame"],"campfire_rested":0,"item_purchase_floors":[12,12],"current_hp_per_floor":[71,71,71,77,77,77,77,77,77,59,57,57,54,54,54,54,74,78,61,57,47,47,0],"gold":157,"neow_bonus":"REMOVE_TWO","is_prod":false,"is_daily":false,"chose_seed":false,"campfire_upgraded":3,"win_rate":0,"timestamp":1563630922,"path_taken":["M","M","?","M","?","R","$","R","T","E","M","$","?","?","R","BOSS","M","M","M","M","?","E"],"build_version":"2019-07-17","purchased_purges":0,"victory":false,"max_hp_per_floor":[80,80,80,80,80,80,80,80,80,80,80,80,80,80,80,80,80,80,80,80,80,80,80],"card_choices":[{"not_picked":["Twin Strike","Sentinel"],"picked":"Uppercut","floor":1},{"not_picked":["Twin Strike","Heavy Blade"],"picked":"Metallicize","floor":2},{"not_picked":["Bludgeon","Heavy Blade"],"picked":"Inflame","floor":4},{"not_picked":["Clothesline","Havoc"],"picked":"Combust","floor":10},{"not_picked":["Sword Boomerang","Pommel Strike"],"picked":"Shrug It Off","floor":11},{"not_picked":["Bludgeon","Berserk"],"picked":"Immolate","floor":16},{"not_picked":["Pommel Strike","Cleave"],"picked":"True Grit","floor":18},{"not_picked":["Armaments","Second Wind"],"picked":"Headbutt+1","floor":19},{"not_picked":["Wild Strike","Fire Breathing","Combust"],"picked":"SKIP","floor":20},{"not_picked":["Warcry","Rage"],"picked":"Burning Pact+1","floor":21}],"player_experience":437459,"relics_obtained":[{"floor":9,"key":"The Courier"},{"floor":10,"key":"Meat on the Bone"}],"event_choices":[{"damage_healed":0,"gold_gain":0,"player_choice":"Grow","damage_taken":0,"max_hp_gain":0,"max_hp_loss":0,"event_name":"Living Wall","floor":3,"gold_loss":0,"cards_upgraded":["Bash"]},{"damage_healed":0,"gold_gain":0,"player_choice":"Left Gold","damage_taken":0,"max_hp_gain":0,"max_hp_loss":0,"event_name":"World of Goop","floor":5,"gold_loss":28},{"damage_healed":0,"gold_gain":0,"player_choice":"Success","damage_taken":3,"relics_obtained":["Ancient Tea Set"],"max_hp_gain":0,"max_hp_loss":0,"event_name":"Scrap Ooze","floor":13,"gold_loss":0},{"damage_healed":0,"gold_gain":0,"player_choice":"Upgraded","damage_taken":0,"max_hp_gain":0,"max_hp_loss":0,"event_name":"Upgrade Shrine","floor":14,"gold_loss":0,"cards_upgraded":["Armaments"]},{"damage_healed":0,"gold_gain":0,"player_choice":"Ignored","damage_taken":0,"max_hp_gain":0,"max_hp_loss":0,"event_name":"Ghosts","floor":22,"gold_loss":0}],"is_beta":false,"boss_relics":[{"not_picked":["Calling Bell","Runic Dome"],"picked":"Black Blood"}],"items_purged_floors":[],"is_endless":false,"potions_floor_spawned":[4,11,16,18,20],"killed_by":"Book of Stabbing","ascension_level":6}