{"path_per_floor":["M","$","M","M","M","R","M","R","T","M","M","R","?","M","R","B",null,"M","?","?","?","M","R","?"],"character_chosen":"THE_SILENT","items_purchased":["Dagger Spray","Poisoned Stab"],"gold_per_floor":[112,16,36,55,74,74,85,85,85,102,115,115,115,133,133,234,264,284,316,316,316,334,334,433,433],"floor_reached":25,"campfire_rested":5,"playtime":2518,"item_purchase_floors":[2,2],"current_hp_per_floor":[69,69,67,59,32,53,40,61,61,61,48,69,51,45,66,7,75,62,20,20,25,8,30,30,0],"items_purged":[],"gold":433,"score":195,"play_id":"b36a7442-c7a1-46f9-90e9-429f8fc6575e","local_time":"20180618194250","is_prod":false,"is_daily":false,"chose_seed":false,"is_ascension_mode":false,"campfire_upgraded":0,"win_rate":0.0,"timestamp":1529347370,"campfire_choices":[{"floor":6,"key":"REST"},{"floor":8,"key":"REST"},{"floor":12,"key":"REST"},{"floor":15,"key":"REST"},{"floor":23,"key":"REST"}],"path_taken":["M","$","M","M","M","R","M","R","T","M","M","R","?","?","R","BOSS","M","?","?","?","M","R","?","E"],"build_version":"2018-06-14v2","seed_source_timestamp":346205617643631,"purchased_purges":0,"victory":false,"master_deck":["Defend_G","Defend_G","Defend_G","Defend_G","Defend_G","Strike_G","Strike_G","Strike_G","Strike_G","Strike_G","Survivor","Neutralize","Deadly Poison","Dagger Spray","Poisoned Stab","Bouncing Flask","Underhanded Strike","Dagger Spray","Blade Dance+1","Dagger Spray","Deadly Poison","Deflect","Adrenaline","Dash","Dodge and Roll","Riddle With Holes+1"],"max_hp_per_floor":[70,70,70,70,70,70,70,70,70,70,70,70,70,70,70,70,75,75,75,75,75,75,75,75,75],"relics":["Ring of the Snake","The Specimen","Matryoshka","Tiny House","Red Mask"],"card_choices":[{"not_picked":["Reflex","Slice"],"picked":"Deadly Poison","floor":1},{"not_picked":["PiercingWail","Choke"],"picked":"Bouncing Flask","floor":3},{"not_picked":["Terror","Flying Knee"],"picked":"Underhanded Strike","floor":4},{"not_picked":["Deflect","Prepared"],"picked":"Dagger Spray","floor":5},{"not_picked":["Malaise","Unload"],"picked":"Blade Dance","floor":7},{"not_picked":["Poisoned Stab","Calculated Gamble"],"picked":"Dagger Spray","floor":10},{"not_picked":["Poisoned Stab","PiercingWail"],"picked":"Deadly Poison","floor":11},{"not_picked":["Acrobatics","Blade Dance"],"picked":"Deflect","floor":14},{"not_picked":["Doppelganger","Night Terror"],"picked":"Adrenaline","floor":16},{"not_picked":["Masterful Stab","Acrobatics"],"picked":"Dash","floor":17},{"not_picked":["PiercingWail","Deadly Poison+1"],"picked":"Dodge and Roll","floor":18},{"not_picked":["Deflect","Acrobatics"],"picked":"Dagger Throw+1","floor":19},{"not_picked":["Quick Slash+1","Dodge and Roll+1"],"picked":"Riddle With Holes+1","floor":22}],"player_experience":40483,"potions_floor_usage":[],"damage_taken":[{"damage":1,"enemies":"Cultist","floor":1,"turns":4},{"damage":2,"enemies":"2 Louse","floor":3,"turns":2},{"damage":8,"enemies":"Jaw Worm","floor":4,"turns":3},{"damage":27,"enemies":"Exordium Thugs","floor":5,"turns":6},{"damage":13,"enemies":"3 Louse","floor":7,"turns":3},{"damage":0,"enemies":"Looter","floor":10,"turns":4},{"damage":13,"enemies":"2 Fungi Beasts","floor":11,"turns":3},{"damage":6,"enemies":"Blue Slaver","floor":14,"turns":4},{"damage":59,"enemies":"Hexaghost","floor":16,"turns":11},{"damage":13,"enemies":"Chosen","floor":18,"turns":4},{"damage":42,"floor":19,"turns":4},{"damage":17,"enemies":"Shell Parasite","floor":22,"turns":5},{"damage":34,"enemies":"Slavers","floor":25,"turns":3}],"relics_obtained":[{"floor":9,"key":"The Specimen"},{"floor":19,"key":"Red Mask"}],"event_choices":[{"event_name":"Scrap Ooze","player_choice":"success","floor":13,"damage_taken":18},{"event_name":"Masked Bandits","player_choice":"Fought over 284 gold","floor":19,"damage_taken":0},{"event_name":"Vampires","player_choice":"Ignored","floor":20,"damage_taken":0},{"event_name":"Bonfire Elementals","player_choice":"COMMON","floor":21,"damage_taken":0},{"event_name":"Nest","player_choice":"Stole From Cult","floor":24,"damage_taken":0}],"boss_relics":[{"not_picked":["Ectoplasm","Astrolabe"],"picked":"Tiny House"}],"items_purged_floors":[],"is_endless":false,"potions_floor_spawned":[4,7,16,18,22],"seed_played":"8074545563518900779","killed_by":"Slavers","ascension_level":0,"potions_obtained":[{"floor":4,"key":"SmokeBomb"},{"floor":7,"key":"Block Potion"},{"floor":16,"key":"Swift Potion"},{"floor":17,"key":"PowerPotion"},{"floor":18,"key":"Fire Potion"}],"is_trial":false}