{"gold_per_floor":[112,112,126,76,87,87,101,101,178,194,369,379,85,97,97,97],"floor_reached":16,"playtime":553,"items_purged":[],"score":94,"play_id":"9bc0495e-2d36-4e12-b898-71f495b935d7","local_time":"20180624103131","is_ascension_mode":false,"campfire_choices":[{"data":"Cleave","floor":6,"key":"SMITH"},{"floor":8,"key":"REST"},{"floor":15,"key":"REST"}],"neow_cost":"NONE","seed_source_timestamp":461782457120984,"circlet_count":0,"master_deck":["Strike_R","Strike_R","Strike_R","Strike_R","Strike_R","Defend_R","Defend_R","Defend_R","Bash","Thunderclap","Headbutt","Cleave+1","Perfected Strike","Heavy Blade","Doubt","Iron Wave","Immolate","Cleave"],"relics":["Burning Blood","NeowsBlessing","Tiny Chest","Vajra"],"potions_floor_usage":[10,12,16],"damage_taken":[{"damage":0,"enemies":"Jaw Worm","floor":1,"turns":1},{"damage":0,"enemies":"Cultist","floor":3,"turns":1},{"damage":0,"enemies":"2 Louse","floor":5,"turns":1},{"damage":11,"enemies":"Red Slaver","floor":7,"turns":4},{"damage":22,"enemies":"Large Slime","floor":10,"turns":7},{"damage":0,"enemies":"2 Fungi Beasts","floor":12,"turns":2},{"damage":6,"enemies":"Lots of Slimes","floor":14,"turns":3},{"damage":70,"enemies":"The Guardian","floor":16,"turns":8}],"seed_played":"8362747426773924445","potions_obtained":[{"floor":3,"key":"Block Potion"},{"floor":7,"key":"GamblersBrew"},{"floor":10,"key":"Energy Potion"},{"floor":14,"key":"AttackPotion"}],"is_trial":false,"path_per_floor":["M","?","M","?","M","R","M","R","T","M","?","M","$","M","R"],"character_chosen":"IRONCLAD","items_purchased":["Vajra","Immolate"],"campfire_rested":2,"item_purchase_floors":[13,13],"current_hp_per_floor":[80,80,80,80,80,80,75,80,80,64,64,70,70,70,80,10],"gold":97,"neow_bonus":"THREE_ENEMY_KILL","is_prod":false,"is_daily":false,"chose_seed":false,"campfire_upgraded":1,"win_rate":0.0,"timestamp":1529832691,"path_taken":["M","?","M","?","M","R","M","R","T","M","?","M","$","M","R","BOSS"],"build_version":"2018-06-21v2","purchased_purges":0,"victory":false,"max_hp_per_floor":[80,80,80,80,80,80,80,80,80,80,80,80,80,80,80,80],"card_choices":[{"not_picked":["Clash","Evolve"],"picked":"Thunderclap","floor":1},{"not_picked":["Second Wind","Iron Wave"],"picked":"Headbutt","floor":3},{"not_picked":["Flex","Shrug It Off"],"picked":"Cleave","floor":5},{"not_picked":["Headbutt","Evolve"],"picked":"Perfected Strike","floor":7},{"not_picked":["Perfected Strike","Wild Strike"],"picked":"Heavy Blade","floor":10},{"not_picked":["Havoc","Wild Strike"],"picked":"Iron Wave","floor":12},{"not_picked":["Combust","Battle Trance"],"picked":"Cleave","floor":14}],"player_experience":100098,"relics_obtained":[{"floor":9,"key":"Tiny Chest"}],"event_choices":[{"event_name":"Golden Wing","player_choice":"Ignored","floor":2,"damage_taken":0},{"event_name":"The Cleric","player_choice":"Card Removal","floor":4,"damage_taken":0},{"event_name":"Liars Game","player_choice":"agreed","floor":11,"damage_taken":0}],"boss_relics":[],"items_purged_floors":[],"is_endless":false,"potions_floor_spawned":[3,7,10,14],"killed_by":"The Guardian","ascension_level":0}