{"gold_per_floor":[219,233,252,268,14,46,98,98,121,152,189,189,229,229,229,373,373,385,189,242,276,84,84,96,96,96,96,96,96,142,154,166,178],"floor_reached":33,"playtime":3158,"items_purged":["Strike_R"],"score":346,"play_id":"5aa21910-512c-4242-89e6-cc05d58feebd","local_time":"20190803091717","is_ascension_mode":true,"campfire_choices":[{"floor":8,"key":"REST"},{"floor":12,"key":"REST"},{"data":"Armaments","floor":15,"key":"SMITH"},{"floor":23,"key":"REST"},{"data":"Shrug It Off","floor":25,"key":"SMITH"},{"floor":27,"key":"REST"},{"data":"Impervious","floor":32,"key":"SMITH"}],"neow_cost":"NONE","seed_source_timestamp":3985757204343,"circlet_count":0,"master_deck":["Strike_R","Strike_R","Strike_R","Defend_R+1","Defend_R","Defend_R+1","Bash","Dropkick","Pommel Strike","Thunderclap","HandOfGreed","Armaments+1","Impervious+1","Sentinel","Immolate+1","Shrug It Off+1","Body Slam+1","Clothesline+1","Fiend Fire+1","Pummel+1","Brutality"],"special_seed":0,"relics":["Burning Blood","Molten Egg 2","War Paint","Bronze Scales","keyreminder:keyreminder","Snecko Eye","Happy Flower","HandDrill","Charon\u0027s Ashes","MawBank"],"potions_floor_usage":[6,10,16,16,21,24,33],"damage_taken":[{"damage":7,"enemies":"2 Louse","floor":1,"turns":4},{"damage":7,"enemies":"Jaw Worm","floor":2,"turns":3},{"damage":10,"enemies":"Small Slimes","floor":3,"turns":3},{"damage":15,"enemies":"3 Louse","floor":4,"turns":3},{"damage":32,"enemies":"Gremlin Nob","floor":6,"turns":4},{"damage":12,"enemies":"2 Fungi Beasts","floor":7,"turns":5},{"damage":39,"enemies":"Lagavulin","floor":10,"turns":5},{"damage":8,"enemies":"Blue Slaver","floor":11,"turns":3},{"damage":6,"enemies":"3 Louse","floor":13,"turns":3},{"damage":37,"enemies":"Slime Boss","floor":16,"turns":16},{"damage":0,"enemies":"Chosen","floor":18,"turns":3},{"damage":11,"enemies":"2 Thieves","floor":20,"turns":3},{"damage":49,"enemies":"Centurion and Healer","floor":21,"turns":8},{"damage":28,"enemies":"Shelled Parasite and Fungi","floor":24,"turns":4},{"damage":5,"enemies":"Slavers","floor":30,"turns":4},{"damage":66,"enemies":"Automaton","floor":33,"turns":6}],"seed_played":"-5024087593819065874","potions_obtained":[{"floor":1,"key":"Swift Potion"},{"floor":4,"key":"AttackPotion"},{"floor":7,"key":"Poison Potion"},{"floor":11,"key":"Explosive Potion"},{"floor":18,"key":"Regen Potion"},{"floor":30,"key":"SkillPotion"}],"is_trial":false,"path_per_floor":["M","M","M","M","$","E","M","R","T","E","M","R","M","?","R","B",null,"M","$","M","M","$","R","M","R","T","R","?","T","E","?","R","B"],"character_chosen":"IRONCLAD","items_purchased":["HandOfGreed","Happy Flower","Poison Potion","HandDrill"],"campfire_rested":4,"item_purchase_floors":[5,19,19,22],"current_hp_per_floor":[79,78,74,65,65,39,33,57,57,24,22,46,46,46,46,15,64,70,70,65,22,22,46,36,36,36,60,60,60,61,61,61,0],"gold":178,"neow_bonus":"HUNDRED_GOLD","is_prod":false,"is_daily":false,"chose_seed":false,"campfire_upgraded":3,"win_rate":0,"timestamp":1564841837,"path_taken":["M","M","M","M","$","E","M","R","T","E","M","R","M","?","R","BOSS","M","$","M","M","$","R","M","R","T","R","?","?","E","?","R","BOSS"],"build_version":"2019-07-17","purchased_purges":1,"victory":false,"max_hp_per_floor":[80,80,80,80,80,80,80,80,80,80,80,80,80,80,80,80,80,80,80,80,80,80,80,80,80,80,80,80,80,80,80,80,80],"card_choices":[{"not_picked":["Fire Breathing","Body Slam"],"picked":"Dropkick","floor":1},{"not_picked":["Armaments","Heavy Blade"],"picked":"Pommel Strike","floor":2},{"not_picked":["Headbutt","Dual Wield"],"picked":"Thunderclap","floor":3},{"not_picked":["Shrug It Off","Carnage","Thunderclap"],"picked":"SKIP","floor":4},{"not_picked":["Heavy Blade","Perfected Strike","Pummel"],"picked":"SKIP","floor":6},{"not_picked":["Pommel Strike+1","Spot Weakness"],"picked":"Armaments","floor":7},{"not_picked":["Seeing Red","Rupture"],"picked":"Impervious","floor":10},{"not_picked":["Havoc","Power Through"],"picked":"Sentinel","floor":11},{"not_picked":["Feel No Pain","Hemokinesis+1","Warcry"],"picked":"SKIP","floor":13},{"not_picked":["Exhume","Dark Embrace"],"picked":"Immolate+1","floor":16},{"not_picked":["Wild Strike+1","Flex","Power Through"],"picked":"SKIP","floor":18},{"not_picked":["Thunderclap+1","Pommel Strike+1"],"picked":"Shrug It Off","floor":20},{"not_picked":["Anger+1","Combust+1"],"picked":"Body Slam+1","floor":21},{"not_picked":["Cleave+1","Clash+1"],"picked":"Clothesline+1","floor":24},{"not_picked":["Thunderclap+1","Havoc"],"picked":"Fiend Fire+1","floor":30}],"player_experience":350520,"relics_obtained":[{"floor":6,"key":"Molten Egg 2"},{"floor":9,"key":"War Paint"},{"floor":10,"key":"Bronze Scales"},{"floor":29,"key":"Charon\u0027s Ashes"},{"floor":30,"key":"MawBank"}],"event_choices":[{"damage_healed":0,"gold_gain":0,"player_choice":"Fled","damage_taken":0,"max_hp_gain":0,"max_hp_loss":0,"event_name":"Scrap Ooze","floor":14,"gold_loss":0},{"damage_healed":0,"gold_gain":0,"player_choice":"Ignored","damage_taken":0,"max_hp_gain":0,"max_hp_loss":0,"event_name":"Ghosts","floor":28,"gold_loss":0},{"damage_healed":0,"gold_gain":0,"cards_transformed":["Strike_R","Defend_R"],"player_choice":"Became Test Subject","damage_taken":0,"max_hp_gain":0,"max_hp_loss":0,"event_name":"Drug Dealer","floor":31,"gold_loss":0,"cards_obtained":["Pummel","Brutality"]}],"is_beta":false,"boss_relics":[{"not_picked":["Lizard Tail","Runic Dome"],"picked":"Snecko Eye"}],"items_purged_floors":[5],"is_endless":false,"potions_floor_spawned":[1,4,7,11,18,30],"killed_by":"Automaton","ascension_level":5}