{"gold_per_floor":[110,110,125,140,158,158,172,205,232,232,232,157,157,57,57,161,161,174,174,190,190,109,109,127,155,155,155,171,46,69,89,89,186,186,198,298,149,149,149,149,164,92,119,119,165,165],"floor_reached":46,"playtime":2904,"items_purged":["Strike_R","Regret","Infernal Blade"],"score":456,"play_id":"4ee6c6ab-d356-42ef-9489-80a6546cbe44","local_time":"20190809235759","is_ascension_mode":true,"campfire_choices":[{"data":"Armaments","floor":6,"key":"SMITH"},{"floor":11,"key":"REST"},{"floor":15,"key":"REST"},{"floor":23,"key":"REST"},{"data":"Sentinel","floor":27,"key":"SMITH"},{"floor":32,"key":"REST"},{"data":"Flame Barrier","floor":40,"key":"SMITH"}],"neow_cost":"TEN_PERCENT_HP_LOSS","seed_source_timestamp":490001498788133,"circlet_count":0,"master_deck":["Strike_R","Strike_R","Defend_R","Defend_R","Defend_R","Defend_R","Bash","Madness+1","Shrug It Off","Battle Trance","Armaments+1","Whirlwind","Rampage","Juggernaut","Uppercut","Havoc+1","Sentinel+1","Corruption","Flame Barrier+1","Entrench","Forethought"],"relics":["Burning Blood","Boot","Centennial Puzzle","Regal Pillow","Empty Cage","Bag of Marbles","Bag of Preparation","Self Forming Clay","Juzu Bracelet","Busted Crown","Torii","Lantern","Nunchaku"],"potions_floor_usage":[16,16,25,33,33,33,45],"damage_taken":[{"damage":7,"enemies":"2 Louse","floor":1,"turns":3},{"damage":1,"enemies":"Cultist","floor":3,"turns":4},{"damage":2,"enemies":"Jaw Worm","floor":4,"turns":4},{"damage":2,"enemies":"Looter","floor":5,"turns":2},{"damage":0,"enemies":"Blue Slaver","floor":7,"turns":5},{"damage":69,"enemies":"Gremlin Nob","floor":8,"turns":6},{"damage":43,"enemies":"Slime Boss","floor":16,"turns":12},{"damage":10,"enemies":"Shell Parasite","floor":18,"turns":6},{"damage":18,"enemies":"3 Byrds","floor":20,"turns":6},{"damage":14,"enemies":"Cultist and Chosen","floor":24,"turns":5},{"damage":23,"enemies":"Book of Stabbing","floor":25,"turns":7},{"damage":15,"enemies":"Shelled Parasite and Fungi","floor":28,"turns":7},{"damage":0,"enemies":"Snake Plant","floor":31,"turns":4},{"damage":81,"enemies":"Collector","floor":33,"turns":17},{"damage":13,"enemies":"3 Darklings","floor":35,"turns":7},{"damage":15,"enemies":"Mind Bloom Boss Battle","floor":36,"turns":8},{"damage":14,"enemies":"Orb Walker","floor":41,"turns":4},{"damage":37,"enemies":"2 Orb Walkers","floor":45,"turns":6},{"damage":45,"enemies":"4 Shapes","floor":46,"turns":3}],"seed_played":"1984681956448714033","potions_obtained":[{"floor":3,"key":"Explosive Potion"},{"floor":4,"key":"Swift Potion"},{"floor":8,"key":"Explosive Potion"},{"floor":16,"key":"FearPotion"},{"floor":24,"key":"EssenceOfSteel"},{"floor":28,"key":"Explosive Potion"},{"floor":31,"key":"Regen Potion"},{"floor":33,"key":"EssenceOfSteel"},{"floor":41,"key":"Explosive Potion"},{"floor":45,"key":"Energy Potion"}],"is_trial":false,"path_per_floor":["M","?","M","M","M","R","M","E","T","?","R","$","?","$","R","B",null,"M","?","M","?","$","R","M","E","T","R","M","$","T","M","R","B",null,"M","?","$","?","?","R","M","$","T","?","?","M"],"character_chosen":"IRONCLAD","items_purchased":["Uppercut","Corruption","Flame Barrier","Entrench"],"campfire_rested":4,"item_purchase_floors":[22,37,37,42],"current_hp_per_floor":[71,71,72,72,72,72,72,9,9,2,23,23,23,23,59,22,72,68,55,43,43,43,77,69,52,52,52,43,43,43,49,77,17,77,70,61,61,61,61,61,53,53,53,48,17,0],"gold":165,"neow_bonus":"RANDOM_COLORLESS_2","is_prod":false,"is_daily":false,"chose_seed":false,"campfire_upgraded":3,"win_rate":0,"timestamp":1565387879,"path_taken":["M","?","?","M","M","R","M","E","T","?","R","$","?","$","R","BOSS","M","?","M","?","?","R","M","E","T","R","M","$","?","M","R","BOSS","M","?","$","?","?","R","M","$","T","?","?","M"],"build_version":"2019-07-17","purchased_purges":3,"victory":false,"max_hp_per_floor":[72,72,72,72,72,72,72,72,72,72,72,72,72,72,72,72,72,72,77,77,77,77,77,77,77,77,77,77,77,77,77,77,77,77,77,77,77,77,77,77,77,77,77,77,77,77],"card_choices":[{"not_picked":["Pommel Strike","Combust"],"picked":"Shrug It Off","floor":1},{"not_picked":["Cleave","Warcry"],"picked":"Infernal Blade","floor":3},{"not_picked":["Seeing Red","Sever Soul"],"picked":"Battle Trance","floor":4},{"not_picked":["Clothesline","Iron Wave"],"picked":"Armaments","floor":5},{"not_picked":["Power Through","Fiend Fire"],"picked":"Whirlwind","floor":7},{"not_picked":["Spot Weakness","Armaments"],"picked":"Rampage","floor":8},{"not_picked":["Dark Embrace","Bludgeon"],"picked":"Juggernaut","floor":16},{"not_picked":["Flex","Headbutt","Thunderclap"],"picked":"SKIP","floor":18},{"not_picked":["Headbutt","Thunderclap","Heavy Blade"],"picked":"SKIP","floor":20},{"not_picked":["Perfected Strike","Sword Boomerang"],"picked":"Havoc+1","floor":24},{"not_picked":["Warcry","Cleave"],"picked":"Sentinel","floor":25},{"not_picked":["Whirlwind+1","Body Slam","Searing Blow+1"],"picked":"SKIP","floor":28},{"not_picked":["Anger","Disarm","Body Slam+1"],"picked":"SKIP","floor":31},{"not_picked":["Anger+1"],"picked":"SKIP","floor":35},{"not_picked":[],"picked":"Pummel+1","floor":36},{"not_picked":["Combust+1"],"picked":"SKIP","floor":41},{"not_picked":[],"picked":"Forethought","floor":44}],"player_experience":60145,"relics_obtained":[{"floor":8,"key":"Boot"},{"floor":9,"key":"Centennial Puzzle"},{"floor":25,"key":"Bag of Preparation"},{"floor":26,"key":"Self Forming Clay"},{"floor":30,"key":"Juzu Bracelet"},{"floor":36,"key":"Torii"},{"floor":43,"key":"Lantern"},{"floor":45,"key":"Nunchaku"}],"event_choices":[{"damage_healed":0,"gold_gain":0,"player_choice":"Upgraded","damage_taken":0,"max_hp_gain":0,"max_hp_loss":0,"event_name":"Upgrade Shrine","floor":2,"gold_loss":0,"cards_upgraded":["Madness"]},{"cards_removed":["Impatience"],"damage_healed":0,"gold_gain":0,"player_choice":"Card Removal","damage_taken":7,"max_hp_gain":0,"max_hp_loss":0,"event_name":"Golden Wing","floor":10,"gold_loss":0},{"damage_healed":0,"gold_gain":0,"player_choice":"Box","damage_taken":0,"relics_obtained":["Regal Pillow"],"max_hp_gain":0,"max_hp_loss":0,"event_name":"Big Fish","floor":13,"gold_loss":0,"cards_obtained":["Regret"]},{"damage_healed":0,"gold_gain":0,"player_choice":"Shed Blood","damage_taken":18,"max_hp_gain":5,"max_hp_loss":0,"event_name":"Forgotten Altar","floor":19,"gold_loss":0},{"damage_healed":0,"gold_gain":0,"player_choice":"Opened","damage_taken":0,"relics_obtained":["Bag of Marbles"],"max_hp_gain":0,"max_hp_loss":0,"event_name":"The Mausoleum","floor":21,"gold_loss":0},{"damage_healed":0,"gold_gain":0,"player_choice":"Fight","damage_taken":0,"max_hp_gain":0,"max_hp_loss":0,"event_name":"MindBloom","floor":36,"gold_loss":0},{"cards_removed":["Pummel"],"damage_healed":0,"gold_gain":0,"player_choice":"Removed Attack","damage_taken":0,"max_hp_gain":0,"max_hp_loss":0,"event_name":"Falling","floor":38,"gold_loss":0},{"damage_healed":0,"gold_gain":0,"player_choice":"Ignored","damage_taken":0,"max_hp_gain":0,"max_hp_loss":0,"event_name":"Tomb of Lord Red Mask","floor":39,"gold_loss":0},{"damage_healed":0,"gold_gain":0,"player_choice":"Memory 2","damage_taken":5,"max_hp_gain":0,"max_hp_loss":0,"event_name":"SensoryStone","floor":44,"gold_loss":0},{"damage_healed":0,"gold_gain":0,"player_choice":"Fight","damage_taken":0,"max_hp_gain":0,"max_hp_loss":0,"event_name":"Mysterious Sphere","floor":45,"gold_loss":0}],"is_beta":false,"boss_relics":[{"not_picked":["Snecko Eye","Fusion Hammer"],"picked":"Empty Cage"},{"not_picked":["Velvet Choker","Lizard Tail"],"picked":"Busted Crown"}],"items_purged_floors":[12,14,29],"is_endless":false,"potions_floor_spawned":[3,4,8,16,24,28,31,33,41,45],"killed_by":"4 Shapes","ascension_level":1}