{"gold_per_floor":[111,121,131,22,97,97,132,148,218,218,218,238,258,272,272,370,370,387,137,152,251,251,251,270,270,270,289,289,289,289,34,34,34],"floor_reached":33,"playtime":2329,"items_purged":["Strike_G","Strike_G"],"score":321,"play_id":"4b21dcc6-7697-4fdd-85db-cbdd9037da84","local_time":"20190815140043","is_ascension_mode":true,"campfire_choices":[{"data":"Dash","floor":6.0,"key":"SMITH"},{"floor":10.0,"key":"REST"},{"floor":15.0,"key":"REST"},{"data":"Leg Sweep","floor":23.0,"key":"SMITH"},{"floor":25.0,"key":"REST"},{"data":"PiercingWail","floor":28.0,"key":"SMITH"},{"data":"Cloak And Dagger","floor":32.0,"key":"SMITH"}],"neow_cost":"NONE","seed_source_timestamp":12379008145457,"circlet_count":0,"master_deck":["Strike_G","Strike_G","Defend_G","Defend_G","Defend_G","Defend_G+1","Defend_G+1","Survivor","Neutralize","Flying Knee","Backstab","Dash+1","Poisoned Stab","PiercingWail+1","Leg Sweep+1","Envenom","Calculated Gamble+1","Backflip+1","Cloak And Dagger+1","All Out Attack+1","Writhe","Cloak And Dagger+1"],"special_seed":0,"relics":["Ring of the Snake","NeowsBlessing","Bird Faced Urn","Sundial","Sozu","Regal Pillow","Bottled Flame","War Paint","TwistedFunnel"],"potions_floor_usage":[33],"damage_taken":[{"damage":0.0,"enemies":"Cultist","floor":1.0,"turns":1.0},{"damage":0.0,"enemies":"2 Louse","floor":2.0,"turns":1.0},{"damage":0.0,"enemies":"Jaw Worm","floor":3.0,"turns":1.0},{"damage":34.0,"enemies":"Lagavulin","floor":7.0,"turns":7.0},{"damage":0.0,"enemies":"2 Fungi Beasts","floor":8.0,"turns":3.0},{"damage":1.0,"enemies":"Red Slaver","floor":12.0,"turns":2.0},{"damage":0.0,"enemies":"Blue Slaver","floor":13.0,"turns":2.0},{"damage":0.0,"enemies":"Large Slime","floor":14.0,"turns":5.0},{"damage":40.0,"enemies":"The Guardian","floor":16.0,"turns":20.0},{"damage":9.0,"enemies":"3 Byrds","floor":18.0,"turns":7.0},{"damage":5.0,"enemies":"Shell Parasite","floor":20.0,"turns":8.0},{"damage":0.0,"enemies":"Snake Plant","floor":24.0,"turns":7.0},{"damage":1.0,"enemies":"Cultist and Chosen","floor":27.0,"turns":9.0},{"damage":76,"enemies":"Collector","floor":33,"turns":7}],"seed_played":"8897649536641768308","potions_obtained":[{"floor":1.0,"key":"Strength Potion"},{"floor":7.0,"key":"Energy Potion"},{"floor":12.0,"key":"Block Potion"},{"floor":13.0,"key":"Energy Potion"},{"floor":16.0,"key":"SteroidPotion"}],"is_trial":false,"path_per_floor":["M","M","M","$","?","R","E","M","T","R","?","M","M","M","R","B",null,"M","$","M","?","?","R","M","R","T","M","R","?","?","$","R","B"],"character_chosen":"THE_SILENT","items_purchased":["Dash","Regal Pillow","Cloak And Dagger","TwistedFunnel"],"campfire_rested":3,"item_purchase_floors":[4,19,31,31],"current_hp_per_floor":[63,63,63,63,52,52,18,18,18,39,39,38,38,38,59,19,57,50,50,47,47,47,47,49,70,70,69,69,69,69,69,69,0],"gold":34,"neow_bonus":"THREE_ENEMY_KILL","is_prod":false,"is_daily":false,"chose_seed":false,"campfire_upgraded":4,"win_rate":0,"timestamp":1565874043,"path_taken":["M","?","?","$","?","R","E","M","T","R","?","M","?","M","R","BOSS","M","$","M","?","?","R","?","R","T","M","R","?","?","$","R","BOSS"],"build_version":"2019-07-17","purchased_purges":2,"victory":false,"max_hp_per_floor":[70,70,70,70,70,70,70,70,70,70,70,70,70,70,70,70,70,70,70,70,70,70,70,70,70,70,70,70,70,70,70,70,70],"card_choices":[{"not_picked":["Skewer","Dodge and Roll","Flying Knee"],"picked":"SKIP","floor":1.0},{"not_picked":["Expertise","Doppelganger"],"picked":"Flying Knee","floor":2.0},{"not_picked":["Underhanded Strike","Setup"],"picked":"Backstab","floor":3.0},{"not_picked":["Setup","Deflect"],"picked":"Poisoned Stab","floor":7.0},{"not_picked":["Expertise","Slice","PiercingWail"],"picked":"SKIP","floor":8.0},{"not_picked":["Dagger Throw","Slice"],"picked":"PiercingWail","floor":12.0},{"not_picked":["Dodge and Roll","Eviscerate"],"picked":"Leg Sweep","floor":13.0},{"not_picked":["Eviscerate","Prepared","Choke"],"picked":"SKIP","floor":14.0},{"not_picked":["Adrenaline","Tools of the Trade"],"picked":"Envenom","floor":16.0},{"not_picked":["PiercingWail","Prepared"],"picked":"Calculated Gamble+1","floor":18.0},{"not_picked":["All Out Attack","Tactician+1"],"picked":"Backflip","floor":20.0},{"not_picked":["Dagger Spray","Burst"],"picked":"Cloak And Dagger+1","floor":24.0},{"not_picked":["Underhanded Strike+1","Expertise"],"picked":"All Out Attack+1","floor":27.0}],"player_experience":373162,"relics_obtained":[{"floor":7.0,"key":"Bird Faced Urn"},{"floor":9.0,"key":"Sundial"},{"floor":26.0,"key":"Bottled Flame"}],"event_choices":[{"damage_healed":0.0,"max_hp_gain":0.0,"max_hp_loss":0.0,"gold_gain":75.0,"event_name":"World of Goop","player_choice":"Gather Gold","floor":5.0,"gold_loss":0.0,"damage_taken":11.0},{"cards_removed":["Strike_G"],"damage_healed":0.0,"max_hp_gain":0.0,"max_hp_loss":0.0,"gold_gain":0.0,"event_name":"Bonfire Elementals","player_choice":"Offered Basic","floor":11.0,"gold_loss":0.0,"damage_taken":0.0},{"damage_healed":0.0,"max_hp_gain":0.0,"max_hp_loss":0.0,"gold_gain":99.0,"event_name":"Nest","player_choice":"Stole From Cult","floor":21.0,"gold_loss":0.0,"damage_taken":0.0},{"damage_healed":0.0,"max_hp_gain":0.0,"max_hp_loss":0.0,"gold_gain":0.0,"event_name":"Upgrade Shrine","player_choice":"Upgraded","floor":22.0,"gold_loss":0.0,"damage_taken":0.0,"cards_upgraded":["Backflip"]},{"damage_healed":0.0,"max_hp_gain":0.0,"max_hp_loss":0.0,"gold_gain":0.0,"event_name":"The Mausoleum","player_choice":"Opened","floor":29.0,"gold_loss":0.0,"damage_taken":0.0,"relics_obtained":["War Paint"],"cards_obtained":["Writhe"]},{"damage_healed":0.0,"max_hp_gain":0.0,"max_hp_loss":0.0,"gold_gain":0.0,"event_name":"Ghosts","player_choice":"Ignored","floor":30.0,"gold_loss":0.0,"damage_taken":0.0}],"is_beta":false,"boss_relics":[{"not_picked":["Cursed Key","HoveringKite"],"picked":"Sozu"}],"items_purged_floors":[4,19],"is_endless":false,"potions_floor_spawned":[1,7,12,13,16,18,27],"killed_by":"Collector","ascension_level":6}