{"gold_per_floor":[15,15,39,55,1,42,42,55,104,104,118,196,267,288,288,288],"floor_reached":16,"playtime":2584,"items_purged":[],"score":153,"play_id":"231fbb53-d1e9-4f41-8029-16baf81e7d03","local_time":"20181007200728","is_ascension_mode":true,"campfire_choices":[{"floor":7,"key":"REST"},{"floor":10,"key":"REST"},{"floor":15,"key":"REST"}],"neow_cost":"NO_GOLD","seed_source_timestamp":0,"circlet_count":0,"master_deck":["Defend_G","Defend_G","Defend_G","Defend_G","Defend_G","Strike_G","Strike_G","Strike_G","Strike_G","Strike_G","Survivor","Neutralize","AscendersBane","Tools of the Trade","Slice","Cloak And Dagger","Deflect","Footwork","PiercingWail","Blur","All Out Attack","Dodge and Roll"],"special_seed":0,"relics":["Ring of the Snake","Golden Idol","Paper Crane","Singing Bowl","Oddly Smooth Stone"],"potions_floor_usage":[12,12,16,16],"damage_taken":[{"damage":8.0,"enemies":"Jaw Worm","floor":1.0,"turns":6.0},{"damage":4.0,"enemies":"Small Slimes","floor":3.0,"turns":4.0},{"damage":6.0,"enemies":"Cultist","floor":4.0,"turns":5.0},{"damage":35,"enemies":"3 Sentries","floor":6,"turns":14},{"damage":0,"enemies":"2 Fungi Beasts","floor":8,"turns":6},{"damage":0,"enemies":"3 Louse","floor":11,"turns":8},{"damage":43,"enemies":"Gremlin Nob","floor":12,"turns":6},{"damage":0,"enemies":"Blue Slaver","floor":14,"turns":6},{"damage":27,"enemies":"Hexaghost","floor":16,"turns":16}],"seed_played":"-1034372383718687202","potions_obtained":[{"floor":6,"key":"Explosive Potion"},{"floor":8,"key":"AttackPotion"},{"floor":12,"key":"Dexterity Potion"},{"floor":14,"key":"GhostInAJar"}],"is_trial":false,"path_per_floor":["M","?","M","M","$","E","R","M","T","R","M","?","?","M","R"],"character_chosen":"THE_SILENT","items_purchased":["Deflect"],"campfire_rested":3,"item_purchase_floors":[5],"current_hp_per_floor":[55,55,51,45,45,10,29,29,29,48,48,5,5,5,24,0],"gold":288,"neow_bonus":"THREE_RARE_CARDS","is_prod":false,"is_daily":false,"chose_seed":false,"campfire_upgraded":0,"win_rate":0.0,"timestamp":1538939248,"path_taken":["M","?","M","M","$","E","R","M","T","R","M","?","?","M","R","BOSS"],"build_version":"2018-10-04v2","purchased_purges":0,"victory":false,"max_hp_per_floor":[70,65,65,65,65,65,65,65,65,65,65,65,65,65,65,65],"card_choices":[{"not_picked":["Burst","Bullet Time"],"picked":"Tools of the Trade","floor":0.0},{"not_picked":["Outmaneuver","Acrobatics","Deadly Poison"],"picked":"SKIP","floor":1.0},{"not_picked":["Dodge and Roll","Deadly Poison"],"picked":"Slice","floor":3.0},{"not_picked":["Slice","Quick Slash"],"picked":"Cloak And Dagger","floor":4.0},{"not_picked":["Deadly Poison","Catalyst"],"picked":"Footwork","floor":6},{"not_picked":["Outmaneuver","Escape Plan"],"picked":"PiercingWail","floor":8},{"not_picked":["Dagger Spray","Underhanded Strike"],"picked":"Blur","floor":11},{"not_picked":["Expertise","Reflex"],"picked":"All Out Attack","floor":12},{"not_picked":["Endless Agony","Infinite Blades"],"picked":"Dodge and Roll","floor":14}],"player_experience":131555,"relics_obtained":[{"floor":6,"key":"Paper Crane"},{"floor":9,"key":"Singing Bowl"}],"event_choices":[{"event_name":"Golden Idol","player_choice":"Lose Max HP","floor":2.0,"damage_taken":0.0},{"event_name":"Dead Adventurer","player_choice":"Searched \u00272\u0027 times","floor":12,"damage_taken":0},{"event_name":"Golden Wing","player_choice":"Gained Gold","floor":13,"damage_taken":0}],"is_beta":false,"boss_relics":[],"items_purged_floors":[],"is_endless":false,"potions_floor_spawned":[6,8,12,14],"killed_by":"Hexaghost","ascension_level":10}