{"gold_per_floor":[210,210,234,234,19,60,60,101,101,1,1,16,54,54,54,183,183,204,244,264,363,120,163,163,163],"floor_reached":25,"playtime":1108,"items_purged":["Strike_B","Defend_B"],"score":282,"play_id":"3ed9fcef-017a-4cdf-93c7-f13c926aec54","local_time":"20190716084534","is_ascension_mode":true,"campfire_choices":[{"floor":7,"key":"REST"},{"data":"Defragment","floor":11,"key":"SMITH"},{"floor":15,"key":"REST"},{"data":"Sunder","floor":24,"key":"SMITH"}],"neow_cost":"NONE","seed_source_timestamp":299287714826700,"circlet_count":0,"master_deck":["Strike_B","Strike_B","Strike_B","Defend_B","Defend_B","Defend_B","Zap","Dualcast","Auto Shields","Gash","Defragment+1","Ball Lightning","Conserve Battery","Loop+1","Heatsinks+1","Cold Snap","Conserve Battery","Core Surge","Redo","Coolheaded","Self Repair+1","Sunder+1","Self Repair+1"],"relics":["Cracked Core","Golden Idol","Frozen Egg 2","Dodecahedron","Blood Vial","Dream Catcher","Sozu","Red Mask","Lee\u0027s Waffle","Happy Flower"],"potions_floor_usage":[13,16,19],"damage_taken":[{"damage":6,"enemies":"Jaw Worm","floor":1,"turns":4},{"damage":0,"enemies":"2 Louse","floor":3,"turns":2},{"damage":16,"enemies":"Lagavulin","floor":6,"turns":6},{"damage":17,"enemies":"3 Sentries","floor":8,"turns":6},{"damage":0,"enemies":"Cultist","floor":12,"turns":2},{"damage":12,"enemies":"Lagavulin","floor":13,"turns":7},{"damage":2,"enemies":"Slime Boss","floor":16,"turns":6},{"damage":15,"enemies":"Spheric Guardian","floor":18,"turns":4},{"damage":23,"enemies":"Masked Bandits","floor":19,"turns":4},{"damage":3,"enemies":"Shell Parasite","floor":20,"turns":6},{"damage":50,"enemies":"Book of Stabbing","floor":23,"turns":7},{"damage":54,"enemies":"Gremlin Leader","floor":25,"turns":7}],"seed_played":"-2805874482745760050","potions_obtained":[{"floor":1,"key":"SteroidPotion"},{"floor":8,"key":"Dexterity Potion"},{"floor":12,"key":"PowerPotion"},{"floor":13,"key":"LiquidBronze"}],"is_trial":false,"path_per_floor":["M","?","M","?","$","E","R","E","T","$","R","M","E","$","R","B",null,"M","?","M","?","$","E","R","E"],"character_chosen":"DEFECT","items_purchased":["Defragment","Ball Lightning","Conserve Battery","Sunder","Lee\u0027s Waffle"],"campfire_rested":2,"item_purchase_floors":[5,5,5,22,22],"current_hp_per_floor":[69,51,51,51,51,35,57,40,40,40,40,42,32,32,54,54,75,60,39,38,38,82,42,42,0],"gold":163,"neow_bonus":"HUNDRED_GOLD","is_prod":false,"is_daily":false,"chose_seed":false,"campfire_upgraded":2,"win_rate":0,"timestamp":1563281134,"path_taken":["M","?","M","?","?","E","R","E","T","$","R","?","E","?","R","BOSS","M","?","M","?","$","E","R","E"],"build_version":"2019-07-05","purchased_purges":2,"victory":false,"max_hp_per_floor":[75,75,75,75,75,75,75,75,75,75,75,75,75,75,75,75,75,75,75,75,75,82,82,82,82],"card_choices":[{"not_picked":["Go for the Eyes","Self Repair"],"picked":"Auto Shields","floor":1},{"not_picked":["Turbo","Steam"],"picked":"Gash","floor":3},{"not_picked":["Hologram","White Noise","Go for the Eyes"],"picked":"SKIP","floor":6},{"not_picked":["Redo","Rebound"],"picked":"Loop+1","floor":8},{"not_picked":["Skim","Steam Power"],"picked":"Heatsinks+1","floor":12},{"not_picked":["Loop+1","FTL"],"picked":"Cold Snap","floor":13},{"not_picked":["Streamline","Stack"],"picked":"Conserve Battery","floor":15},{"not_picked":["Thunder Strike","Meteor Strike"],"picked":"Core Surge","floor":16},{"not_picked":["Glacier","Cold Snap"],"picked":"Redo","floor":18},{"not_picked":["Steam Power","Ball Lightning"],"picked":"Coolheaded","floor":19},{"not_picked":["Cold Snap+1","Consume+1"],"picked":"Self Repair+1","floor":20},{"not_picked":["Ball Lightning","Beam Cell"],"picked":"Self Repair+1","floor":23}],"player_experience":359242,"relics_obtained":[{"floor":6,"key":"Frozen Egg 2"},{"floor":8,"key":"Dodecahedron"},{"floor":9,"key":"Blood Vial"},{"floor":13,"key":"Dream Catcher"},{"floor":19,"key":"Red Mask"},{"floor":23,"key":"Happy Flower"}],"event_choices":[{"damage_healed":0,"gold_gain":0,"player_choice":"Take Damage","damage_taken":18,"relics_obtained":["Golden Idol"],"max_hp_gain":0,"max_hp_loss":0,"event_name":"Golden Idol","floor":2,"gold_loss":0},{"damage_healed":0,"gold_gain":0,"player_choice":"Ignored","damage_taken":0,"max_hp_gain":0,"max_hp_loss":0,"event_name":"Liars Game","floor":4,"gold_loss":0},{"damage_healed":0,"gold_gain":0,"player_choice":"Fought Bandits","damage_taken":0,"max_hp_gain":0,"max_hp_loss":0,"event_name":"Masked Bandits","floor":19,"gold_loss":0},{"damage_healed":0,"gold_gain":99,"player_choice":"Stole From Cult","damage_taken":0,"max_hp_gain":0,"max_hp_loss":0,"event_name":"Nest","floor":21,"gold_loss":0}],"is_beta":false,"boss_relics":[{"not_picked":["Velvet Choker","Black Star"],"picked":"Sozu"}],"items_purged_floors":[5,10],"is_endless":false,"potions_floor_spawned":[1,8,12,13,19],"killed_by":"Gremlin Leader","ascension_level":4}