{"gold_per_floor":[366,121,132,132,83,83,108,108,108,86,111,88,118,143,155,263,275,299,325,287,120,136,136],"floor_reached":23,"playtime":1208,"items_purged":["Defend_B","Strike_B"],"score":249,"play_id":"b7bdf82e-e5ad-46e7-aa51-ae98c3359fe6","local_time":"20190718194056","is_ascension_mode":true,"campfire_choices":[{"data":"Steam","floor":6,"key":"SMITH"},{"data":"Self Repair","floor":8,"key":"SMITH"},{"data":"Streamline","floor":15,"key":"SMITH"}],"neow_cost":"TEN_PERCENT_HP_LOSS","seed_source_timestamp":169750520607600,"circlet_count":0,"master_deck":["Strike_B","Strike_B","Strike_B","Defend_B","Defend_B","Defend_B","Zap+1","Dualcast","Heatsinks","Capacitor","Conserve Battery","Hologram","Compile Driver","Steam+1","Self Repair+1","Streamline+1","Ball Lightning","Core Surge","Echo Form","Doom and Gloom","Sunder","Conserve Battery+1"],"relics":["Cracked Core","Shuriken","Darkstone Periapt","MawBank","Sozu"],"potions_floor_usage":[11,16,16],"damage_taken":[{"damage":2,"enemies":"2 Louse","floor":1,"turns":3},{"damage":1,"enemies":"Cultist","floor":3,"turns":3},{"damage":37,"enemies":"Lagavulin","floor":7,"turns":8},{"damage":18,"enemies":"3 Sentries","floor":11,"turns":6},{"damage":0,"enemies":"Small Slimes","floor":13,"turns":2},{"damage":8,"enemies":"Exordium Thugs","floor":14,"turns":3},{"damage":11,"enemies":"Slime Boss","floor":16,"turns":7},{"damage":17,"enemies":"2 Thieves","floor":18,"turns":4},{"damage":0,"enemies":"Chosen","floor":19,"turns":3},{"damage":36,"enemies":"Shelled Parasite and Fungi","floor":22,"turns":4},{"damage":38,"enemies":"Slavers","floor":23,"turns":2}],"seed_played":"5624682361594995944","potions_obtained":[{"floor":1,"key":"Strength Potion"},{"floor":7,"key":"Dexterity Potion"},{"floor":14,"key":"Swift Potion"}],"is_trial":false,"path_per_floor":["M","$","M","?","$","R","E","R","T","$","E","?","M","M","R","B",null,"M","M","?","$","M","E"],"character_chosen":"DEFECT","items_purchased":["Capacitor","Conserve Battery","Hologram","Steam","Streamline","Sunder"],"campfire_rested":0,"item_purchase_floors":[2,2,2,5,10,21],"current_hp_per_floor":[66,66,65,65,65,65,28,28,28,28,10,27,27,29,29,28,58,51,61,61,61,35,0],"gold":136,"neow_bonus":"TWO_FIFTY_GOLD","is_prod":false,"is_daily":false,"chose_seed":false,"campfire_upgraded":3,"win_rate":0,"timestamp":1563493256,"path_taken":["M","$","M","?","$","R","E","R","T","?","E","?","M","M","R","BOSS","M","M","?","$","?","E"],"build_version":"2019-07-17","purchased_purges":2,"victory":false,"max_hp_per_floor":[68,68,68,68,68,68,68,68,68,68,68,68,68,68,68,68,68,68,68,68,68,68,68],"card_choices":[{"not_picked":["Rip and Tear","Stack"],"picked":"Heatsinks","floor":1},{"not_picked":["Gash","Go for the Eyes"],"picked":"Compile Driver","floor":3},{"not_picked":["Hologram","Aggregate"],"picked":"Self Repair","floor":7},{"not_picked":["Turbo","Melter","Self Repair"],"picked":"SKIP","floor":11},{"not_picked":["Cold Snap","Redo"],"picked":"Ball Lightning","floor":13},{"not_picked":["Conserve Battery","Lockon"],"picked":"Core Surge","floor":14},{"not_picked":["Hyperbeam","Machine Learning"],"picked":"Echo Form","floor":16},{"not_picked":["Self Repair+1","Streamline"],"picked":"Doom and Gloom","floor":18},{"not_picked":["Force Field","Turbo","Rebound+1"],"picked":"SKIP","floor":19},{"not_picked":["Compile Driver","Hello World"],"picked":"Conserve Battery+1","floor":22}],"player_experience":403033,"relics_obtained":[{"floor":7,"key":"Shuriken"},{"floor":9,"key":"Darkstone Periapt"},{"floor":11,"key":"MawBank"}],"event_choices":[{"damage_healed":0,"gold_gain":0,"player_choice":"Upgraded","damage_taken":0,"max_hp_gain":0,"max_hp_loss":0,"event_name":"Upgrade Shrine","floor":4,"gold_loss":0,"cards_upgraded":["Zap"]},{"damage_healed":17,"gold_gain":0,"player_choice":"Healed","damage_taken":0,"max_hp_gain":0,"max_hp_loss":0,"event_name":"The Cleric","floor":12,"gold_loss":35},{"damage_healed":0,"gold_gain":0,"player_choice":"Bet on Owner","damage_taken":0,"max_hp_gain":0,"max_hp_loss":0,"event_name":"The Joust","floor":20,"gold_loss":50}],"is_beta":false,"boss_relics":[{"not_picked":["Nuclear Battery","Empty Cage"],"picked":"Sozu"}],"items_purged_floors":[2,21],"is_endless":false,"potions_floor_spawned":[1,7,14,19],"killed_by":"Slavers","ascension_level":5}