{"gold_per_floor":[109,109,384,42,59,88,88,107,130,130,130,30,64,80,80,154,154,167,167,167,183,193,193,193],"floor_reached":24,"playtime":983,"items_purged":["Regret","Strike_G"],"score":378,"play_id":"2f3e1257-70cd-4d09-bd5d-c7c4319623a1","local_time":"20190729121448","is_ascension_mode":true,"campfire_choices":[{"data":"Noxious Fumes","floor":7,"key":"SMITH"},{"data":"Neutralize","floor":11,"key":"SMITH"},{"data":"Sucker Punch","floor":15,"key":"SMITH"},{"floor":23,"key":"REST"}],"neow_cost":"NONE","seed_source_timestamp":682302965204100,"circlet_count":0,"master_deck":["AscendersBane","Strike_G","Defend_G","Defend_G","Defend_G","Defend_G","Defend_G","Survivor","Neutralize+1","All Out Attack","Noxious Fumes+1","Unload","Deflect","Sucker Punch+1","Bouncing Flask","PiercingWail","Corpse Explosion","Backflip"],"relics":["Ring of the Snake","NeowsBlessing","Pen Nib","Omamori","Girya","Matryoshka","Empty Cage"],"potions_floor_usage":[16,16,21,21],"damage_taken":[{"damage":0,"enemies":"Jaw Worm","floor":1,"turns":1},{"damage":0,"enemies":"2 Louse","floor":5,"turns":1},{"damage":0,"enemies":"Lagavulin","floor":6,"turns":1},{"damage":0,"enemies":"Cultist","floor":8,"turns":4},{"damage":5,"enemies":"3 Sentries","floor":13,"turns":6},{"damage":2,"enemies":"Exordium Wildlife","floor":14,"turns":3},{"damage":38,"enemies":"Slime Boss","floor":16,"turns":9},{"damage":0,"enemies":"Chosen","floor":18,"turns":5},{"damage":17,"enemies":"3 Byrds","floor":21,"turns":3},{"damage":27,"enemies":"Snecko","floor":22,"turns":6},{"damage":33,"enemies":"Shelled Parasite and Fungi","floor":24,"turns":4}],"seed_played":"988646766704259892","potions_obtained":[{"floor":8,"key":"GamblersBrew"},{"floor":13,"key":"Block Potion"},{"floor":14,"key":"SteroidPotion"},{"floor":16,"key":"Weak Potion"},{"floor":18,"key":"Poison Potion"}],"is_trial":false,"path_per_floor":["M","?","?","$","M","E","R","M","T","?","R","$","E","M","R","B",null,"M","?","?","M","M","R","M"],"character_chosen":"THE_SILENT","items_purchased":["Noxious Fumes","Unload","Deflect"],"campfire_rested":1,"item_purchase_floors":[4,4,4],"current_hp_per_floor":[63,63,63,63,63,63,63,63,63,63,63,63,58,56,56,18,57,57,57,50,33,6,27,0],"gold":193,"neow_bonus":"THREE_ENEMY_KILL","is_prod":false,"is_daily":false,"chose_seed":false,"campfire_upgraded":3,"win_rate":0,"timestamp":1564416888,"path_taken":["M","?","?","$","?","E","R","M","T","?","R","$","E","M","R","BOSS","M","?","?","?","M","R","M"],"build_version":"2019-07-17","purchased_purges":2,"victory":false,"max_hp_per_floor":[70,70,70,70,70,70,70,70,70,70,70,70,70,70,70,70,70,70,70,70,70,70,70,70],"card_choices":[{"not_picked":["Poisoned Stab","Masterful Stab"],"picked":"All Out Attack","floor":1},{"not_picked":["Underhanded Strike","Dodge and Roll"],"picked":"Sucker Punch","floor":5},{"not_picked":["Masterful Stab","Expertise","Flechettes"],"picked":"SKIP","floor":6},{"not_picked":["Acrobatics","Deadly Poison"],"picked":"Bouncing Flask","floor":8},{"not_picked":["Outmaneuver","Storm of Steel","Distraction"],"picked":"SKIP","floor":13},{"not_picked":["Backflip","Blade Dance"],"picked":"PiercingWail","floor":14},{"not_picked":["Phantasmal Killer","Bullet Time"],"picked":"Corpse Explosion","floor":16},{"not_picked":["Deadly Poison","Dagger Throw"],"picked":"Backflip","floor":18},{"not_picked":["Deadly Poison","Escape Plan","Skewer"],"picked":"SKIP","floor":21},{"not_picked":["Quick Slash","Bouncing Flask","Masterful Stab"],"picked":"SKIP","floor":22}],"player_experience":586518,"relics_obtained":[{"floor":6,"key":"Pen Nib"},{"floor":9,"key":"Omamori"},{"floor":13,"key":"Matryoshka"}],"event_choices":[{"cards_removed":["Strike_G"],"damage_healed":0,"gold_gain":0,"player_choice":"Forget","damage_taken":0,"max_hp_gain":0,"max_hp_loss":0,"event_name":"Living Wall","floor":2,"gold_loss":0},{"damage_healed":0,"gold_gain":275,"player_choice":"Desecrate","damage_taken":0,"max_hp_gain":0,"max_hp_loss":0,"event_name":"Golden Shrine","floor":3,"gold_loss":0,"cards_obtained":["Regret"]},{"damage_healed":0,"gold_gain":0,"player_choice":"Box","damage_taken":0,"relics_obtained":["Girya"],"max_hp_gain":0,"max_hp_loss":0,"event_name":"Big Fish","floor":10,"gold_loss":0,"cards_obtained":["Regret"]},{"damage_healed":0,"gold_gain":0,"player_choice":"Ignored","damage_taken":0,"max_hp_gain":0,"max_hp_loss":0,"event_name":"Cursed Tome","floor":19,"gold_loss":0},{"damage_healed":0,"gold_gain":0,"player_choice":"Damaged","damage_taken":7,"max_hp_gain":0,"max_hp_loss":0,"event_name":"Wheel of Change","floor":20,"gold_loss":0}],"is_beta":false,"boss_relics":[{"not_picked":["Black Star","Calling Bell"],"picked":"Empty Cage"}],"items_purged_floors":[4,12],"is_endless":false,"potions_floor_spawned":[8,13,14,16,18],"killed_by":"Shelled Parasite and Fungi","ascension_level":13}