{"gold_per_floor":[110,124,124,137,42,42,58,58,111,149,149,169,14,28,28,156,156,177,202,24,37,37,37,37],"floor_reached":24,"playtime":9587,"items_purged":["Strike_G","Strike_G"],"score":257,"play_id":"fee5532c-f3ae-40ce-9958-8de5bafbeb4e","local_time":"20180703203118","is_ascension_mode":true,"campfire_choices":[{"data":"Caltrops","floor":6,"key":"SMITH"},{"data":"Sucker Punch","floor":8,"key":"SMITH"},{"floor":11,"key":"REST"},{"data":"Caltrops","floor":15,"key":"SMITH"},{"floor":23,"key":"REST"}],"neow_cost":"NONE","seed_source_timestamp":1266327005734690,"circlet_count":0,"master_deck":["Defend_G","Defend_G","Defend_G","Defend_G","Defend_G","Strike_G","Strike_G","Strike_G","Survivor","Neutralize+1","Cloak And Dagger","Sucker Punch+1","Dagger Throw","Outmaneuver","Caltrops+1","Flying Knee","Dagger Spray","Caltrops+1","Flying Knee","Backflip","Backflip+1","Predator","Terror","Backflip"],"relics":["Ring of the Snake","Golden Idol","Oddly Smooth Stone","Regal Pillow","Black Star"],"potions_floor_usage":[10,16,19,21,21],"damage_taken":[{"damage":0,"enemies":"Jaw Worm","floor":1,"turns":5},{"damage":0,"enemies":"Small Slimes","floor":2,"turns":3},{"damage":0,"enemies":"Cultist","floor":4,"turns":3},{"damage":4,"enemies":"Lots of Slimes","floor":7,"turns":5},{"damage":21,"enemies":"Gremlin Nob","floor":10,"turns":4},{"damage":0,"enemies":"Blue Slaver","floor":12,"turns":3},{"damage":4,"enemies":"3 Louse","floor":14,"turns":4},{"damage":9,"enemies":"The Guardian","floor":16,"turns":11},{"damage":23,"enemies":"Shell Parasite","floor":18,"turns":6},{"damage":17,"enemies":"Spheric Guardian","floor":19,"turns":3},{"damage":7,"enemies":"Snake Plant","floor":21,"turns":5},{"damage":25,"enemies":"Cultist and Chosen","floor":24,"turns":8}],"seed_played":"2961066018788657426","potions_obtained":[{"floor":1,"key":"Energy Potion"},{"floor":7,"key":"Energy Potion"},{"floor":10,"key":"AttackPotion"},{"floor":16,"key":"Ancient Potion"},{"floor":18,"key":"GamblersBrew"}],"is_trial":false,"path_per_floor":["M","M","?","M","$","R","M","R","T","E","R","M","$","M","R","B",null,"M","M","$","M","?","R"],"character_chosen":"THE_SILENT","items_purchased":["Outmaneuver","Caltrops","Caltrops","Flying Knee","Terror"],"campfire_rested":2,"item_purchase_floors":[5,5,13,13,20],"current_hp_per_floor":[63,63,63,63,63,63,59,59,59,38,65,65,65,61,61,52,62,39,22,22,15,15,49,24],"gold":37,"neow_bonus":"UPGRADE_CARD","is_prod":false,"is_daily":false,"chose_seed":false,"campfire_upgraded":3,"win_rate":0,"timestamp":1530646278,"path_taken":["M","M","?","?","$","R","M","R","T","E","R","M","$","?","R","BOSS","M","M","$","M","?","R","M"],"build_version":"2018-06-28","purchased_purges":2,"victory":false,"max_hp_per_floor":[70,70,65,65,65,65,65,65,65,65,65,65,65,65,65,65,65,65,65,65,65,65,65,65],"card_choices":[{"not_picked":["Setup","Deflect"],"picked":"Cloak And Dagger","floor":1},{"not_picked":["Slice","Acrobatics"],"picked":"Sucker Punch","floor":2},{"not_picked":["Prepared","Accuracy"],"picked":"Dagger Throw","floor":4},{"not_picked":["Distraction","Flechettes"],"picked":"Flying Knee","floor":7},{"not_picked":["Catalyst","Flying Knee"],"picked":"Dagger Spray","floor":10},{"not_picked":["Dagger Throw","Prepared","Bane"],"picked":"SKIP","floor":12},{"not_picked":["Quick Slash","Flying Knee"],"picked":"Backflip","floor":14},{"not_picked":["Cloak And Dagger+1","Setup"],"picked":"Backflip+1","floor":18},{"not_picked":["Infinite Blades+1","Distraction"],"picked":"Predator","floor":19},{"not_picked":["Quick Slash+1","Expertise"],"picked":"Backflip","floor":21}],"player_experience":314820,"relics_obtained":[{"floor":9,"key":"Oddly Smooth Stone"},{"floor":10,"key":"Regal Pillow"}],"event_choices":[{"event_name":"Golden Idol","player_choice":"Lose Max HP","floor":3,"damage_taken":0},{"event_name":"Beggar","player_choice":"Ignored","floor":22,"damage_taken":0}],"boss_relics":[{"not_picked":["Philosopher\u0027s Stone","Busted Crown"],"picked":"Black Star"}],"items_purged_floors":[13,20],"is_endless":false,"potions_floor_spawned":[1,7,10,16,18],"killed_by":"Cultist and Chosen","ascension_level":6}