{"gold_per_floor":[114,289,134,150,225,225,237,272,295,295,295,295],"floor_reached":12,"playtime":404,"items_purged":["Doubt"],"score":95,"play_id":"30507cab-d449-4ce4-a47e-46f852ebd782","local_time":"20190815170928","is_ascension_mode":true,"campfire_choices":[{"floor":6,"key":"REST"},{"floor":10,"key":"REST"}],"neow_cost":"PERCENT_DAMAGE","seed_source_timestamp":25733051018461,"circlet_count":0,"master_deck":["Strike_B","Strike_B","Strike_B","Strike_B","Defend_B","Defend_B","Defend_B","Defend_B","Zap","Dualcast","Chill","Electrodynamics","Ball Lightning","Genetic Algorithm","Writhe","Reboot","Zap","Coolheaded"],"relics":["Cracked Core","Nunchaku","Oddly Smooth Stone","Lantern"],"potions_floor_usage":[8,8],"damage_taken":[{"damage":7,"enemies":"Jaw Worm","floor":1,"turns":3},{"damage":1,"enemies":"Cultist","floor":4,"turns":3},{"damage":0,"enemies":"Small Slimes","floor":7,"turns":3},{"damage":36,"enemies":"Lagavulin","floor":8,"turns":7},{"damage":54,"enemies":"Gremlin Nob","floor":12,"turns":4}],"seed_played":"538294949045342243","potions_obtained":[{"floor":1,"key":"SkillPotion"},{"floor":7,"key":"FearPotion"}],"is_trial":false,"path_per_floor":["M","?","$","M","?","R","M","E","T","R","?","E"],"character_chosen":"DEFECT","items_purchased":["Electrodynamics"],"campfire_rested":2,"item_purchase_floors":[3],"current_hp_per_floor":[47,47,47,46,35,57,57,21,21,43,43,0],"gold":295,"neow_bonus":"ONE_RARE_RELIC","is_prod":false,"is_daily":false,"chose_seed":false,"campfire_upgraded":0,"win_rate":0,"timestamp":1565885368,"path_taken":["M","?","$","M","?","R","M","E","T","R","?","E"],"build_version":"2019-07-17","purchased_purges":1,"victory":false,"max_hp_per_floor":[75,75,75,75,75,75,75,75,75,75,75,75],"card_choices":[{"not_picked":["Static Discharge","Go for the Eyes"],"picked":"Chill","floor":1},{"not_picked":["Redo","Steam"],"picked":"Ball Lightning","floor":4},{"not_picked":["Gash","Ball Lightning"],"picked":"Genetic Algorithm","floor":7},{"not_picked":["Gash","Electrodynamics","Rebound"],"picked":"SKIP","floor":8}],"player_experience":385708,"relics_obtained":[{"floor":8,"key":"Oddly Smooth Stone"},{"floor":9,"key":"Lantern"}],"event_choices":[{"damage_healed":0,"gold_gain":175,"player_choice":"AGREE","damage_taken":0,"max_hp_gain":0,"max_hp_loss":0,"event_name":"Liars Game","floor":2,"gold_loss":0,"cards_obtained":["Doubt"]},{"damage_healed":0,"gold_gain":75,"player_choice":"Gather Gold","damage_taken":11,"max_hp_gain":0,"max_hp_loss":0,"event_name":"World of Goop","floor":5,"gold_loss":0},{"damage_healed":0,"gold_gain":0,"player_choice":"4 cards matched","damage_taken":0,"max_hp_gain":0,"max_hp_loss":0,"event_name":"Match and Keep!","floor":11,"gold_loss":0,"cards_obtained":["Writhe","Reboot","Zap","Coolheaded"]}],"is_beta":false,"boss_relics":[],"items_purged_floors":[3],"is_endless":false,"potions_floor_spawned":[1,7],"killed_by":"Gremlin Nob","ascension_level":5}