{"gold_per_floor":[115,65,85,85,99,132,132,132,214,214,232,265,265,290,290,414,414,439,439,452,476,496,496,496],"floor_reached":24,"playtime":2670,"items_purged":[],"score":260,"play_id":"72059e55-319a-414c-875f-00588bddcefc","local_time":"20190731103107","is_ascension_mode":true,"campfire_choices":[{"data":"Feed","floor":8,"key":"SMITH"},{"data":"Whirlwind","floor":13,"key":"SMITH"},{"data":"Carnage","floor":15,"key":"SMITH"},{"floor":23,"key":"REST"}],"neow_cost":"NONE","seed_source_timestamp":860480808241340,"circlet_count":0,"master_deck":["Strike_R","Strike_R","Defend_R","Defend_R+1","Defend_R","Defend_R+1","Bash+1","Anger","Carnage+1","Whirlwind+1","Feed+1","Injury","Thunderclap","Double Tap","Shrug It Off","Second Wind","Bloodletting","Shrug It Off","Flame Barrier"],"relics":["Burning Blood","War Paint","Golden Idol","Gremlin Horn","Bird Faced Urn","White Beast Statue"],"potions_floor_usage":[12,16,16,20,22,22,24],"damage_taken":[{"damage":14,"enemies":"2 Louse","floor":1,"turns":3},{"damage":7,"enemies":"Jaw Worm","floor":3,"turns":3},{"damage":0,"enemies":"Small Slimes","floor":5,"turns":3},{"damage":40,"enemies":"3 Sentries","floor":6,"turns":9},{"damage":0,"enemies":"3 Louse","floor":11,"turns":3},{"damage":32,"enemies":"Lagavulin","floor":12,"turns":6},{"damage":0,"enemies":"Blue Slaver","floor":14,"turns":4},{"damage":39,"enemies":"Hexaghost","floor":16,"turns":7},{"damage":17,"enemies":"2 Thieves","floor":18,"turns":3},{"damage":20,"enemies":"Spheric Guardian","floor":20,"turns":4},{"damage":23,"enemies":"Snecko","floor":21,"turns":5},{"damage":39,"enemies":"Centurion and Healer","floor":22,"turns":9},{"damage":42,"enemies":"Sentry and Sphere","floor":24,"turns":7}],"seed_played":"-8365640988820411298","potions_obtained":[{"floor":1,"key":"Poison Potion"},{"floor":6,"key":"FairyPotion"},{"floor":11,"key":"EssenceOfSteel"},{"floor":12,"key":"FearPotion"},{"floor":18,"key":"Strength Potion"},{"floor":20,"key":"Poison Potion"},{"floor":21,"key":"SpeedPotion"},{"floor":22,"key":"SpeedPotion"}],"is_trial":false,"path_per_floor":["M","?","M","?","M","E","?","R","T","?","M","E","R","M","R","B",null,"M","?","M","M","M","R","M"],"character_chosen":"IRONCLAD","items_purchased":[],"campfire_rested":1,"item_purchase_floors":[],"current_hp_per_floor":[72,72,71,71,77,43,43,43,43,69,79,57,57,67,67,34,78,67,67,53,36,15,42,0],"gold":496,"neow_bonus":"UPGRADE_CARD","is_prod":false,"is_daily":false,"chose_seed":false,"campfire_upgraded":3,"win_rate":0,"timestamp":1564587067,"path_taken":["M","?","M","?","M","E","?","R","T","?","M","E","R","M","R","BOSS","M","?","M","M","M","R","M"],"build_version":"2019-07-17","purchased_purges":0,"victory":false,"max_hp_per_floor":[80,80,80,80,80,80,80,80,80,80,84,88,88,92,92,92,92,92,92,92,92,92,92,92],"card_choices":[{"not_picked":["Combust","Sword Boomerang"],"picked":"Anger","floor":1},{"not_picked":["Flame Barrier","Rupture"],"picked":"Carnage","floor":3},{"not_picked":["Iron Wave","Burning Pact"],"picked":"Whirlwind","floor":5},{"not_picked":["Disarm","Fire Breathing"],"picked":"Feed","floor":6},{"not_picked":["Havoc","Sword Boomerang","Pummel"],"picked":"SKIP","floor":11},{"not_picked":["Uppercut","Warcry","Disarm"],"picked":"SKIP","floor":12},{"not_picked":["Twin Strike","Sever Soul"],"picked":"Thunderclap","floor":14},{"not_picked":["Offering","Dark Embrace"],"picked":"Double Tap","floor":16},{"not_picked":["Disarm","Intimidate"],"picked":"Shrug It Off","floor":18},{"not_picked":["Searing Blow","Warcry","Anger"],"picked":"SKIP","floor":20},{"not_picked":["Carnage","Anger"],"picked":"Shrug It Off","floor":21},{"not_picked":["Corruption","Flex+1"],"picked":"Flame Barrier","floor":22}],"player_experience":322342,"relics_obtained":[{"floor":6,"key":"War Paint"},{"floor":9,"key":"Gremlin Horn"},{"floor":12,"key":"Bird Faced Urn"}],"event_choices":[{"cards_removed":["Strike_R"],"damage_healed":0,"gold_gain":0,"player_choice":"Card Removal","damage_taken":0,"max_hp_gain":0,"max_hp_loss":0,"event_name":"The Cleric","floor":2,"gold_loss":50},{"damage_healed":0,"gold_gain":0,"player_choice":"Ignored","damage_taken":0,"max_hp_gain":0,"max_hp_loss":0,"event_name":"Shining Light","floor":4,"gold_loss":0},{"damage_healed":0,"gold_gain":0,"player_choice":"Take Wound","damage_taken":0,"relics_obtained":["Golden Idol"],"max_hp_gain":0,"max_hp_loss":0,"event_name":"Golden Idol","floor":7,"gold_loss":0,"cards_obtained":["Injury"]},{"damage_healed":26,"gold_gain":0,"player_choice":"Banana","damage_taken":0,"max_hp_gain":0,"max_hp_loss":0,"event_name":"Big Fish","floor":10,"gold_loss":0},{"damage_healed":0,"gold_gain":0,"cards_transformed":["Strike_R","Strike_R"],"player_choice":"Became Test Subject","damage_taken":0,"max_hp_gain":0,"max_hp_loss":0,"event_name":"Drug Dealer","floor":19,"gold_loss":0,"cards_obtained":["Second Wind","Bloodletting"]}],"is_beta":false,"boss_relics":[{"not_picked":["Eternal Feather","Ectoplasm"],"picked":"White Beast Statue"}],"items_purged_floors":[],"is_endless":false,"potions_floor_spawned":[1,6,11,12,18,20,21,22],"killed_by":"Sentry and Sphere","ascension_level":5}