{"gold_per_floor":[216,230,240,259,273,304,304,304,354,364,314,343,363,398,398,398],"floor_reached":16,"playtime":1182,"items_purged":[],"score":136,"play_id":"52116f35-4360-41d7-8de8-f732d4d6b20d","local_time":"20190717091445","is_ascension_mode":true,"campfire_choices":[{"floor":7,"key":"REST"},{"floor":15,"key":"REST"}],"neow_cost":"NONE","seed_source_timestamp":142920912061945,"circlet_count":0,"master_deck":["Strike_R","Strike_R","Strike_R","Strike_R","Defend_R","Defend_R","Defend_R","Defend_R","Bash","Pommel Strike","Clothesline","Rampage","Armaments","Headbutt","Reaper","Shrug It Off","Double Tap"],"relics":["Burning Blood","Pen Nib","Omamori","Dodecahedron","Orichalcum"],"potions_floor_usage":[6,12,13,14,14],"damage_taken":[{"damage":8,"enemies":"Jaw Worm","floor":1,"turns":4},{"damage":1,"enemies":"Small Slimes","floor":2,"turns":4},{"damage":5,"enemies":"2 Louse","floor":3,"turns":4},{"damage":29,"enemies":"Large Slime","floor":4,"turns":6},{"damage":15,"enemies":"3 Louse","floor":5,"turns":5},{"damage":54,"enemies":"Lagavulin","floor":6,"turns":6},{"damage":30,"enemies":"Lots of Slimes","floor":10,"turns":4},{"damage":14,"enemies":"Gremlin Nob","floor":12,"turns":3},{"damage":40,"enemies":"Gremlin Gang","floor":13,"turns":4},{"damage":26,"enemies":"Lagavulin","floor":14,"turns":5},{"damage":55,"enemies":"Slime Boss","floor":16,"turns":9}],"seed_played":"-6034833449288081374","potions_obtained":[{"floor":2,"key":"GamblersBrew"},{"floor":3,"key":"SneckoOil"},{"floor":5,"key":"Regen Potion"},{"floor":6,"key":"Fire Potion"},{"floor":13,"key":"FearPotion"},{"floor":14,"key":"SteroidPotion"}],"is_trial":false,"path_per_floor":["M","M","M","M","M","E","R","?","T","M","?","E","M","E","R","B"],"character_chosen":"IRONCLAD","items_purchased":[],"campfire_rested":2,"item_purchase_floors":[],"current_hp_per_floor":[78,80,80,57,48,15,39,65,65,56,56,51,33,17,41,0],"gold":398,"neow_bonus":"HUNDRED_GOLD","is_prod":false,"is_daily":false,"chose_seed":false,"campfire_upgraded":0,"win_rate":0,"timestamp":1563372885,"path_taken":["M","M","M","M","M","E","R","?","T","M","?","E","M","E","R","BOSS"],"build_version":"2019-07-05","purchased_purges":0,"victory":false,"max_hp_per_floor":[80,80,80,80,80,80,80,80,80,80,80,80,80,80,80,80],"card_choices":[{"not_picked":["Iron Wave","Anger"],"picked":"Pommel Strike","floor":1},{"not_picked":["Thunderclap","Rage"],"picked":"Clothesline","floor":2},{"not_picked":["Warcry","Clothesline"],"picked":"Rampage","floor":3},{"not_picked":["Iron Wave","Exhume"],"picked":"Armaments","floor":4},{"not_picked":["Perfected Strike","Rage"],"picked":"Headbutt","floor":5},{"not_picked":["Clothesline","Inflame"],"picked":"Reaper","floor":6},{"not_picked":["Headbutt","Clash","Flex"],"picked":"SKIP","floor":10},{"not_picked":["Clash","Twin Strike","Havoc"],"picked":"SKIP","floor":12},{"not_picked":["True Grit","Armaments"],"picked":"Shrug It Off","floor":13},{"not_picked":["Pommel Strike","Sword Boomerang"],"picked":"Double Tap","floor":14}],"player_experience":187170,"relics_obtained":[{"floor":6,"key":"Pen Nib"},{"floor":9,"key":"Omamori"},{"floor":12,"key":"Dodecahedron"},{"floor":14,"key":"Orichalcum"}],"event_choices":[{"damage_healed":26,"gold_gain":0,"player_choice":"Banana","damage_taken":0,"max_hp_gain":0,"max_hp_loss":0,"event_name":"Big Fish","floor":8,"gold_loss":0},{"cards_removed":["Strike_R"],"damage_healed":0,"gold_gain":0,"player_choice":"Card Removal","damage_taken":0,"max_hp_gain":0,"max_hp_loss":0,"event_name":"The Cleric","floor":11,"gold_loss":50}],"is_beta":false,"boss_relics":[],"items_purged_floors":[],"is_endless":false,"potions_floor_spawned":[2,3,5,6,13,14],"killed_by":"Slime Boss","ascension_level":2}