{"path_per_floor":["M","M","?","M","$","M","M","?","T","M","R","M","R","$","R","B",null,"M","?","?","M","?","R","M","R","T","M","R"],"character_chosen":"DEFECT","items_purchased":["Turbo","Loop","Molten Egg 2","Go for the Eyes","Sunder+1"],"gold_per_floor":[117,135,435,448,42,53,64,64,64,83,83,99,99,31,31,129,129,149,149,149,74,74,74,93,93,119,132,132,132],"floor_reached":29,"campfire_rested":6,"playtime":1739,"item_purchase_floors":[5,5,5,5,14],"current_hp_per_floor":[75,62,50,38,38,29,12,30,30,21,43,43,65,65,75,4,75,70,46,32,8,8,32,34,58,58,18,42,1],"items_purged":[],"gold":132,"score":215,"play_id":"436c8f42-9a69-4e34-9275-30dce21be856","local_time":"20180618205805","is_prod":false,"is_daily":false,"chose_seed":false,"is_ascension_mode":false,"campfire_upgraded":0,"win_rate":0.0,"timestamp":1529351885,"campfire_choices":[{"floor":11,"key":"REST"},{"floor":13,"key":"REST"},{"floor":15,"key":"REST"},{"floor":23,"key":"REST"},{"floor":25,"key":"REST"},{"floor":28,"key":"REST"}],"path_taken":["M","M","?","M","$","M","M","?","T","?","R","M","R","$","R","BOSS","M","?","?","M","?","R","M","R","T","?","R","E"],"build_version":"2018-06-14v2","seed_source_timestamp":351499130457278,"purchased_purges":0,"victory":false,"master_deck":["Strike_B","Strike_B","Strike_B","Strike_B","Defend_B","Defend_B","Defend_B","Defend_B","Zap","Doom and Gloom","Sweeping Beam","Force Field","Turbo","Loop","Go for the Eyes+1","Leap","Doom and Gloom+1","Parasite","Conserve Battery","Chaos","Sunder+1","Buffer","Leap+1","Trip","Finesse","Self Repair","Streamline+1","All For One+1"],"max_hp_per_floor":[75,75,75,75,75,75,75,75,75,75,75,75,75,75,75,75,75,75,75,80,80,80,80,80,80,80,80,80,80],"relics":["Cracked Core","Old Coin","Molten Egg 2","Gambling Chip","Lizard Tail","Pen Nib"],"card_choices":[{"not_picked":["Go for the Eyes","Tempest"],"picked":"Doom and Gloom","floor":1},{"not_picked":["Genetic Algorithm","Storm"],"picked":"Sweeping Beam","floor":2},{"not_picked":["Barrage","Compile Driver"],"picked":"Force Field","floor":4},{"not_picked":["Storm","Rip and Tear+1"],"picked":"Leap","floor":6},{"not_picked":["Hologram","Conserve Battery"],"picked":"Doom and Gloom+1","floor":7},{"not_picked":["Steam","Heatsinks"],"picked":"Conserve Battery","floor":10},{"not_picked":["Defragment","FTL+1"],"picked":"Chaos","floor":12},{"not_picked":["Amplify","Reboot"],"picked":"Buffer","floor":16},{"not_picked":["Hologram","Barrage+1"],"picked":"Leap+1","floor":18},{"not_picked":["Rebound+1","Coolheaded+1"],"picked":"Self Repair","floor":21},{"not_picked":["Sweeping Beam+1","Leap"],"picked":"Streamline+1","floor":24},{"not_picked":["Steam Power","Beam Cell+1"],"picked":"All For One+1","floor":27}],"player_experience":45737,"potions_floor_usage":[],"damage_taken":[{"damage":0,"enemies":"Small Slimes","floor":1,"turns":3},{"damage":13,"enemies":"Jaw Worm","floor":2,"turns":3},{"damage":12,"enemies":"2 Louse","floor":4,"turns":3},{"damage":9,"enemies":"Blue Slaver","floor":6,"turns":3},{"damage":17,"enemies":"3 Louse","floor":7,"turns":3},{"damage":9,"enemies":"Gremlin Gang","floor":10,"turns":2},{"damage":0,"enemies":"Exordium Wildlife","floor":12,"turns":3},{"damage":71,"enemies":"Hexaghost","floor":16,"turns":11},{"damage":5,"enemies":"Chosen","floor":18,"turns":6},{"damage":24,"enemies":"2 Thieves","floor":21,"turns":5},{"damage":45,"enemies":"Chosen and Byrds","floor":24,"turns":8},{"damage":47,"enemies":"Snake Plant","floor":27,"turns":7},{"damage":41,"enemies":"Gremlin Leader","floor":29,"turns":7}],"relics_obtained":[{"floor":9,"key":"Gambling Chip"},{"floor":26,"key":"Pen Nib"}],"event_choices":[{"event_name":"Scrap Ooze","player_choice":"success","floor":3,"damage_taken":12},{"event_name":"Mushrooms","player_choice":"Healed and dodged fight","floor":8,"damage_taken":0},{"event_name":"Knowing Skull","player_choice":"CARD CARD ","floor":19,"damage_taken":0},{"event_name":"Forgotten Altar","player_choice":"Shed Blood","floor":20,"damage_taken":0},{"event_name":"Vampires","player_choice":"Ignored","floor":22,"damage_taken":0}],"boss_relics":[{"not_picked":["White Beast Statue","Empty Cage"],"picked":"Lizard Tail"}],"items_purged_floors":[],"is_endless":false,"potions_floor_spawned":[1,4,10,27],"seed_played":"-6449937801558899385","killed_by":"Gremlin Leader","ascension_level":0,"potions_obtained":[{"floor":1,"key":"Dexterity Potion"},{"floor":4,"key":"FocusPotion"},{"floor":10,"key":"GamblersBrew"},{"floor":27,"key":"FearPotion"}],"is_trial":false}