{"path_per_floor":["M","?","M","?","M","R","M","M","T","M","R","$","M","E","R"],"character_chosen":"IRONCLAD","items_purchased":[],"gold_per_floor":[117,117,136,136,156,156,167,178,178,194,194,194,213,540,540,540],"floor_reached":16,"campfire_rested":1,"playtime":2340,"item_purchase_floors":[],"current_hp_per_floor":[75,63,64,64,65,65,58,51,65,64,64,64,50,19,50,0],"items_purged":[],"gold":540,"score":129,"play_id":"20c55af5-d401-4e84-910c-3399e167ec51","local_time":"20180615233331","is_prod":false,"is_daily":false,"chose_seed":false,"is_ascension_mode":false,"campfire_upgraded":2,"win_rate":0.0,"timestamp":1529102011,"campfire_choices":[{"data":"Strike_R","floor":6,"key":"SMITH"},{"data":"Inflame","floor":11,"key":"SMITH"},{"floor":15,"key":"REST"}],"path_taken":["M","?","M","?","M","R","M","M","T","M","R","$","?","E","R","BOSS"],"build_version":"2018-06-14v2","seed_source_timestamp":100792885180399,"purchased_purges":0,"victory":false,"master_deck":["Strike_R+1","Strike_R","Strike_R","Strike_R","Strike_R","Defend_R","Defend_R","Defend_R","Defend_R","Bash","Entrench","Uppercut","Perfected Strike","Feed","Inflame+1","Armaments","Fire Breathing","Thunderclap"],"max_hp_per_floor":[80,80,80,80,80,80,80,83,97,100,100,100,103,106,106,106],"special_seed":0,"relics":["Burning Blood","Mummified Hand","Mango","Old Coin"],"card_choices":[{"not_picked":["Clash","Headbutt"],"picked":"Entrench","floor":1.0},{"not_picked":["Twin Strike","Anger"],"picked":"Uppercut","floor":3},{"not_picked":["Metallicize","Sword Boomerang"],"picked":"Perfected Strike","floor":5},{"not_picked":["Flex","Cleave"],"picked":"Feed","floor":7},{"not_picked":["Dual Wield","Sword Boomerang"],"picked":"Inflame","floor":8},{"not_picked":["Inflame","Pummel"],"picked":"Armaments","floor":10},{"not_picked":["Clash","Sever Soul"],"picked":"Fire Breathing","floor":13},{"not_picked":["Clash","Entrench"],"picked":"Thunderclap","floor":14}],"player_experience":0,"potions_floor_usage":[],"damage_taken":[{"damage":11.0,"enemies":"Jaw Worm","floor":1.0,"turns":5.0},{"damage":5.0,"enemies":"Small Slimes","floor":3.0,"turns":4.0},{"damage":5,"enemies":"Cultist","floor":5,"turns":4},{"damage":13,"enemies":"Blue Slaver","floor":7,"turns":4},{"damage":16,"enemies":"Red Slaver","floor":8,"turns":4},{"damage":10,"enemies":"Exordium Wildlife","floor":10,"turns":4},{"damage":23,"enemies":"Lots of Slimes","floor":13,"turns":4},{"damage":51,"enemies":"Lagavulin","floor":14,"turns":9},{"damage":51,"enemies":"The Guardian","floor":16,"turns":5}],"relics_obtained":[{"floor":9,"key":"Mango"},{"floor":14,"key":"Old Coin"}],"event_choices":[{"event_name":"Scrap Ooze","player_choice":"success","floor":2.0,"damage_taken":12.0},{"event_name":"The Lab","player_choice":"Got Potions","floor":4,"damage_taken":0}],"boss_relics":[],"items_purged_floors":[],"is_endless":false,"potions_floor_spawned":[5,10,13,14],"seed_played":"6463633521044383770","killed_by":"The Guardian","ascension_level":0,"potions_obtained":[{"floor":4,"key":"Strength Potion"},{"floor":4,"key":"Weak Potion"},{"floor":4,"key":"FairyPotion"},{"floor":5,"key":"Ancient Potion"},{"floor":14,"key":"Strength Potion"}],"is_trial":false}