{"gold_per_floor":[118,118,43,63,74,74,101,118,142,162,182,196,221,231,231,303,303,314,324,335,106,124,124,124],"floor_reached":24,"playtime":1253,"items_purged":["Strike_B","Defend_B"],"score":394,"play_id":"3335c2af-cefc-43b0-b910-9c28ebb39b65","local_time":"20190801183001","is_ascension_mode":true,"campfire_choices":[{"data":"Zap","floor":6,"key":"SMITH"},{"data":"Go for the Eyes","floor":15,"key":"SMITH"},{"data":"Recycle","floor":23,"key":"SMITH"}],"neow_cost":"PERCENT_DAMAGE","seed_source_timestamp":963759654455400,"circlet_count":0,"master_deck":["AscendersBane","Defend_B","Defend_B","Defend_B","Zap+1","Dualcast","Ball Lightning","Ball Lightning","Compile Driver","Glacier","Go for the Eyes+1","Hologram","Barrage","Genetic Algorithm","Loop","Core Surge","Redo","Leap","Self Repair","Doom and Gloom","Recycle+1","Conserve Battery"],"relics":["Cracked Core","Dream Catcher","Smiling Mask","Omamori","Runic Pyramid"],"potions_floor_usage":[7,10,16,24],"damage_taken":[{"damage":7,"enemies":"Small Slimes","floor":1,"turns":4},{"damage":1,"enemies":"Cultist","floor":4,"turns":3},{"damage":2,"enemies":"2 Louse","floor":5,"turns":2},{"damage":0,"enemies":"Gremlin Nob","floor":7,"turns":2},{"damage":2,"enemies":"Looter","floor":8,"turns":3},{"damage":0,"enemies":"3 Louse","floor":10,"turns":2},{"damage":0,"enemies":"Blue Slaver","floor":11,"turns":4},{"damage":0,"enemies":"Exordium Thugs","floor":12,"turns":3},{"damage":4,"enemies":"Lagavulin","floor":13,"turns":6},{"damage":4,"enemies":"Large Slime","floor":14,"turns":4},{"damage":24,"enemies":"Hexaghost","floor":16,"turns":11},{"damage":10,"enemies":"Shell Parasite","floor":18,"turns":10},{"damage":6,"enemies":"Spheric Guardian","floor":19,"turns":4},{"damage":6,"enemies":"Snecko","floor":20,"turns":8},{"damage":18,"enemies":"Snake Plant","floor":22,"turns":5},{"damage":30,"enemies":"Book of Stabbing","floor":24,"turns":5}],"seed_played":"-3026186688996389370","potions_obtained":[{"floor":1,"key":"Fire Potion"},{"floor":5,"key":"Explosive Potion"},{"floor":7,"key":"Ancient Potion"},{"floor":10,"key":"Dexterity Potion"},{"floor":16,"key":"Fruit Juice"},{"floor":20,"key":"Poison Potion"}],"is_trial":false,"path_per_floor":["M","?","$","M","M","R","E","M","T","M","M","M","E","M","R","B",null,"M","M","M","$","M","R","E"],"character_chosen":"DEFECT","items_purchased":["Self Repair","Doom and Gloom","Recycle"],"campfire_rested":0,"item_purchase_floors":[21,21,21],"current_hp_per_floor":[43,43,43,42,40,40,40,38,38,38,38,38,34,30,30,11,63,53,47,41,41,30,30,0],"gold":124,"neow_bonus":"REMOVE_TWO","is_prod":false,"is_daily":false,"chose_seed":false,"campfire_upgraded":3,"win_rate":0,"timestamp":1564698601,"path_taken":["M","?","$","?","M","R","E","M","T","M","M","M","E","M","R","BOSS","M","M","M","$","M","R","E"],"build_version":"2019-07-17","purchased_purges":2,"victory":false,"max_hp_per_floor":[75,75,75,75,75,75,75,75,75,75,75,75,75,75,75,80,80,80,80,80,80,80,80,80],"card_choices":[{"not_picked":["Go for the Eyes","Rip and Tear"],"picked":"Ball Lightning","floor":1},{"not_picked":["Lockon","Rebound"],"picked":"Ball Lightning","floor":4},{"not_picked":["Auto Shields","White Noise"],"picked":"Compile Driver","floor":5},{"not_picked":["Turbo","Compile Driver","Blizzard"],"picked":"SKIP","floor":7},{"not_picked":["Sweeping Beam","Beam Cell"],"picked":"Glacier","floor":8},{"not_picked":["Chaos","Force Field"],"picked":"Go for the Eyes","floor":10},{"not_picked":["Go for the Eyes","Thunder Strike"],"picked":"Hologram","floor":11},{"not_picked":["Hologram","Compile Driver"],"picked":"Barrage","floor":12},{"not_picked":["Sweeping Beam","Scrape"],"picked":"Genetic Algorithm","floor":13},{"not_picked":["Steam","Gash"],"picked":"Loop","floor":14},{"not_picked":["Amplify","Thunder Strike"],"picked":"Core Surge","floor":16},{"not_picked":["Go for the Eyes+1","Melter+1"],"picked":"Redo","floor":18},{"not_picked":["Cold Snap","Streamline"],"picked":"Leap","floor":19},{"not_picked":["Compile Driver","Melter","Rebound"],"picked":"SKIP","floor":20},{"not_picked":["Compile Driver","Turbo"],"picked":"Conserve Battery","floor":22}],"player_experience":614989,"relics_obtained":[{"floor":7,"key":"Dream Catcher"},{"floor":9,"key":"Smiling Mask"},{"floor":13,"key":"Omamori"}],"event_choices":[{"cards_removed":["Strike_B"],"damage_healed":0,"gold_gain":0,"player_choice":"Purged","damage_taken":0,"max_hp_gain":0,"max_hp_loss":0,"event_name":"Purifier","floor":2,"gold_loss":0}],"is_beta":false,"boss_relics":[{"not_picked":["Empty Cage","Pandora\u0027s Box"],"picked":"Runic Pyramid"}],"items_purged_floors":[3,21],"is_endless":false,"potions_floor_spawned":[1,5,7,10,16,20],"killed_by":"Book of Stabbing","ascension_level":13}