{"gold_per_floor":[109,59,77,93,104,131,131,163,187,204,232,252,287,305,305,376,376,388,399,181,280,290,290,623,623,649,649],"floor_reached":27,"playtime":936,"items_purged":["Strike_R"],"score":621,"play_id":"f43b4e79-5e8d-46a4-87ba-ddb0cedd6680","local_time":"20190814021635","is_ascension_mode":true,"campfire_choices":[{"data":"Fiend Fire","floor":7,"key":"SMITH"},{"data":"Armaments","floor":15,"key":"SMITH"},{"data":"Whirlwind","floor":23,"key":"SMITH"},{"data":"Berserk","floor":25,"key":"SMITH"}],"neow_cost":"NONE","seed_source_timestamp":146330619213300,"circlet_count":0,"master_deck":["AscendersBane","Strike_R","Defend_R","Defend_R","Defend_R","Defend_R","Bash+1","Clothesline","Iron Wave","Fiend Fire+1","True Grit","Power Through","Bludgeon","Armaments+1","Cleave","Shrug It Off","Whirlwind+1","Disarm+1","Berserk+1","True Grit+1","Armaments+1","Shrug It Off+1","Trip+1","Immolate"],"relics":["Burning Blood","Charon\u0027s Ashes","PreservedInsect","Omamori","Vajra","Toxic Egg 2","Empty Cage","Old Coin","Ancient Tea Set"],"potions_floor_usage":[6,11,13,16,22,27],"damage_taken":[{"damage":9,"enemies":"Jaw Worm","floor":1,"turns":3},{"damage":1,"enemies":"Cultist","floor":3,"turns":4},{"damage":0,"enemies":"Small Slimes","floor":4,"turns":3},{"damage":13,"enemies":"Blue Slaver","floor":5,"turns":3},{"damage":6,"enemies":"Gremlin Nob","floor":6,"turns":3},{"damage":18,"enemies":"3 Sentries","floor":8,"turns":4},{"damage":9,"enemies":"Red Slaver","floor":10,"turns":3},{"damage":0,"enemies":"Gremlin Nob","floor":11,"turns":1},{"damage":8,"enemies":"Exordium Thugs","floor":12,"turns":4},{"damage":0,"enemies":"Lagavulin","floor":13,"turns":2},{"damage":0,"enemies":"Large Slime","floor":14,"turns":4},{"damage":0,"enemies":"Slime Boss","floor":16,"turns":5},{"damage":10,"enemies":"Spheric Guardian","floor":18,"turns":4},{"damage":6,"enemies":"Chosen","floor":19,"turns":6},{"damage":24,"enemies":"Snecko","floor":22,"turns":7},{"damage":28,"enemies":"Slavers","floor":24,"turns":5},{"damage":50,"enemies":"Book of Stabbing","floor":27,"turns":7}],"seed_played":"8541804820412184585","potions_obtained":[{"floor":5,"key":"Fire Potion"},{"floor":6,"key":"Swift Potion"},{"floor":10,"key":"Swift Potion"},{"floor":13,"key":"Poison Potion"},{"floor":14,"key":"PowerPotion"},{"floor":16,"key":"Regen Potion"},{"floor":22,"key":"Fruit Juice"},{"floor":24,"key":"Strength Potion"}],"is_trial":false,"path_per_floor":["M","?","M","M","M","E","R","E","T","M","E","M","E","M","R","B",null,"M","M","$","?","M","R","E","R","T","E"],"character_chosen":"IRONCLAD","items_purchased":["Shrug It Off+1","Trip+1"],"campfire_rested":0,"item_purchase_floors":[20,20],"current_hp_per_floor":[65,65,70,75,68,68,68,56,56,53,59,57,63,69,69,75,75,71,71,71,71,58,58,36,36,36,0],"gold":649,"neow_bonus":"UPGRADE_CARD","is_prod":false,"is_daily":false,"chose_seed":false,"campfire_upgraded":4,"win_rate":0,"timestamp":1565763395,"path_taken":["M","?","M","M","M","E","R","E","T","M","E","M","E","M","R","BOSS","M","M","$","?","M","R","E","R","T","E"],"build_version":"2019-07-17","purchased_purges":1,"victory":false,"max_hp_per_floor":[75,75,75,75,75,75,75,75,75,75,75,75,75,75,75,75,75,75,75,75,75,80,80,80,80,80,80],"card_choices":[{"not_picked":["Shrug It Off","Armaments"],"picked":"Clothesline","floor":1},{"not_picked":["Corruption","True Grit"],"picked":"Iron Wave","floor":3},{"not_picked":["Headbutt","Burning Pact"],"picked":"Fiend Fire","floor":4},{"not_picked":["Blood for Blood","Sword Boomerang"],"picked":"True Grit","floor":5},{"not_picked":["Wild Strike","Intimidate"],"picked":"Power Through","floor":6},{"not_picked":["Searing Blow","Seeing Red"],"picked":"Bludgeon","floor":8},{"not_picked":["Perfected Strike","Clothesline"],"picked":"Armaments","floor":10},{"not_picked":["Twin Strike","Intimidate"],"picked":"Cleave","floor":11},{"not_picked":["Anger","Combust"],"picked":"Shrug It Off","floor":12},{"not_picked":["Limit Break","Second Wind"],"picked":"Whirlwind","floor":13},{"not_picked":["Twin Strike","Armaments+1"],"picked":"Disarm+1","floor":14},{"not_picked":["Bludgeon","Dark Embrace"],"picked":"Berserk","floor":16},{"not_picked":["Cleave","Sword Boomerang"],"picked":"True Grit+1","floor":18},{"not_picked":["Heavy Blade","Clash"],"picked":"Armaments+1","floor":19},{"not_picked":["Perfected Strike","Iron Wave","Headbutt"],"picked":"SKIP","floor":22},{"not_picked":["Havoc+1","Twin Strike"],"picked":"Immolate","floor":24}],"player_experience":744314,"relics_obtained":[{"floor":6,"key":"Charon\u0027s Ashes"},{"floor":8,"key":"PreservedInsect"},{"floor":9,"key":"Omamori"},{"floor":11,"key":"Vajra"},{"floor":13,"key":"Toxic Egg 2"},{"floor":24,"key":"Old Coin"},{"floor":26,"key":"Ancient Tea Set"}],"event_choices":[{"cards_removed":["Strike_R"],"damage_healed":0,"gold_gain":0,"player_choice":"Card Removal","damage_taken":0,"max_hp_gain":0,"max_hp_loss":0,"event_name":"The Cleric","floor":2,"gold_loss":50},{"damage_healed":0,"gold_gain":99,"player_choice":"Stole From Cult","damage_taken":0,"max_hp_gain":0,"max_hp_loss":0,"event_name":"Nest","floor":21,"gold_loss":0}],"is_beta":false,"boss_relics":[{"not_picked":["Tiny House","Calling Bell"],"picked":"Empty Cage"}],"items_purged_floors":[20],"is_endless":false,"potions_floor_spawned":[5,6,10,13,14,16,22,24],"killed_by":"Book of Stabbing","ascension_level":14}