{"gold_per_floor":[109,109,109,109,34,34,34,34,60,60,88,88,109,109,109,234,234,248,97,115,135,68,68],"floor_reached":23,"playtime":1619,"items_purged":[],"score":245,"play_id":"d63a2477-471e-4d50-889a-51eb52d4ddd6","local_time":"20180705114232","is_ascension_mode":true,"campfire_choices":[{"data":"Noxious Fumes","floor":6.0,"key":"SMITH"},{"data":"Neutralize","floor":8.0,"key":"SMITH"},{"floor":15.0,"key":"REST"}],"neow_cost":"","seed_source_timestamp":1415214570085967,"circlet_count":0,"master_deck":["Defend_G","Defend_G","Defend_G","Defend_G","Defend_G","Strike_G","Strike_G","Strike_G+1","Strike_G+1","Strike_G","Survivor","Neutralize+1","Noxious Fumes+1","Caltrops","Dagger Spray","Bandage Up","Neutralize","After Image","Backflip+1","Flying Knee","PiercingWail","Caltrops","PiercingWail","Escape Plan","Well Laid Plans"],"special_seed":0,"relics":["Ring of the Snake","Pantograph","Golden Idol","Juzu Bracelet","Odd Mushroom","Eternal Feather"],"potions_floor_usage":[23],"damage_taken":[{"damage":2.0,"enemies":"Small Slimes","floor":1.0,"turns":7.0},{"damage":12.0,"floor":11.0,"turns":6.0},{"damage":4.0,"enemies":"2 Louse","floor":13.0,"turns":3.0},{"damage":45.0,"enemies":"The Guardian","floor":16.0,"turns":13.0},{"damage":24.0,"enemies":"Spheric Guardian","floor":18.0,"turns":8.0},{"damage":0.0,"enemies":"3 Byrds","floor":20.0,"turns":3.0},{"damage":47,"enemies":"Sentry and Sphere","floor":21,"turns":9},{"damage":0,"enemies":"Slavers","floor":23,"turns":2}],"seed_played":"-7385071193816264994","potions_obtained":[{"floor":1.0,"key":"SpeedPotion"},{"floor":16.0,"key":"Regen Potion"},{"floor":21,"key":"Dexterity Potion"}],"is_trial":false,"path_per_floor":["M","?","T","?","$","R","?","R","T","?","?","?","M","?","R","B",null,"M","$","M","M","$"],"character_chosen":"THE_SILENT","items_purchased":["Noxious Fumes","Flying Knee","PiercingWail","Caltrops","Well Laid Plans"],"campfire_rested":1,"item_purchase_floors":[],"current_hp_per_floor":[61,47,47,70,70,70,65,65,65,65,53,53,49,49,65,24,55,47,47,51,8,8,8],"gold":68,"neow_bonus":"","is_prod":false,"is_daily":false,"chose_seed":false,"campfire_upgraded":2,"win_rate":0,"timestamp":1530787352,"path_taken":["M","?","?","?","$","R","?","R","T","?","?","?","M","?","R","BOSS","M","$","M","M","$","E"],"build_version":"2018-06-28","purchased_purges":0,"victory":false,"max_hp_per_floor":[70,70,70,70,70,70,65,65,65,65,65,65,65,65,65,65,65,65,65,65,65,65,65],"card_choices":[{"not_picked":["Bouncing Flask","Prepared","Choke"],"picked":"SKIP","floor":1.0},{"not_picked":["PiercingWail","Prepared"],"picked":"Caltrops","floor":11.0},{"not_picked":["Prepared","Deflect"],"picked":"Dagger Spray","floor":13.0},{"not_picked":["Venomology","Phantasmal Killer"],"picked":"After Image","floor":16.0},{"not_picked":["Prepared","Sucker Punch"],"picked":"Backflip+1","floor":18.0},{"not_picked":["Cloak And Dagger","Quick Slash"],"picked":"PiercingWail","floor":20.0},{"not_picked":["PiercingWail","Dagger Spray"],"picked":"Escape Plan","floor":21}],"player_experience":357725,"relics_obtained":[{"floor":3.0,"key":"Pantograph"},{"floor":9.0,"key":"Juzu Bracelet"},{"floor":11.0,"key":"Odd Mushroom"}],"event_choices":[{"event_name":"Shining Light","player_choice":"Entered Light","floor":2.0,"damage_taken":0.0},{"event_name":"Big Fish","player_choice":"Banana","floor":4.0,"damage_taken":0.0},{"event_name":"Golden Idol","player_choice":"Lose Max HP","floor":7.0,"damage_taken":0.0},{"event_name":"Liars Game","player_choice":"disagreed","floor":10.0,"damage_taken":0.0},{"event_name":"Mushrooms","player_choice":"Fought Mushrooms","floor":11.0,"damage_taken":0.0},{"event_name":"Scrap Ooze","player_choice":"unsuccessful","floor":12.0,"damage_taken":0.0},{"event_name":"Match and Keep!","player_choice":"2 cards matched","floor":14.0,"damage_taken":0.0}],"boss_relics":[{"not_picked":["Astrolabe","Lizard Tail"],"picked":"Eternal Feather"}],"items_purged_floors":[],"is_endless":false,"potions_floor_spawned":[1,16,21],"killed_by":"Slavers","ascension_level":8}