{"gold_per_floor":[115,115,129,140,187,187,216,216,216,216,216,245,193,212,212,312,312,330,62,81,91,102,102,102],"floor_reached":24,"playtime":2757,"items_purged":[],"score":258,"play_id":"4d6866c5-3d89-49fc-96c2-372c3b10df99","local_time":"20190803115903","is_ascension_mode":true,"campfire_choices":[{"data":"Bash","floor":6,"key":"SMITH"},{"floor":8,"key":"RECALL"},{"floor":15,"key":"REST"},{"data":"Offering","floor":23,"key":"SMITH"}],"neow_cost":"NONE","seed_source_timestamp":14307616272780,"circlet_count":0,"master_deck":["Strike_R+1","Defend_R","Defend_R","Defend_R","Defend_R","Bash+1","Whirlwind+1","Heavy Blade+1","Uppercut+1","Offering+1","Battle Trance+1","Headbutt+1","Disarm+1","Rampage+1","Ghostly Armor+1"],"relics":["Burning Blood","Anchor","Pantograph","keyreminder:keyreminder","Molten Egg 2","Whetstone","Letter Opener","Empty Cage","Toxic Egg 2"],"potions_floor_usage":[12,16,21,24],"damage_taken":[{"damage":8,"enemies":"Jaw Worm","floor":1,"turns":4},{"damage":0,"enemies":"2 Louse","floor":3,"turns":1},{"damage":3,"enemies":"Small Slimes","floor":4,"turns":4},{"damage":30,"enemies":"3 Sentries","floor":7,"turns":5},{"damage":40,"enemies":"Lagavulin","floor":12,"turns":4},{"damage":0,"enemies":"3 Louse","floor":14,"turns":1},{"damage":40,"enemies":"The Guardian","floor":16,"turns":15},{"damage":8,"enemies":"Chosen","floor":18,"turns":6},{"damage":7,"enemies":"3 Byrds","floor":20,"turns":4},{"damage":6,"enemies":"Snecko","floor":21,"turns":4},{"damage":34,"enemies":"Centurion and Healer","floor":22,"turns":6},{"damage":40,"enemies":"Sentry and Sphere","floor":24,"turns":5}],"seed_played":"2328103806934107974","potions_obtained":[{"floor":3,"key":"SteroidPotion"},{"floor":7,"key":"GamblersBrew"},{"floor":12,"key":"SteroidPotion"},{"floor":14,"key":"SpeedPotion"},{"floor":18,"key":"Swift Potion"}],"is_trial":false,"path_per_floor":["M","?","M","M","T","R","E","R","T","?","?","E","?","M","R","B",null,"M","$","M","M","M","R","M"],"character_chosen":"IRONCLAD","items_purchased":["Headbutt+1","Toxic Egg 2"],"campfire_rested":1,"item_purchase_floors":[19,19],"current_hp_per_floor":[78,78,80,80,80,80,56,56,56,49,49,15,15,21,45,36,69,67,67,66,66,38,38,0],"gold":102,"neow_bonus":"REMOVE_CARD","is_prod":false,"is_daily":false,"chose_seed":false,"campfire_upgraded":2,"win_rate":0,"timestamp":1564851543,"path_taken":["M","?","M","M","?","R","E","R","T","?","?","E","?","M","R","BOSS","M","$","M","M","M","R","M"],"build_version":"2019-07-17","purchased_purges":0,"victory":false,"max_hp_per_floor":[80,80,80,80,80,80,80,80,80,80,80,80,80,80,80,80,80,80,80,80,80,80,80,80],"card_choices":[{"not_picked":["Heavy Blade","Sword Boomerang"],"picked":"Whirlwind","floor":1},{"not_picked":["Entrench","Blood for Blood","Sever Soul"],"picked":"SKIP","floor":3},{"not_picked":["Clothesline","Combust","Whirlwind"],"picked":"SKIP","floor":4},{"not_picked":["Thunderclap","Clash"],"picked":"Heavy Blade","floor":7},{"not_picked":["Combust","Warcry","Clash+1"],"picked":"SKIP","floor":12},{"not_picked":["Twin Strike+1","Flex"],"picked":"Uppercut+1","floor":14},{"not_picked":["Exhume","Barricade"],"picked":"Offering","floor":16},{"not_picked":["Disarm","Warcry"],"picked":"Battle Trance+1","floor":18},{"not_picked":["Pommel Strike+1","Dropkick+1"],"picked":"Disarm+1","floor":20},{"not_picked":["Pummel+1","Heavy Blade+1"],"picked":"Rampage+1","floor":21},{"not_picked":["Body Slam+1","Warcry+1"],"picked":"Ghostly Armor+1","floor":22}],"player_experience":354392,"relics_obtained":[{"floor":5,"key":"Anchor"},{"floor":7,"key":"Pantograph"},{"floor":9,"key":"Molten Egg 2"},{"floor":12,"key":"Whetstone"}],"event_choices":[{"damage_healed":0,"gold_gain":0,"player_choice":"Grow","damage_taken":0,"max_hp_gain":0,"max_hp_loss":0,"event_name":"Living Wall","floor":2,"gold_loss":0,"cards_upgraded":["Whirlwind"]},{"cards_removed":["Strike_R"],"damage_healed":0,"gold_gain":0,"player_choice":"Card Removal","damage_taken":7,"max_hp_gain":0,"max_hp_loss":0,"event_name":"Golden Wing","floor":10,"gold_loss":0},{"damage_healed":0,"gold_gain":0,"player_choice":"Fled","damage_taken":0,"max_hp_gain":0,"max_hp_loss":0,"event_name":"Scrap Ooze","floor":11,"gold_loss":0},{"damage_healed":0,"gold_gain":0,"player_choice":"Paid Gold","damage_taken":0,"relics_obtained":["Letter Opener"],"max_hp_gain":0,"max_hp_loss":0,"event_name":"WeMeetAgain","floor":13,"gold_loss":52}],"is_beta":false,"boss_relics":[{"not_picked":["Coffee Dripper","Ectoplasm"],"picked":"Empty Cage"}],"items_purged_floors":[],"is_endless":false,"potions_floor_spawned":[3,7,12,14,18,20],"killed_by":"Sentry and Sphere","ascension_level":5}