{"path_per_floor":["M","?","?","M","?","R","M","M","T","T","R","?","M","M","R","B",null,"M","?","?","?","?","E","R","M","T","M","M","?","$"],"character_chosen":"IRONCLAD","items_purchased":["Anchor","Wild Strike","Flex","Armaments"],"gold_per_floor":[116,116,116,128,93,93,110,124,124,124,124,124,143,161,161,256,256,272,242,157,157,157,192,192,210,210,222,240,272,0,0],"floor_reached":31,"campfire_rested":1,"playtime":1834,"item_purchase_floors":[30,30,30,30],"current_hp_per_floor":[75,63,63,63,80,80,80,78,78,78,78,78,79,80,80,44,80,58,58,58,58,58,39,81,61,61,61,55,27,27,2],"items_purged":[],"gold":0,"score":245,"play_id":"2d17ea84-b0fd-4220-a08f-e59c4ac8fe0d","local_time":"20180622192222","is_prod":false,"is_daily":false,"chose_seed":false,"is_ascension_mode":false,"campfire_upgraded":3,"win_rate":0.0,"timestamp":1529691742,"campfire_choices":[{"data":"Cleave","floor":6,"key":"SMITH"},{"data":"Uppercut","floor":11,"key":"SMITH"},{"data":"Heavy Blade","floor":15,"key":"SMITH"},{"floor":24,"key":"REST"}],"path_taken":["M","?","?","M","?","R","M","M","T","?","R","?","M","M","R","BOSS","M","?","?","?","?","E","R","?","T","M","M","?","$","?"],"build_version":"2018-06-21","seed_source_timestamp":319548475489985,"purchased_purges":0,"circlet_count":0,"victory":false,"master_deck":["Strike_R","Strike_R","Strike_R","Strike_R","Strike_R","Defend_R","Defend_R","Defend_R","Defend_R","Sword Boomerang","Cleave+1","Iron Wave","Uppercut+1","Perfected Strike","Twin Strike","Heavy Blade+1","Impervious+1","Inflame","Dual Wield+1","Clothesline","Shrug It Off+1","Inflame+1","Dropkick+1","Wild Strike","Flex","Armaments"],"max_hp_per_floor":[80,80,80,80,80,80,80,80,80,80,80,80,80,80,80,80,80,80,80,80,80,80,90,90,90,90,90,90,90,90,90],"relics":["Burning Blood","Kunai","Meat on the Bone","Lantern","Black Star","Regal Pillow","Pear","Bottled Flame","Darkstone Periapt","Red Mask","Anchor"],"card_choices":[{"not_picked":["Combust","Pommel Strike"],"picked":"Sword Boomerang","floor":0},{"not_picked":["Sword Boomerang","Body Slam"],"picked":"Cleave","floor":1},{"not_picked":["Rupture","True Grit"],"picked":"Iron Wave","floor":4},{"not_picked":["Armaments","Body Slam"],"picked":"Uppercut","floor":7},{"not_picked":["Body Slam","Burning Pact"],"picked":"Perfected Strike","floor":8},{"not_picked":["Heavy Blade","Thunderclap"],"picked":"Twin Strike","floor":13},{"not_picked":["Clash","Corruption"],"picked":"Heavy Blade","floor":14},{"not_picked":["Immolate","Feed"],"picked":"Impervious","floor":16},{"not_picked":["Clash","Power Through+1"],"picked":"Inflame","floor":18},{"not_picked":["Entrench","Corruption+1"],"picked":"Dual Wield+1","floor":23},{"not_picked":["Flex","Warcry"],"picked":"Clothesline","floor":25},{"not_picked":["Twin Strike","Combust"],"picked":"Shrug It Off+1","floor":27},{"not_picked":["True Grit+1","Thunderclap"],"picked":"Inflame+1","floor":28},{"not_picked":["Brutality","Warcry"],"picked":"Dropkick+1","floor":29}],"player_experience":61820,"potions_floor_usage":[16,16,16,18,23,23,28],"damage_taken":[{"damage":11,"enemies":"Jaw Worm","floor":1,"turns":6},{"damage":6,"enemies":"Cultist","floor":4,"turns":4},{"damage":3,"enemies":"2 Louse","floor":7,"turns":3},{"damage":8,"enemies":"Lots of Slimes","floor":8,"turns":3},{"damage":5,"enemies":"Blue Slaver","floor":13,"turns":3},{"damage":0,"enemies":"Exordium Wildlife","floor":14,"turns":2},{"damage":54,"enemies":"The Guardian","floor":16,"turns":15},{"damage":40,"enemies":"Spheric Guardian","floor":18,"turns":6},{"damage":47,"enemies":"Slavers","floor":23,"turns":7},{"damage":38,"enemies":"Chosen","floor":25,"turns":5},{"damage":6,"enemies":"Snecko","floor":27,"turns":3},{"damage":12,"enemies":"3 Cultists","floor":28,"turns":5},{"damage":46,"floor":29,"turns":5},{"damage":25,"enemies":"Sentry and Sphere","floor":31,"turns":3}],"relics_obtained":[{"floor":9,"key":"Meat on the Bone"},{"floor":10,"key":"Lantern"},{"floor":23,"key":"Pear"},{"floor":23,"key":"Bottled Flame"},{"floor":26,"key":"Darkstone Periapt"},{"floor":29,"key":"Red Mask"}],"event_choices":[{"event_name":"Scrap Ooze","player_choice":"success","floor":2,"damage_taken":12},{"event_name":"Purifier","player_choice":"One Purge","floor":3,"damage_taken":0},{"event_name":"The Cleric","player_choice":"Healed","floor":5,"damage_taken":0},{"event_name":"The Lab","player_choice":"Got Potions","floor":12,"damage_taken":0},{"event_name":"The Woman in Blue","player_choice":"Bought 2 Potions","floor":19,"damage_taken":0},{"event_name":"Addict","player_choice":"Obtained Relic","floor":20,"damage_taken":0},{"event_name":"Upgrade Shrine","player_choice":"Upgraded","floor":21,"damage_taken":0},{"event_name":"Ghosts","player_choice":"Ignored","floor":22,"damage_taken":0},{"event_name":"Masked Bandits","player_choice":"Fought over 240 gold","floor":29,"damage_taken":0}],"boss_relics":[{"not_picked":["Philosopher\u0027s Stone","Coffee Dripper"],"picked":"Black Star"}],"items_purged_floors":[],"is_endless":false,"potions_floor_spawned":[7,14,16,18,23,25],"seed_played":"-5178361494075487745","killed_by":"Sentry and Sphere","ascension_level":0,"potions_obtained":[{"floor":7,"key":"Weak Potion"},{"floor":12,"key":"SpeedPotion"},{"floor":12,"key":"Swift Potion"},{"floor":14,"key":"Ancient Potion"},{"floor":16,"key":"GamblersBrew"},{"floor":18,"key":"SkillPotion"},{"floor":19,"key":"GamblersBrew"},{"floor":19,"key":"AttackPotion"},{"floor":23,"key":"Fire Potion"},{"floor":25,"key":"Dexterity Potion"}],"is_trial":false}