{"gold_per_floor":[119,133,133,150,160,160,217,217,241,253,54,54,82,94,94,190,190,204,219,219,233,10,10,43,43,43,61,61],"floor_reached":28,"playtime":2734,"items_purged":["Strike_R","Strike_R"],"score":313,"play_id":"c3bc5dea-eff1-4941-a8e0-d776f2de093b","local_time":"20190730145522","is_ascension_mode":true,"campfire_choices":[{"data":"Anger","floor":6,"key":"SMITH"},{"floor":8,"key":"REST"},{"data":"Pommel Strike","floor":12,"key":"SMITH"},{"floor":15,"key":"REST"},{"floor":23,"key":"REST"}],"neow_cost":"NONE","seed_source_timestamp":789871301226392,"circlet_count":0,"master_deck":["Strike_R","Strike_R","Strike_R","Defend_R","Defend_R","Defend_R","Defend_R","Bash","Anger+1","Dual Wield","Clothesline","Burning Pact","Sever Soul","Dropkick","Sentinel","Pommel Strike+1","Rage","Double Tap","Wild Strike+1","Feel No Pain","Shrug It Off+1","Shockwave","Ghostly Armor","Uppercut","Headbutt+1"],"relics":["Burning Blood","Dream Catcher","Tiny Chest","Art of War","Incense Burner","Lizard Tail","Question Card","Centennial Puzzle"],"potions_floor_usage":[13,16,19,21,21,24],"damage_taken":[{"damage":5,"enemies":"Small Slimes","floor":1,"turns":4},{"damage":7,"enemies":"Jaw Worm","floor":2,"turns":2},{"damage":1,"enemies":"2 Louse","floor":4,"turns":3},{"damage":20,"enemies":"Exordium Thugs","floor":5,"turns":5},{"damage":40,"enemies":"3 Sentries","floor":7,"turns":8},{"damage":12,"enemies":"Large Slime","floor":10,"turns":5},{"damage":25,"enemies":"Lagavulin","floor":13,"turns":6},{"damage":8,"enemies":"Lots of Slimes","floor":14,"turns":4},{"damage":25,"enemies":"Hexaghost","floor":16,"turns":11},{"damage":6,"enemies":"Spheric Guardian","floor":18,"turns":4},{"damage":34,"enemies":"Shell Parasite","floor":19,"turns":8},{"damage":60,"enemies":"Snake Plant","floor":21,"turns":6},{"damage":33,"enemies":"Slavers","floor":24,"turns":9},{"damage":25,"enemies":"Centurion and Healer","floor":27,"turns":7},{"damage":38,"enemies":"Shelled Parasite and Fungi","floor":28,"turns":4}],"seed_played":"6882627545640866676","potions_obtained":[{"floor":1,"key":"SteroidPotion"},{"floor":2,"key":"Weak Potion"},{"floor":7,"key":"Fire Potion"},{"floor":16,"key":"Explosive Potion"},{"floor":18,"key":"Ancient Potion"},{"floor":19,"key":"Regen Potion"},{"floor":24,"key":"Weak Potion"}],"is_trial":false,"path_per_floor":["M","M","?","M","M","R","E","R","T","M","$","R","E","M","R","B",null,"M","M","?","M","$","R","E","?","T","M","M"],"character_chosen":"IRONCLAD","items_purchased":["Sentinel","Pommel Strike","Shockwave","SpeedPotion"],"campfire_rested":3,"item_purchase_floors":[11,11,22,22],"current_hp_per_floor":[88,87,80,85,71,71,37,63,63,57,57,57,38,36,62,43,77,77,49,49,10,10,36,9,9,9,35,0],"gold":61,"neow_bonus":"TEN_PERCENT_HP_BONUS","is_prod":false,"is_daily":false,"chose_seed":false,"campfire_upgraded":2,"win_rate":0,"timestamp":1564516522,"path_taken":["M","M","?","M","M","R","E","R","T","M","$","R","E","M","R","BOSS","M","M","?","M","$","R","E","?","T","M","M"],"build_version":"2019-07-17","purchased_purges":2,"victory":false,"max_hp_per_floor":[88,88,88,88,88,88,88,88,88,88,88,88,88,88,88,88,88,88,88,88,88,88,88,88,88,88,88,88],"card_choices":[{"not_picked":["Ghostly Armor","Body Slam"],"picked":"Anger","floor":1},{"not_picked":["Second Wind","Iron Wave"],"picked":"Dual Wield","floor":2},{"not_picked":["Body Slam","True Grit"],"picked":"Clothesline","floor":4},{"not_picked":["Metallicize","True Grit"],"picked":"Burning Pact","floor":5},{"not_picked":["Anger","Impervious","Infernal Blade"],"picked":"SKIP","floor":7},{"not_picked":["Ghostly Armor","Blood for Blood"],"picked":"Sever Soul","floor":8},{"not_picked":["Anger","Blood for Blood"],"picked":"Dropkick","floor":10},{"not_picked":["Heavy Blade","Second Wind"],"picked":"Rage","floor":13},{"not_picked":["Whirlwind","Ghostly Armor","Body Slam"],"picked":"SKIP","floor":14},{"not_picked":["Brutality","Feed"],"picked":"Double Tap","floor":16},{"not_picked":["Pommel Strike","Anger"],"picked":"Wild Strike+1","floor":18},{"not_picked":["Warcry","Sword Boomerang"],"picked":"Feel No Pain","floor":19},{"not_picked":["Clash","Cleave"],"picked":"Shrug It Off+1","floor":21},{"not_picked":["Clash","Warcry+1"],"picked":"Ghostly Armor","floor":23},{"not_picked":["Clash","Havoc"],"picked":"Uppercut","floor":24},{"not_picked":["Intimidate+1","Anger","Flex"],"picked":"Headbutt+1","floor":27}],"player_experience":317129,"relics_obtained":[{"floor":7,"key":"Tiny Chest"},{"floor":9,"key":"Art of War"},{"floor":13,"key":"Incense Burner"},{"floor":24,"key":"Question Card"},{"floor":26,"key":"Centennial Puzzle"}],"event_choices":[{"damage_healed":0,"gold_gain":0,"player_choice":"Success","damage_taken":7,"relics_obtained":["Dream Catcher"],"max_hp_gain":0,"max_hp_loss":0,"event_name":"Scrap Ooze","floor":3,"gold_loss":0},{"damage_healed":0,"gold_gain":0,"player_choice":"Smashed Altar","damage_taken":0,"max_hp_gain":0,"max_hp_loss":0,"event_name":"Forgotten Altar","floor":20,"gold_loss":0,"cards_obtained":["Decay"]},{"cards_removed":["Decay"],"damage_healed":0,"gold_gain":0,"player_choice":"Removed Curses","damage_taken":0,"max_hp_gain":0,"max_hp_loss":0,"event_name":"Fountain of Cleansing","floor":25,"gold_loss":0}],"is_beta":false,"boss_relics":[{"not_picked":["Snecko Eye","Philosopher\u0027s Stone"],"picked":"Lizard Tail"}],"items_purged_floors":[11,22],"is_endless":false,"potions_floor_spawned":[1,2,7,16,18,19,24],"killed_by":"Shelled Parasite and Fungi","ascension_level":5}