{"gold_per_floor":[114,114,134,24,42,42,75,75,155,180,180,194,13,13,13,113,113,130,141,141,56,56,56,70,3,26,39,39,70,90,124,124,124],"floor_reached":33,"playtime":1179,"items_purged":["Strike_R","Strike_R"],"score":410,"play_id":"a1ddf7d5-8340-4a36-a76f-6383ab9e2910","local_time":"20190725184849","is_ascension_mode":true,"campfire_choices":[{"data":"Bash","floor":6,"key":"SMITH"},{"data":"Carnage","floor":8,"key":"SMITH"},{"data":"Offering","floor":11,"key":"SMITH"},{"data":"Inflame","floor":15,"key":"SMITH"},{"data":"Metallicize","floor":23,"key":"SMITH"},{"data":"Immolate","floor":28,"key":"SMITH"},{"floor":32,"key":"REST"}],"neow_cost":"NONE","seed_source_timestamp":360134723053300,"circlet_count":0,"master_deck":["Strike_R","Strike_R","Strike_R","Defend_R","Defend_R","Defend_R","Defend_R","Bash+1","Cleave","Shockwave","Headbutt","Carnage+1","Offering+1","Disarm","Inflame+1","Immolate+1","Metallicize+1","Decay","Battle Trance","Warcry+1","True Grit+1"],"relics":["Burning Blood","NeowsBlessing","Centennial Puzzle","Sundial","Pen Nib","Bag of Marbles","Philosopher\u0027s Stone","Orichalcum","Vajra","Ancient Tea Set","Ornamental Fan","Bottled Flame"],"potions_floor_usage":[16,19,31,31,33],"damage_taken":[{"damage":0,"enemies":"Jaw Worm","floor":1,"turns":1},{"damage":0,"enemies":"Cultist","floor":3,"turns":1},{"damage":0,"enemies":"Small Slimes","floor":5,"turns":1},{"damage":40,"enemies":"3 Sentries","floor":7,"turns":10},{"damage":20,"enemies":"Lagavulin","floor":10,"turns":5},{"damage":9,"enemies":"Gremlin Gang","floor":12,"turns":3},{"damage":14,"enemies":"The Guardian","floor":16,"turns":7},{"damage":12,"enemies":"Chosen","floor":18,"turns":2},{"damage":18,"enemies":"Shell Parasite","floor":19,"turns":2},{"damage":19,"enemies":"Shelled Parasite and Fungi","floor":24,"turns":2},{"damage":6,"enemies":"Centurion and Healer","floor":27,"turns":2},{"damage":26,"enemies":"Book of Stabbing","floor":29,"turns":3},{"damage":0,"enemies":"Snecko","floor":30,"turns":2},{"damage":19,"enemies":"Slavers","floor":31,"turns":3},{"damage":75,"enemies":"Automaton","floor":33,"turns":6}],"seed_played":"300358513888068312","potions_obtained":[{"floor":1,"key":"Strength Potion"},{"floor":7,"key":"Explosive Potion"},{"floor":12,"key":"FearPotion"},{"floor":16,"key":"SpeedPotion"},{"floor":18,"key":"Swift Potion"},{"floor":27,"key":"Ancient Potion"},{"floor":29,"key":"Regen Potion"},{"floor":31,"key":"BloodPotion"}],"is_trial":false,"path_per_floor":["M","?","M","$","M","R","E","R","T","E","R","M","$","?","R","B",null,"M","M","?","?","?","R","M","$","T","M","R","E","M","E","R","B"],"character_chosen":"IRONCLAD","items_purchased":["Shockwave","Inflame","Battle Trance"],"campfire_rested":1,"item_purchase_floors":[4,13,25],"current_hp_per_floor":[78,83,85,85,85,85,51,51,51,37,37,34,34,31,31,23,70,64,52,52,52,52,52,39,39,39,39,39,19,25,21,46,0],"gold":124,"neow_bonus":"THREE_ENEMY_KILL","is_prod":false,"is_daily":false,"chose_seed":false,"campfire_upgraded":6,"win_rate":0,"timestamp":1564094929,"path_taken":["M","?","M","?","?","R","E","R","T","E","R","M","$","?","R","BOSS","M","M","?","?","?","R","?","$","T","M","R","E","M","E","R","BOSS"],"build_version":"2019-07-17","purchased_purges":2,"victory":false,"max_hp_per_floor":[80,85,85,85,85,85,85,85,85,85,85,85,85,85,85,85,85,85,85,85,85,85,85,85,85,85,85,85,85,85,85,85,85],"card_choices":[{"not_picked":["Rupture","Iron Wave","Heavy Blade"],"picked":"SKIP","floor":1},{"not_picked":["Iron Wave","Entrench"],"picked":"Cleave","floor":3},{"not_picked":["Iron Wave","Anger"],"picked":"Headbutt","floor":5},{"not_picked":["Combust","Dual Wield"],"picked":"Carnage","floor":7},{"not_picked":["Clash","Pommel Strike"],"picked":"Offering","floor":10},{"not_picked":["Headbutt","Iron Wave"],"picked":"Disarm","floor":12},{"not_picked":["Reaper","Dark Embrace"],"picked":"Immolate","floor":16},{"not_picked":["Fire Breathing","Evolve"],"picked":"Metallicize","floor":18},{"not_picked":["Heavy Blade","Pommel Strike","Sword Boomerang"],"picked":"SKIP","floor":19},{"not_picked":["Flex","Heavy Blade+1","Twin Strike"],"picked":"SKIP","floor":24},{"not_picked":["Armaments","Clothesline"],"picked":"Warcry+1","floor":27},{"not_picked":["Heavy Blade","Feed","Hemokinesis"],"picked":"SKIP","floor":29},{"not_picked":["Pommel Strike","Pummel","Rampage"],"picked":"SKIP","floor":30},{"not_picked":["Carnage","Cleave"],"picked":"True Grit+1","floor":31}],"player_experience":510342,"relics_obtained":[{"floor":7,"key":"Centennial Puzzle"},{"floor":9,"key":"Sundial"},{"floor":10,"key":"Pen Nib"},{"floor":26,"key":"Ancient Tea Set"},{"floor":29,"key":"Ornamental Fan"},{"floor":31,"key":"Bottled Flame"}],"event_choices":[{"damage_healed":0,"gold_gain":0,"player_choice":"Donut","damage_taken":0,"max_hp_gain":5,"max_hp_loss":0,"event_name":"Big Fish","floor":2,"gold_loss":0},{"damage_healed":0,"gold_gain":0,"player_choice":"Success","damage_taken":3,"relics_obtained":["Bag of Marbles"],"max_hp_gain":0,"max_hp_loss":0,"event_name":"Scrap Ooze","floor":14,"gold_loss":0},{"damage_healed":0,"gold_gain":0,"player_choice":"Smashed Altar","damage_taken":0,"max_hp_gain":0,"max_hp_loss":0,"event_name":"Forgotten Altar","floor":20,"gold_loss":0,"cards_obtained":["Decay"]},{"damage_healed":0,"gold_gain":0,"player_choice":"Obtained Relic","damage_taken":0,"relics_obtained":["Orichalcum"],"max_hp_gain":0,"max_hp_loss":0,"event_name":"Addict","floor":21,"gold_loss":85},{"damage_healed":0,"gold_gain":0,"player_choice":"Gave Potion","damage_taken":0,"relics_obtained":["Vajra"],"max_hp_gain":0,"max_hp_loss":0,"event_name":"WeMeetAgain","floor":22,"gold_loss":0}],"is_beta":false,"boss_relics":[{"not_picked":["Runic Cube","Coffee Dripper"],"picked":"Philosopher\u0027s Stone"}],"items_purged_floors":[4,13],"is_endless":false,"potions_floor_spawned":[1,7,12,16,18,27,29,31],"killed_by":"Automaton","ascension_level":8}