{"gold_per_floor":[113,83,97,62,37,37,70,87,140,54,83,13,113,130,130,232,232,242,258,90,105,124,150,150,150],"floor_reached":25,"playtime":2667,"items_purged":["Strike_G"],"score":265,"play_id":"7db51b30-fbfa-4e9e-8e97-b680b2b5037b","local_time":"20181203010910","is_ascension_mode":true,"campfire_choices":[{"data":"Well Laid Plans","floor":6,"key":"SMITH"},{"data":"Noxious Fumes","floor":15,"key":"SMITH"}],"neow_cost":"NONE","seed_source_timestamp":373103498966535,"circlet_count":0,"master_deck":["Defend_G","Defend_G","Defend_G","Defend_G","Defend_G","Strike_G","Strike_G","Strike_G","Survivor","Neutralize","Slice","Leg Sweep","Well Laid Plans+1","Dagger Spray","Slice","Bandage Up","Cloak And Dagger","Noxious Fumes+1","PiercingWail","Envenom","Backflip","Cloak And Dagger","Caltrops","Backstab","Deadly Poison","After Image"],"relics":["Ring of the Serpent","Orichalcum","Juzu Bracelet","Bronze Scales","Odd Mushroom","Pen Nib"],"potions_floor_usage":[7,7,7,11,21,22,25,25],"damage_taken":[{"damage":1,"enemies":"Jaw Worm","floor":1,"turns":7},{"damage":0,"enemies":"Cultist","floor":3,"turns":3},{"damage":1,"enemies":"3 Sentries","floor":7,"turns":7},{"damage":0,"enemies":"2 Louse","floor":8,"turns":2},{"damage":3,"enemies":"The Mushroom Lair","floor":11,"turns":4},{"damage":0,"enemies":"Exordium Wildlife","floor":14,"turns":5},{"damage":14,"enemies":"Hexaghost","floor":16,"turns":11},{"damage":7,"enemies":"Chosen","floor":18,"turns":7},{"damage":0,"enemies":"3 Byrds","floor":19,"turns":4},{"damage":30,"enemies":"Sentry and Sphere","floor":21,"turns":9},{"damage":0,"enemies":"Chosen and Byrds","floor":22,"turns":6},{"damage":47,"enemies":"Book of Stabbing","floor":23,"turns":7},{"damage":9,"enemies":"Snake Plant","floor":25,"turns":4}],"seed_played":"3191083016390679222","potions_obtained":[{"floor":1,"key":"Fire Potion"},{"floor":2,"key":"Weak Potion"},{"floor":2,"key":"SkillPotion"},{"floor":7,"key":"FearPotion"},{"floor":16,"key":"Weak Potion"},{"floor":18,"key":"Ancient Potion"},{"floor":21,"key":"Strength Potion"},{"floor":22,"key":"Swift Potion"}],"is_trial":false,"path_per_floor":["M","?","M","$","$","R","E","M","T","$","?","$","?","M","R","B",null,"M","M","$","M","M","E","?","M"],"character_chosen":"THE_SILENT","items_purchased":["Well Laid Plans","Dagger Spray","Bandage Up","Noxious Fumes","Cloak And Dagger","Caltrops"],"campfire_rested":0,"item_purchase_floors":[4,5,10,12,20,20],"current_hp_per_floor":[69,69,69,69,69,69,68,68,68,68,69,69,69,69,69,59,70,67,70,70,44,48,5,5,0],"gold":150,"neow_bonus":"RANDOM_COMMON_RELIC","is_prod":false,"is_daily":false,"chose_seed":false,"campfire_upgraded":2,"win_rate":0,"timestamp":1543799350,"path_taken":["M","?","M","?","$","R","E","M","T","$","?","$","?","M","R","BOSS","M","M","$","M","M","E","?","M"],"build_version":"2018-11-15","purchased_purges":1,"victory":false,"max_hp_per_floor":[70,70,70,70,70,70,70,70,70,70,70,70,70,70,70,70,70,70,70,70,70,70,70,70,70],"card_choices":[{"not_picked":["Expertise","Quick Slash"],"picked":"Slice","floor":1},{"not_picked":["Masterful Stab","PiercingWail"],"picked":"Leg Sweep","floor":3},{"not_picked":["Finisher","Outmaneuver"],"picked":"Slice","floor":7},{"not_picked":["Dagger Spray","Reflex","Acrobatics"],"picked":"SKIP","floor":8},{"not_picked":["Die Die Die","Deflect"],"picked":"Cloak And Dagger","floor":11},{"not_picked":["Dagger Spray","Deflect"],"picked":"PiercingWail","floor":14},{"not_picked":["Phantasmal Killer","Bullet Time"],"picked":"Envenom","floor":16},{"not_picked":["Outmaneuver","PiercingWail+1"],"picked":"Backflip","floor":18},{"not_picked":["Blade Dance","Acrobatics+1","Infinite Blades"],"picked":"SKIP","floor":19},{"not_picked":["Infinite Blades+1","Prepared"],"picked":"Backstab","floor":21},{"not_picked":["Quick Slash+1","Leg Sweep"],"picked":"Deadly Poison","floor":22},{"not_picked":["Choke","Dagger Spray"],"picked":"After Image","floor":23}],"player_experience":254411,"relics_obtained":[{"floor":7,"key":"Juzu Bracelet"},{"floor":9,"key":"Bronze Scales"},{"floor":11,"key":"Odd Mushroom"},{"floor":23,"key":"Pen Nib"}],"event_choices":[{"damage_healed":0,"gold_gain":0,"player_choice":"Bought 2 Potions","damage_taken":0,"max_hp_gain":0,"max_hp_loss":0,"event_name":"The Woman in Blue","floor":2,"gold_loss":0},{"damage_healed":0,"gold_gain":0,"player_choice":"Fought Mushrooms","damage_taken":0,"max_hp_gain":0,"max_hp_loss":0,"event_name":"Mushrooms","floor":11,"gold_loss":0},{"damage_healed":0,"gold_gain":100,"player_choice":"Pray","damage_taken":0,"max_hp_gain":0,"max_hp_loss":0,"event_name":"Golden Shrine","floor":13,"gold_loss":0},{"cards_removed":["Strike_G"],"damage_healed":0,"gold_gain":0,"player_choice":"Purged","damage_taken":0,"max_hp_gain":0,"max_hp_loss":0,"event_name":"Purifier","floor":24,"gold_loss":0}],"is_beta":false,"boss_relics":[{"not_picked":["Coffee Dripper","Lizard Tail"],"picked":"Ring of the Serpent"}],"items_purged_floors":[20],"is_endless":false,"potions_floor_spawned":[1,3,7,16,18,21,22],"killed_by":"Snake Plant","ascension_level":4}