{"gold_per_floor":[218,231,56,76,93,93,93,93,93,105,105,34,34,64,64,159,159,175,175,185,185,28,28,46,46,70,70,89,89,101,114,114,214,214,229,229],"floor_reached":36,"playtime":3045,"items_purged":[],"score":419,"play_id":"d01059f3-2231-4749-a289-1d5bf56186f1","local_time":"20181129120759","is_ascension_mode":true,"campfire_choices":[{"data":"Caltrops","floor":6.0,"key":"SMITH"},{"data":"Bandage Up","floor":8.0,"key":"SMITH"},{"data":"Neutralize","floor":11.0,"key":"SMITH"},{"floor":15.0,"key":"REST"},{"data":"Envenom","floor":23.0,"key":"SMITH"},{"data":"Footwork","floor":25.0,"key":"SMITH"},{"floor":32,"key":"REST"}],"neow_cost":"NONE","seed_source_timestamp":0,"circlet_count":0,"master_deck":["Defend_G","Defend_G","Defend_G","Defend_G","Defend_G","Strike_G","Strike_G","Strike_G","Survivor","Neutralize+1","PiercingWail","Sucker Punch","Caltrops+1","Bandage Up+1","Flying Knee","Backflip","Cloak And Dagger","Footwork+1","Blade Dance","Adrenaline","Deflect","Heel Hook+1","Envenom+1","Flying Knee","Pain","Dagger Spray","Well Laid Plans","Bane","After Image","Cloak And Dagger+1"],"special_seed":0,"relics":["Ring of the Serpent","Bird Faced Urn","The Specimen","Cursed Key","Boot"],"potions_floor_usage":[33,35,36],"damage_taken":[{"damage":2.0,"enemies":"2 Louse","floor":1.0,"turns":3.0},{"damage":0.0,"enemies":"Cultist","floor":2.0,"turns":4.0},{"damage":0.0,"enemies":"Small Slimes","floor":4.0,"turns":4.0},{"damage":10.0,"enemies":"3 Louse","floor":5.0,"turns":4.0},{"damage":10.0,"enemies":"Large Slime","floor":10.0,"turns":6.0},{"damage":29.0,"enemies":"Gremlin Nob","floor":14.0,"turns":5.0},{"damage":42.0,"enemies":"Slime Boss","floor":16.0,"turns":18.0},{"damage":10.0,"enemies":"Spheric Guardian","floor":18.0,"turns":5.0},{"damage":17.0,"enemies":"3 Byrds","floor":20.0,"turns":5.0},{"damage":9.0,"enemies":"Colosseum Slavers","floor":21.0,"turns":6.0},{"damage":0.0,"enemies":"Centurion and Healer","floor":24.0,"turns":10.0},{"damage":39.0,"enemies":"Snecko","floor":28.0,"turns":8.0},{"damage":9,"enemies":"Snake Plant","floor":30,"turns":4},{"damage":22,"enemies":"Centurion and Healer","floor":31,"turns":10},{"damage":38,"enemies":"Automaton","floor":33,"turns":11},{"damage":36,"enemies":"3 Darklings","floor":35,"turns":5},{"damage":74,"enemies":"2 Orb Walkers","floor":36,"turns":6}],"seed_played":"-1907128612048226996","potions_obtained":[{"floor":2.0,"key":"AttackPotion"},{"floor":10.0,"key":"GhostInAJar"},{"floor":14.0,"key":"LiquidBronze"},{"floor":16.0,"key":"EssenceOfSteel"},{"floor":31,"key":"Swift Potion"},{"floor":33,"key":"LiquidBronze"},{"floor":35,"key":"EssenceOfSteel"}],"is_trial":false,"path_per_floor":["M","M","$","M","M","R","?","R","T","M","R","$","?","E","R","B",null,"M","?","M","?","$","R","M","R","T","$","M","M","?","M","M","R","B",null,"M","?"],"character_chosen":"THE_SILENT","items_purchased":["Caltrops","Bandage Up","Footwork","Envenom"],"campfire_rested":2,"item_purchase_floors":[3,3,12,22],"current_hp_per_floor":[68,68,68,68,62,62,62,62,62,60,60,60,53,34,55,23,70,66,66,53,54,54,54,66,66,66,66,39,26,29,21,43,19,75,55,0],"gold":229,"neow_bonus":"HUNDRED_GOLD","is_prod":false,"is_daily":false,"chose_seed":false,"campfire_upgraded":5,"win_rate":0,"timestamp":1543493279,"path_taken":["M","M","$","M","M","R","?","R","T","?","R","$","?","E","R","BOSS","M","?","M","?","$","R","M","R","T","$","M","?","M","M","R","BOSS","M","?"],"build_version":"2018-11-15","purchased_purges":0,"victory":false,"max_hp_per_floor":[70,70,70,70,70,70,70,70,70,70,70,70,70,70,70,70,70,70,70,70,70,70,70,70,70,70,70,70,75,75,75,75,75,75,75,75],"card_choices":[{"not_picked":["Blur","Dagger Throw"],"picked":"PiercingWail","floor":1.0},{"not_picked":["Choke","Endless Agony"],"picked":"Sucker Punch","floor":2.0},{"not_picked":["Endless Agony","Outmaneuver"],"picked":"Flying Knee","floor":4.0},{"not_picked":["Deadly Poison","Prepared"],"picked":"Backflip","floor":5.0},{"not_picked":["Blade Dance","Acrobatics"],"picked":"Cloak And Dagger","floor":10.0},{"not_picked":["Predator","Unload"],"picked":"Blade Dance","floor":14.0},{"not_picked":["Tools of the Trade","After Image"],"picked":"Adrenaline","floor":16.0},{"not_picked":["Underhanded Strike","Outmaneuver"],"picked":"Deflect","floor":18.0},{"not_picked":["Outmaneuver","Quick Slash"],"picked":"Heel Hook+1","floor":20.0},{"not_picked":["Outmaneuver+1","Finisher"],"picked":"Flying Knee","floor":24.0},{"not_picked":["Prepared","Blur"],"picked":"Dagger Spray","floor":28},{"not_picked":["Acrobatics","Distraction+1"],"picked":"Well Laid Plans","floor":30},{"not_picked":["PiercingWail","Setup"],"picked":"Bane","floor":31},{"not_picked":["Grand Finale","Night Terror"],"picked":"After Image","floor":33},{"not_picked":["Poisoned Stab+1","Slice"],"picked":"Cloak And Dagger+1","floor":35}],"player_experience":214646,"relics_obtained":[{"floor":9.0,"key":"Bird Faced Urn"},{"floor":14.0,"key":"The Specimen"},{"floor":26.0,"key":"Boot"}],"event_choices":[{"cards_removed":["Strike_G"],"damage_healed":0.0,"max_hp_gain":0.0,"max_hp_loss":0.0,"gold_gain":0.0,"event_name":"Purifier","player_choice":"Purged","floor":7.0,"gold_loss":0.0,"damage_taken":0.0},{"cards_removed":["Strike_G"],"damage_healed":0.0,"max_hp_gain":0.0,"max_hp_loss":0.0,"gold_gain":0.0,"event_name":"Golden Wing","player_choice":"Card Removal","floor":13.0,"gold_loss":0.0,"damage_taken":7.0},{"damage_healed":0.0,"max_hp_gain":0.0,"max_hp_loss":0.0,"gold_gain":0.0,"event_name":"Ghosts","player_choice":"Ignored","floor":19.0,"gold_loss":0.0,"damage_taken":0.0},{"damage_healed":0.0,"max_hp_gain":0.0,"max_hp_loss":0.0,"gold_gain":0.0,"event_name":"Colosseum","player_choice":"Fight","floor":21.0,"gold_loss":0.0,"damage_taken":0.0},{"damage_healed":0.0,"max_hp_gain":0.0,"max_hp_loss":0.0,"gold_gain":0.0,"event_name":"Colosseum","player_choice":"Fled From Nobs","floor":21.0,"gold_loss":0.0,"damage_taken":0.0},{"damage_healed":0,"gold_gain":0,"player_choice":"Shed Blood","damage_taken":18,"max_hp_gain":5,"max_hp_loss":0,"event_name":"Forgotten Altar","floor":29,"gold_loss":0},{"damage_healed":0,"gold_gain":0,"player_choice":"Fight","damage_taken":0,"max_hp_gain":0,"max_hp_loss":0,"event_name":"Mysterious Sphere","floor":36,"gold_loss":0}],"is_beta":false,"boss_relics":[{"not_picked":["Coffee Dripper","Orrery"],"picked":"Cursed Key"},{"not_picked":["Eternal Feather","HoveringKite"],"picked":"Ring of the Serpent"}],"items_purged_floors":[],"is_endless":false,"potions_floor_spawned":[2,10,14,16,21,31,33,35],"killed_by":"2 Orb Walkers","ascension_level":3}