{"gold_per_floor":[111,111,111,136,154,154,172,172,199,199,223,28,43,62,62,192,222,236,255,17,17],"floor_reached":21,"playtime":1469,"items_purged":[],"score":173,"play_id":"780b6294-2a3f-4bca-bc80-26f21cc4121e","local_time":"20180623200751","is_ascension_mode":false,"campfire_choices":[{"floor":6,"key":"REST"},{"data":"Leg Sweep","floor":8,"key":"SMITH"},{"floor":15,"key":"REST"}],"neow_cost":"NONE","seed_source_timestamp":409044494053696,"circlet_count":0,"master_deck":["Defend_G","Defend_G","Defend_G","Defend_G","Defend_G","Strike_G","Strike_G","Strike_G","Strike_G","Strike_G","Survivor","Neutralize","Leg Sweep+1","Injury","Bane+1","Predator","Slice","Bane","Deadly Poison","Flying Knee","Catalyst","Phantasmal Killer","Decay","Injury","Normality","Noxious Fumes+1","Crippling Poison","Slice","Noxious Fumes"],"relics":["White Beast Statue","Golden Idol","Pen Nib","Juzu Bracelet","Calling Bell","Tiny Chest","Mercury Hourglass","Thread and Needle","Ancient Tea Set"],"potions_floor_usage":[4,5,7,13,13,14,16,18,21,21],"damage_taken":[{"damage":1,"enemies":"Cultist","floor":1,"turns":4},{"damage":9,"enemies":"Jaw Worm","floor":4,"turns":9},{"damage":7,"enemies":"2 Louse","floor":5,"turns":6},{"damage":0,"enemies":"Exordium Wildlife","floor":7,"turns":2},{"damage":6,"enemies":"Lots of Slimes","floor":11,"turns":5},{"damage":5,"enemies":"Looter","floor":13,"turns":3},{"damage":9,"enemies":"2 Fungi Beasts","floor":14,"turns":3},{"damage":62,"enemies":"Slime Boss","floor":16,"turns":11},{"damage":44,"enemies":"3 Byrds","floor":18,"turns":5},{"damage":22,"enemies":"Shell Parasite","floor":19,"turns":7},{"damage":0,"enemies":"3 Cultists","floor":21,"turns":3}],"seed_played":"6082459309787243296","potions_obtained":[{"floor":1,"key":"Ancient Potion"},{"floor":4,"key":"SneckoOil"},{"floor":5,"key":"Explosive Potion"},{"floor":7,"key":"Regen Potion"},{"floor":11,"key":"Swift Potion"},{"floor":13,"key":"SkillPotion"},{"floor":14,"key":"Fire Potion"},{"floor":16,"key":"Strength Potion"},{"floor":18,"key":"Poison Potion"},{"floor":19,"key":"Strength Potion"}],"is_trial":false,"path_per_floor":["M","$","?","M","M","R","M","R","T","?","M","$","M","M","R","B",null,"M","M","$"],"character_chosen":"THE_SILENT","items_purchased":["Juzu Bracelet","Deadly Poison","Ancient Tea Set","Slice","Noxious Fumes"],"campfire_rested":2,"item_purchase_floors":[12,12,20,20,20],"current_hp_per_floor":[69,69,69,60,53,70,70,70,70,70,64,64,65,56,70,8,70,26,4,4,4],"gold":17,"neow_bonus":"BOSS_RELIC","is_prod":false,"is_daily":false,"chose_seed":false,"campfire_upgraded":1,"win_rate":0.0,"timestamp":1529780871,"path_taken":["M","?","?","M","M","R","?","R","T","?","M","$","M","M","R","BOSS","M","M","$","M"],"build_version":"2018-06-21v2","purchased_purges":0,"victory":false,"max_hp_per_floor":[70,70,70,70,70,70,70,70,70,70,70,70,70,70,70,70,70,70,70,70,70],"card_choices":[{"not_picked":["Sucker Punch","Terror"],"picked":"Leg Sweep","floor":1},{"not_picked":["PiercingWail","Flying Knee"],"picked":"Bane","floor":4},{"not_picked":["Flechettes","Underhanded Strike"],"picked":"Predator","floor":5},{"not_picked":["PiercingWail","Quick Slash"],"picked":"Slice","floor":7},{"not_picked":["Endless Agony","Outmaneuver"],"picked":"Bane","floor":11},{"not_picked":["Dagger Throw","Skewer"],"picked":"Flying Knee","floor":13},{"not_picked":["PiercingWail","Slice"],"picked":"Catalyst","floor":14},{"not_picked":["Doppelganger","Tools of the Trade"],"picked":"Phantasmal Killer","floor":16},{"not_picked":["Dagger Spray+1","Blade Dance"],"picked":"Noxious Fumes+1","floor":18},{"not_picked":["Quick Slash","Caltrops+1"],"picked":"Crippling Poison","floor":19}],"player_experience":91841,"relics_obtained":[{"floor":9,"key":"Pen Nib"},{"floor":17,"key":"Tiny Chest"},{"floor":17,"key":"Mercury Hourglass"},{"floor":17,"key":"Thread and Needle"}],"event_choices":[{"event_name":"Golden Idol","player_choice":"Take Wound","floor":3,"damage_taken":0},{"event_name":"Living Wall","player_choice":"Grow","floor":10,"damage_taken":0}],"boss_relics":[{"not_picked":["Cursed Key","Busted Crown"],"picked":"Calling Bell"}],"items_purged_floors":[],"is_endless":false,"potions_floor_spawned":[1,4,5,7,11,13,14,16,18,19],"killed_by":"3 Cultists","ascension_level":0}