{"gold_per_floor":[10,22,42,7,19,19,32,32,32,32,50,76,100,110,110,215,215,228,228,76,76,76,76,91,91,116,147,147,166,15,31,31,132,132,151,151,205,5,21,21,21,47,101,201,201,212,226,240,240,240],"floor_reached":51,"playtime":4299,"items_purged":["Strike_G","Defend_G","Strike_G"],"score":941,"play_id":"bd28a716-604e-463a-ad24-d4c78baeb7fb","local_time":"20190721121728","is_ascension_mode":true,"campfire_choices":[{"data":"Neutralize","floor":6,"key":"SMITH"},{"data":"Prepared","floor":8,"key":"SMITH"},{"data":"Quick Slash","floor":10,"key":"SMITH"},{"data":"Terror","floor":15,"key":"SMITH"},{"data":"Footwork","floor":23,"key":"SMITH"},{"data":"Footwork","floor":25,"key":"SMITH"},{"data":"Malaise","floor":28,"key":"SMITH"},{"floor":32,"key":"REST"},{"data":"Malaise","floor":40,"key":"SMITH"},{"data":"Deadly Poison","floor":49,"key":"SMITH"}],"neow_cost":"NO_GOLD","seed_source_timestamp":399247724346900,"circlet_count":0,"master_deck":["Defend_G","Defend_G","Defend_G","Survivor","Neutralize+1","Backflip","Prepared+1","PiercingWail","Poisoned Stab","Quick Slash+1","All Out Attack","Terror+1","Malaise+1","Deflect+1","Underhanded Strike","Deadly Poison+1","Footwork+1","Acrobatics","Footwork+1","Leg Sweep+1","Dodge and Roll","Acrobatics","Malaise+1","Dagger Throw+1","Eviscerate","Cloak And Dagger+1"],"relics":["Ring of the Snake","Mercury Hourglass","Anchor","Boot","Philosopher\u0027s Stone","Bronze Scales","FossilizedHelix","Busted Crown","Nunchaku","Bottled Lightning","PreservedInsect","Ginger"],"potions_floor_usage":[18,31,37,37,47],"damage_taken":[{"damage":4,"enemies":"Jaw Worm","floor":1,"turns":6},{"damage":0,"enemies":"2 Louse","floor":2,"turns":4},{"damage":4,"enemies":"Small Slimes","floor":3,"turns":5},{"damage":2,"enemies":"Exordium Wildlife","floor":5,"turns":6},{"damage":10,"enemies":"Gremlin Gang","floor":7,"turns":8},{"damage":0,"enemies":"2 Fungi Beasts","floor":11,"turns":3},{"damage":17,"enemies":"3 Sentries","floor":12,"turns":7},{"damage":0,"enemies":"Looter","floor":14,"turns":2},{"damage":14,"enemies":"Hexaghost","floor":16,"turns":9},{"damage":9,"enemies":"3 Byrds","floor":18,"turns":4},{"damage":8,"enemies":"Spheric Guardian","floor":24,"turns":6},{"damage":24,"enemies":"Gremlin Leader","floor":27,"turns":7},{"damage":0,"enemies":"Centurion and Healer","floor":29,"turns":7},{"damage":0,"enemies":"Snake Plant","floor":31,"turns":4},{"damage":22,"enemies":"Champ","floor":33,"turns":16},{"damage":0,"enemies":"3 Shapes","floor":35,"turns":5},{"damage":13,"enemies":"2 Orb Walkers","floor":37,"turns":5},{"damage":9,"enemies":"Orb Walker","floor":39,"turns":5},{"damage":18,"enemies":"Giant Head","floor":42,"turns":11},{"damage":0,"enemies":"Mind Bloom Boss Battle","floor":44,"turns":7},{"damage":0,"enemies":"Maw","floor":46,"turns":7},{"damage":0,"enemies":"Sphere and 2 Shapes","floor":47,"turns":6},{"damage":0,"enemies":"Jaw Worm Horde","floor":48,"turns":4},{"damage":0,"enemies":"Time Eater","floor":50,"turns":15}],"seed_played":"-2376380582657269600","potions_obtained":[{"floor":2,"key":"Poison Potion"},{"floor":7,"key":"Weak Potion"},{"floor":11,"key":"SteroidPotion"},{"floor":27,"key":"Explosive Potion"},{"floor":31,"key":"Fruit Juice"},{"floor":33,"key":"LiquidBronze"},{"floor":37,"key":"Explosive Potion"},{"floor":44,"key":"EssenceOfSteel"},{"floor":47,"key":"Fire Potion"}],"is_trial":false,"path_per_floor":["M","M","M","?","M","R","M","R","T","R","M","E","T","M","R","B",null,"M","?","$","?","$","R","M","R","T","E","R","M","$","M","R","B",null,"M","?","?","$","M","R","?","E","T","?","?","M","M","M","R","B",null],"character_chosen":"THE_SILENT","items_purchased":["Footwork","Acrobatics","Eviscerate"],"campfire_rested":1,"item_purchase_floors":[20,30,38],"current_hp_per_floor":[59,59,55,70,68,68,58,58,58,58,58,41,41,41,41,27,59,50,50,50,50,50,50,42,42,42,18,18,18,18,23,45,23,62,62,62,49,49,40,40,40,22,22,22,66,66,66,66,66,66],"gold":240,"neow_bonus":"REMOVE_TWO","is_prod":false,"is_daily":false,"chose_seed":false,"campfire_upgraded":9,"win_rate":0,"timestamp":1563725848,"path_taken":["M","M","M","?","M","R","M","R","T","R","M","E","?","?","R","BOSS","M","?","$","?","$","R","M","R","T","E","R","M","?","M","R","BOSS","M","?","?","$","M","R","?","E","T","?","?","?","?","M","R","BOSS"],"build_version":"2019-07-17","purchased_purges":3,"victory":true,"max_hp_per_floor":[70,70,70,70,70,70,70,70,70,70,70,70,70,70,70,70,70,70,70,70,70,70,70,70,70,70,70,70,70,70,75,75,75,75,75,75,75,75,75,75,75,75,75,75,66,66,66,66,66,66],"card_choices":[{"not_picked":["Cloak And Dagger","Blade Dance"],"picked":"Backflip","floor":1},{"not_picked":["Crippling Poison","Masterful Stab"],"picked":"Prepared","floor":2},{"not_picked":["Cloak And Dagger","Slice"],"picked":"PiercingWail","floor":3},{"not_picked":["Slice","Reflex"],"picked":"Poisoned Stab","floor":5},{"not_picked":["Backflip","Acrobatics"],"picked":"Quick Slash","floor":7},{"not_picked":["Burst","Quick Slash"],"picked":"Underhanded Strike","floor":11},{"not_picked":["Bouncing Flask","Bane"],"picked":"All Out Attack","floor":12},{"not_picked":["Dash","Deadly Poison"],"picked":"Terror","floor":14},{"not_picked":["Glass Knife","Storm of Steel"],"picked":"Malaise","floor":16},{"not_picked":["Masterful Stab","Dodge and Roll"],"picked":"Deflect+1","floor":18},{"not_picked":["Deflect","Dagger Throw"],"picked":"Footwork","floor":24},{"not_picked":["Bane","Caltrops+1"],"picked":"Leg Sweep+1","floor":27},{"not_picked":["Crippling Poison","Infinite Blades+1"],"picked":"Dodge and Roll","floor":29},{"not_picked":["Dagger Spray","Dodge and Roll","Prepared"],"picked":"SKIP","floor":31},{"not_picked":["Doppelganger","Glass Knife"],"picked":"Malaise","floor":33},{"not_picked":[],"picked":"Dagger Throw+1","floor":35},{"not_picked":[],"picked":"Cloak And Dagger+1","floor":39},{"not_picked":["Slice"],"picked":"SKIP","floor":42},{"not_picked":["Slice"],"picked":"SKIP","floor":42},{"not_picked":["Dash+1"],"picked":"SKIP","floor":46},{"not_picked":["Blade Dance"],"picked":"SKIP","floor":47},{"not_picked":["Dodge and Roll"],"picked":"SKIP","floor":48}],"player_experience":462617,"relics_obtained":[{"floor":9,"key":"Mercury Hourglass"},{"floor":12,"key":"Anchor"},{"floor":13,"key":"Boot"},{"floor":26,"key":"Bronze Scales"},{"floor":27,"key":"FossilizedHelix"},{"floor":37,"key":"Nunchaku"},{"floor":42,"key":"Bottled Lightning"},{"floor":43,"key":"PreservedInsect"},{"floor":44,"key":"Ginger"}],"event_choices":[{"damage_healed":17,"gold_gain":0,"player_choice":"Healed","damage_taken":0,"max_hp_gain":0,"max_hp_loss":0,"event_name":"The Cleric","floor":4,"gold_loss":35},{"damage_healed":0,"gold_gain":0,"cards_transformed":["Strike_G","Strike_G"],"player_choice":"Became Test Subject","damage_taken":0,"max_hp_gain":0,"max_hp_loss":0,"event_name":"Drug Dealer","floor":19,"gold_loss":0,"cards_obtained":["Underhanded Strike","Deadly Poison"]},{"damage_healed":0,"gold_gain":0,"player_choice":"Read","damage_taken":0,"max_hp_gain":0,"max_hp_loss":0,"event_name":"The Library","floor":21,"gold_loss":0,"cards_obtained":["Acrobatics"]},{"damage_healed":0,"gold_gain":0,"player_choice":"Ignored","damage_taken":0,"max_hp_gain":0,"max_hp_loss":0,"event_name":"Tomb of Lord Red Mask","floor":36,"gold_loss":0},{"damage_healed":0,"gold_gain":0,"player_choice":"Fight","damage_taken":0,"max_hp_gain":0,"max_hp_loss":0,"event_name":"Mysterious Sphere","floor":37,"gold_loss":0},{"cards_removed":["Underhanded Strike"],"damage_healed":0,"gold_gain":0,"player_choice":"Removed Attack","damage_taken":0,"max_hp_gain":0,"max_hp_loss":0,"event_name":"Falling","floor":41,"gold_loss":0},{"damage_healed":0,"gold_gain":0,"player_choice":"Fight","damage_taken":0,"max_hp_gain":0,"max_hp_loss":0,"event_name":"MindBloom","floor":44,"gold_loss":0},{"damage_healed":66,"gold_gain":0,"player_choice":"Heal","damage_taken":0,"max_hp_gain":0,"max_hp_loss":9,"event_name":"The Moai Head","floor":45,"gold_loss":0}],"is_beta":false,"boss_relics":[{"not_picked":["Tiny House","Calling Bell"],"picked":"Philosopher\u0027s Stone"},{"not_picked":["Ring of the Serpent","Astrolabe"],"picked":"Busted Crown"}],"items_purged_floors":[20,30,38],"is_endless":false,"potions_floor_spawned":[2,7,11,16,27,31,33,37,44,47,48],"ascension_level":7}