{"gold_per_floor":[116,116,132,6,106,106,132,132,432,467,490,48,83,0,0,75,75,90,90,90,101,26,26,56,56,56,56,56],"floor_reached":28,"playtime":1045,"items_purged":["Strike_G"],"score":495,"play_id":"f76e91f0-9cc6-441e-b22c-e30fa4ea59ba","local_time":"20190731105631","is_ascension_mode":true,"campfire_choices":[{"data":"Neutralize","floor":6,"key":"SMITH"},{"data":"Sucker Punch","floor":8,"key":"SMITH"},{"data":"Caltrops","floor":15,"key":"SMITH"},{"data":"Prepared","floor":23,"key":"SMITH"},{"data":"Noxious Fumes","floor":25,"key":"SMITH"}],"neow_cost":"NONE","seed_source_timestamp":850352041965800,"circlet_count":0,"master_deck":["AscendersBane","Strike_G","Strike_G","Strike_G","Defend_G","Defend_G","Defend_G","Defend_G","Defend_G","Survivor","Neutralize+1","Backstab","Sucker Punch+1","Caltrops+1","Deadly Poison","Dash","Deflect","Dagger Throw","Noxious Fumes+1","PiercingWail","Malaise+1","Prepared+1","Skewer","Concentrate","Catalyst"],"relics":["Ring of the Snake","NeowsBlessing","Oddly Smooth Stone","Old Coin","MawBank","Tough Bandages","Gremlin Horn","Philosopher\u0027s Stone","Sundial","WingedGreaves"],"potions_floor_usage":[13,24,24,28],"damage_taken":[{"damage":0,"enemies":"2 Louse","floor":1,"turns":1},{"damage":0,"enemies":"Cultist","floor":3,"turns":1},{"damage":0,"enemies":"Gremlin Nob","floor":7,"turns":1},{"damage":22,"enemies":"3 Sentries","floor":10,"turns":9},{"damage":0,"enemies":"Small Slimes","floor":11,"turns":4},{"damage":0,"enemies":"Lagavulin","floor":13,"turns":6},{"damage":23,"enemies":"The Guardian","floor":16,"turns":11},{"damage":0,"enemies":"Shell Parasite","floor":18,"turns":5},{"damage":8,"enemies":"3 Byrds","floor":21,"turns":4},{"damage":20,"enemies":"Book of Stabbing","floor":24,"turns":7},{"damage":36,"enemies":"3 Cultists","floor":28,"turns":5}],"seed_played":"5876322614349019329","potions_obtained":[{"floor":7,"key":"Energy Potion"},{"floor":10,"key":"FearPotion"},{"floor":18,"key":"Block Potion"},{"floor":24,"key":"SpeedPotion"}],"is_trial":false,"path_per_floor":["M","?","M","$","?","R","E","R","T","E","M","$","E","$","R","B",null,"M","?","$","M","$","R","E","R","T","?","M"],"character_chosen":"THE_SILENT","items_purchased":["Caltrops","Deadly Poison","Tough Bandages","Deflect","Dagger Throw","Noxious Fumes","PiercingWail","Catalyst"],"campfire_rested":0,"item_purchase_floors":[4,4,12,12,12,14,14,22],"current_hp_per_floor":[63,63,63,63,63,63,63,63,63,41,41,41,41,41,41,18,57,57,57,57,49,49,49,29,29,29,29,0],"gold":56,"neow_bonus":"THREE_ENEMY_KILL","is_prod":false,"is_daily":false,"chose_seed":false,"campfire_upgraded":5,"win_rate":0,"timestamp":1564584991,"path_taken":["M","?","M","$","?","R","E","R","T","E","?","?","E","$","R","BOSS","M","?","$","?","$","R","E","R","T","?","M"],"build_version":"2019-07-17","purchased_purges":1,"victory":false,"max_hp_per_floor":[70,70,70,70,70,70,70,70,70,70,70,70,70,70,70,70,70,70,70,70,70,70,70,70,70,70,70,70],"card_choices":[{"not_picked":["Deadly Poison","Poisoned Stab"],"picked":"Backstab","floor":1},{"not_picked":["Terror","Flying Knee"],"picked":"Sucker Punch","floor":3},{"not_picked":["Bane","Slice"],"picked":"Dash","floor":7},{"not_picked":["Infinite Blades","Deadly Poison","Reflex"],"picked":"SKIP","floor":10},{"not_picked":["Deadly Poison","Prepared","Infinite Blades"],"picked":"SKIP","floor":11},{"not_picked":["Finisher","Infinite Blades","Concentrate"],"picked":"SKIP","floor":13},{"not_picked":["Grand Finale","Phantasmal Killer"],"picked":"Malaise","floor":16},{"not_picked":["Dagger Throw","Deflect"],"picked":"Prepared","floor":18},{"not_picked":["Calculated Gamble","PiercingWail+1"],"picked":"Concentrate","floor":21},{"not_picked":["Underhanded Strike","Dagger Throw","Slice"],"picked":"SKIP","floor":24}],"player_experience":595016,"relics_obtained":[{"floor":7,"key":"Oddly Smooth Stone"},{"floor":9,"key":"Old Coin"},{"floor":10,"key":"MawBank"},{"floor":13,"key":"Gremlin Horn"},{"floor":24,"key":"Sundial"},{"floor":26,"key":"WingedGreaves"}],"event_choices":[{"damage_healed":0,"gold_gain":0,"player_choice":"Ignored","damage_taken":0,"max_hp_gain":0,"max_hp_loss":0,"event_name":"Shining Light","floor":2,"gold_loss":0},{"damage_healed":0,"gold_gain":100,"player_choice":"Pray","damage_taken":0,"max_hp_gain":0,"max_hp_loss":0,"event_name":"Golden Shrine","floor":5,"gold_loss":0},{"damage_healed":0,"gold_gain":0,"cards_transformed":["Strike_G"],"player_choice":"Transformed","damage_taken":0,"max_hp_gain":0,"max_hp_loss":0,"event_name":"Transmorgrifier","floor":19,"gold_loss":0,"cards_obtained":["Skewer"]},{"damage_healed":0,"gold_gain":0,"player_choice":"Forge","damage_taken":0,"max_hp_gain":0,"max_hp_loss":0,"event_name":"Accursed Blacksmith","floor":27,"gold_loss":0,"cards_upgraded":["Malaise"]}],"is_beta":false,"boss_relics":[{"not_picked":["Ectoplasm","Ring of the Serpent"],"picked":"Philosopher\u0027s Stone"}],"items_purged_floors":[12],"is_endless":false,"potions_floor_spawned":[7,10,11,18,24],"killed_by":"3 Cultists","ascension_level":13}