{"gold_per_floor":[111,128,145,155,155,155,169,169,192,192,209,209,228,242,242,341,341,353,367,379,389,400,400,400,400,400,400,410,410,410,460,460,562,562,576,586,164,184,198,198,212,212,212,212,212,67,80,80,80,80],"floor_reached":51,"playtime":4029,"items_purged":["Strike_G+1"],"score":595,"play_id":"cf2d3c58-4403-42da-b880-8e026fb11156","local_time":"20180628134149","is_ascension_mode":false,"campfire_choices":[{"data":"Skewer","floor":6,"key":"SMITH"},{"data":"Outmaneuver","floor":8,"key":"SMITH"},{"data":"Dash","floor":10,"key":"SMITH"},{"floor":15,"key":"REST"},{"floor":23,"key":"REST"},{"data":"Dagger Spray","floor":25,"key":"SMITH"},{"data":"Skewer","floor":27,"key":"SMITH"},{"data":"Well Laid Plans","floor":29,"key":"SMITH"},{"floor":32,"key":"REST"},{"floor":40,"key":"REST"},{"floor":45,"key":"REST"},{"floor":49,"key":"REST"}],"neow_cost":"NONE","seed_source_timestamp":815322566122368,"circlet_count":0,"master_deck":["Defend_G+1","Defend_G+1","Defend_G+1","Defend_G+1","Defend_G+1","Strike_G+1","Strike_G+1","Strike_G+1","Survivor","Neutralize","Tools of the Trade","Dash+1","Outmaneuver+1","Flying Knee","Well Laid Plans+1","Skewer+1","After Image","Backflip","Dagger Spray+1","Noxious Fumes+1","Grand Finale","Setup","Malaise","Backflip","A Thousand Cuts","Blur","Secret Technique","Terror"],"relics":["Ring of the Snake","Bag of Marbles","Philosopher\u0027s Stone","Gremlin Horn","Sozu","Tough Bandages","Orichalcum"],"potions_floor_usage":[3,16,16,16,21,21,38],"damage_taken":[{"damage":5,"enemies":"Small Slimes","floor":1,"turns":6},{"damage":0,"enemies":"2 Louse","floor":2,"turns":3},{"damage":0,"enemies":"Jaw Worm","floor":3,"turns":4},{"damage":0,"enemies":"Looter","floor":4,"turns":4},{"damage":3,"enemies":"2 Fungi Beasts","floor":7,"turns":4},{"damage":4,"enemies":"Exordium Thugs","floor":11,"turns":7},{"damage":8,"enemies":"Gremlin Gang","floor":13,"turns":7},{"damage":0,"enemies":"Blue Slaver","floor":14,"turns":3},{"damage":25,"enemies":"Hexaghost","floor":16,"turns":10},{"damage":0,"enemies":"Spheric Guardian","floor":18,"turns":2},{"damage":9,"enemies":"Chosen","floor":19,"turns":3},{"damage":5,"enemies":"Snecko","floor":20,"turns":5},{"damage":36,"enemies":"Cultist and Chosen","floor":21,"turns":8},{"damage":14,"enemies":"Snake Plant","floor":22,"turns":6},{"damage":1,"enemies":"Snecko","floor":28,"turns":4},{"damage":12,"enemies":"Automaton","floor":33,"turns":11},{"damage":27,"enemies":"3 Shapes","floor":35,"turns":3},{"damage":0,"enemies":"Orb Walker","floor":36,"turns":2},{"damage":16,"enemies":"Sphere and 2 Shapes","floor":38,"turns":4},{"damage":3,"enemies":"Maw","floor":39,"turns":8},{"damage":8,"enemies":"3 Darklings","floor":41,"turns":4},{"damage":10,"enemies":"4 Shapes","floor":47,"turns":5},{"damage":43,"enemies":"Time Eater","floor":50,"turns":16}],"seed_played":"-5484623681306471320","potions_obtained":[{"floor":2,"key":"Weak Potion"},{"floor":3,"key":"AttackPotion"},{"floor":11,"key":"LiquidBronze"},{"floor":14,"key":"Weak Potion"},{"floor":19,"key":"AttackPotion"},{"floor":20,"key":"Regen Potion"},{"floor":22,"key":"Poison Potion"}],"is_trial":false,"path_per_floor":["M","M","M","M","?","R","M","R","T","R","M","?","M","M","R","B",null,"M","M","M","M","M","R","?","R","T","R","M","R","$","?","R","B",null,"M","M","$","M","M","R","M","?","T","?","R","$","M","?","R","B"],"character_chosen":"THE_SILENT","items_purchased":["Backflip","A Thousand Cuts","Tough Bandages","Terror"],"campfire_rested":6,"item_purchase_floors":[37,37,37,46],"current_hp_per_floor":[65,65,65,65,65,65,62,62,62,62,58,58,50,50,70,45,70,70,61,56,34,20,41,41,41,41,41,40,40,40,40,61,49,70,43,43,43,27,24,45,37,37,37,37,58,58,48,48,69,26],"gold":80,"neow_bonus":"TRANSFORM_CARD","is_prod":false,"is_daily":false,"chose_seed":false,"campfire_upgraded":6,"win_rate":0,"timestamp":1530189709,"path_taken":["M","M","M","M","?","R","M","R","T","R","M","?","?","M","R","BOSS","M","M","M","?","M","R","?","R","T","R","M","R","?","?","R","BOSS","M","M","$","M","M","R","M","?","T","?","R","$","?","?","R","BOSS"],"build_version":"2018-06-21v2","purchased_purges":1,"victory":true,"max_hp_per_floor":[70,70,70,70,70,70,70,70,70,70,70,70,70,70,70,70,70,70,70,70,70,70,70,70,70,70,70,70,70,70,70,70,70,70,70,70,70,70,70,70,70,70,70,70,70,70,70,70,70,70],"card_choices":[{"not_picked":["Slice","Deflect"],"picked":"Skewer","floor":1},{"not_picked":["Dodge and Roll","Dagger Throw"],"picked":"Dash","floor":2},{"not_picked":["Dodge and Roll","Wraith Form v2","Blade Dance"],"picked":"SKIP","floor":3},{"not_picked":["Slice","Eviscerate"],"picked":"Outmaneuver","floor":4},{"not_picked":["Setup","All Out Attack"],"picked":"Flying Knee","floor":7},{"not_picked":["Outmaneuver","Dagger Spray"],"picked":"Well Laid Plans","floor":11},{"not_picked":["Underhanded Strike","Cloak And Dagger"],"picked":"Skewer","floor":13},{"not_picked":["Deflect","Poisoned Stab","Setup"],"picked":"SKIP","floor":14},{"not_picked":["Phantasmal Killer","Grand Finale"],"picked":"After Image","floor":16},{"not_picked":["Endless Agony","Quick Slash","Accuracy"],"picked":"SKIP","floor":18},{"not_picked":["Deflect+1","Acrobatics"],"picked":"Backflip","floor":19},{"not_picked":["Dagger Throw","Acrobatics+1"],"picked":"Dagger Spray","floor":20},{"not_picked":["Sucker Punch","Infinite Blades+1","Acrobatics"],"picked":"SKIP","floor":21},{"not_picked":["Deflect","Accuracy"],"picked":"Noxious Fumes+1","floor":22},{"not_picked":["Choke+1","Dagger Spray","Cloak And Dagger"],"picked":"SKIP","floor":28},{"not_picked":["Doppelganger","Tactician"],"picked":"Grand Finale","floor":33},{"not_picked":["Dagger Throw+1","Slice+1"],"picked":"Setup","floor":35},{"not_picked":["Predator+1","Poisoned Stab+1"],"picked":"Malaise","floor":36},{"not_picked":["Dagger Throw+1","PiercingWail+1"],"picked":"Blur","floor":38},{"not_picked":["Sucker Punch","Caltrops+1","Endless Agony"],"picked":"SKIP","floor":39},{"not_picked":["Calculated Gamble+1","Outmaneuver","Deflect"],"picked":"SKIP","floor":41},{"not_picked":["Master of Strategy","Magnetism"],"picked":"Secret Technique","floor":44},{"not_picked":["Sucker Punch+1","Outmaneuver","Flechettes+1"],"picked":"SKIP","floor":47}],"player_experience":212773,"relics_obtained":[{"floor":9,"key":"Bag of Marbles"},{"floor":26,"key":"Gremlin Horn"},{"floor":43,"key":"Orichalcum"}],"event_choices":[{"event_name":"Golden Idol","player_choice":"Ignored","floor":5,"damage_taken":0},{"event_name":"Liars Game","player_choice":"disagreed","floor":12,"damage_taken":0},{"event_name":"Back to Basics","player_choice":"Simplicity","floor":24,"damage_taken":0},{"event_name":"The Joust","player_choice":"Bet on Murderer","floor":31,"damage_taken":0},{"event_name":"Mysterious Sphere","player_choice":"Ignore","floor":42,"damage_taken":0},{"event_name":"SensoryStone","player_choice":"Memory 1","floor":44,"damage_taken":0},{"event_name":"Falling","player_choice":"Removed Attack","floor":48,"damage_taken":0}],"boss_relics":[{"not_picked":["Lizard Tail","Cursed Key"],"picked":"Philosopher\u0027s Stone"},{"not_picked":["Busted Crown","Black Star"],"picked":"Sozu"}],"items_purged_floors":[46],"is_endless":false,"potions_floor_spawned":[2,3,11,14,19,20,22,38,39,41],"ascension_level":0}