{"gold_per_floor":[115,115,134,147,157,186,31,31,31,6,6,16,16,42,42,146,146,134,49,64,64,11,11,22,38,38,38,38,38,56,67,67,166,166,185,110,120,45,45,56,56,75,75,85,85,139,139,25,25,25],"floor_reached":50,"playtime":5160,"items_purged":["Grand Finale+1"],"score":652,"play_id":"00f8e659-ab95-4848-b2c9-cf27c5d2b962","local_time":"20180702135150","is_ascension_mode":true,"campfire_choices":[{"data":"Malaise","floor":8,"key":"SMITH"},{"data":"Noxious Fumes","floor":11,"key":"SMITH"},{"data":"Caltrops","floor":13,"key":"SMITH"},{"floor":15,"key":"REST"},{"data":"Footwork","floor":23,"key":"SMITH"},{"floor":27,"key":"REST"},{"data":"Sucker Punch","floor":29,"key":"SMITH"},{"floor":32,"key":"REST"},{"data":"After Image","floor":47,"key":"SMITH"},{"data":"Caltrops","floor":49,"key":"SMITH"}],"neow_cost":"NONE","seed_source_timestamp":1160421228312654,"circlet_count":0,"master_deck":["Survivor","Neutralize","Caltrops+1","Sucker Punch+1","Deflect","Sucker Punch","Noxious Fumes+1","Malaise+1","Deflect","Dash","Footwork+1","Glass Knife","PiercingWail","Terror","Catalyst","Outmaneuver","Infinite Blades","Deflect","Backstab","Backflip+1","Deflect","Deflect","Cloak And Dagger","Well Laid Plans","After Image+1","Adrenaline","Die Die Die+1","Quick Slash+1","Deflect+1","Heel Hook+1","Caltrops+1","Backflip+1","Deflect+1","Caltrops","Flying Knee"],"relics":["Ring of the Snake","Bird Faced Urn","Mercury Hourglass","Bottled Tornado","Pandora\u0027s Box","Potion Belt","Ice Cream","Astrolabe","Bottled Flame","Tiny Chest"],"potions_floor_usage":[1,6,6,16,16,30,33,33,42,50],"damage_taken":[{"damage":0,"enemies":"Small Slimes","floor":1,"turns":2},{"damage":2,"enemies":"Jaw Worm","floor":3,"turns":5},{"damage":1,"enemies":"2 Louse","floor":4,"turns":4},{"damage":1,"enemies":"Blue Slaver","floor":5,"turns":5},{"damage":6,"enemies":"3 Sentries","floor":6,"turns":12},{"damage":3,"enemies":"3 Louse","floor":12,"turns":4},{"damage":15,"enemies":"Lagavulin","floor":14,"turns":6},{"damage":1,"enemies":"Hexaghost","floor":16,"turns":9},{"damage":22,"enemies":"2 Thieves","floor":18,"turns":4},{"damage":9,"enemies":"Chosen","floor":20,"turns":6},{"damage":0,"enemies":"Snecko","floor":24,"turns":6},{"damage":14,"enemies":"Snake Plant","floor":25,"turns":4},{"damage":25,"enemies":"Chosen and Byrds","floor":30,"turns":7},{"damage":5,"enemies":"Snecko","floor":31,"turns":6},{"damage":0,"enemies":"Automaton","floor":33,"turns":11},{"damage":3,"enemies":"Orb Walker","floor":35,"turns":4},{"damage":3,"enemies":"3 Shapes","floor":37,"turns":6},{"damage":2,"enemies":"Maw","floor":40,"turns":8},{"damage":18,"enemies":"Sphere and 2 Shapes","floor":42,"turns":7},{"damage":13,"enemies":"4 Shapes","floor":44,"turns":5},{"damage":86,"enemies":"Donu and Deca","floor":50,"turns":11}],"seed_played":"-1868717059331138509","potions_obtained":[{"floor":1,"key":"GhostInAJar"},{"floor":14,"key":"Poison Potion"},{"floor":18,"key":"Explosive Potion"},{"floor":25,"key":"Weak Potion"},{"floor":30,"key":"Block Potion"},{"floor":37,"key":"Dexterity Potion"},{"floor":42,"key":"Weak Potion"}],"is_trial":false,"path_per_floor":["M","?","M","M","M","E","$","R","T","$","R","M","R","E","R","B",null,"M","?","M","?","$","R","M","M","T","R","?","R","M","M","R","B",null,"M","$","M","$","?","M","?","M","T","M","?","T","R","$","R"],"character_chosen":"THE_SILENT","items_purchased":["Noxious Fumes","Malaise","Deflect","Deflect","Caltrops","Caltrops","Flying Knee"],"campfire_rested":3,"item_purchase_floors":[7,7,10,22,38,48,48],"current_hp_per_floor":[70,75,73,72,71,65,65,65,65,65,65,62,62,51,73,75,75,53,53,50,50,50,50,56,46,46,68,68,68,49,52,74,75,75,72,72,75,75,75,75,75,65,65,64,64,64,64,64,64,0],"gold":25,"neow_bonus":"THREE_SMALL_POTIONS","is_prod":false,"is_daily":false,"chose_seed":false,"campfire_upgraded":7,"win_rate":0,"timestamp":1530535910,"path_taken":["M","?","M","M","M","E","$","R","T","$","R","M","R","E","R","BOSS","M","?","M","?","$","R","M","M","T","R","?","R","M","M","R","BOSS","M","$","M","$","?","M","?","M","T","M","?","?","R","$","R","BOSS"],"build_version":"2018-06-28","purchased_purges":1,"victory":false,"max_hp_per_floor":[70,75,75,75,75,75,75,75,75,75,75,75,75,75,75,75,75,75,75,75,75,75,75,75,75,75,75,75,75,75,75,75,75,75,75,75,75,75,75,75,75,75,75,75,75,75,75,75,75,75],"card_choices":[{"not_picked":["Blur","Dodge and Roll"],"picked":"Cloak And Dagger","floor":1},{"not_picked":["Bane","PiercingWail"],"picked":"Caltrops","floor":3},{"not_picked":["Escape Plan","Heel Hook"],"picked":"Sucker Punch","floor":4},{"not_picked":["Skewer","Quick Slash"],"picked":"Deflect","floor":5},{"not_picked":["Escape Plan","Distraction"],"picked":"Sucker Punch","floor":6},{"not_picked":["Cloak And Dagger","Deadly Poison"],"picked":"Dash","floor":12},{"not_picked":["Masterful Stab","Backstab"],"picked":"Footwork","floor":14},{"not_picked":["Tools of the Trade","Doppelganger"],"picked":"Glass Knife","floor":16},{"not_picked":["Deflect","Riddle With Holes"],"picked":"Backflip+1","floor":18},{"not_picked":["Quick Slash","Riddle With Holes","Eviscerate+1"],"picked":"SKIP","floor":20},{"not_picked":["Quick Slash","Dagger Throw"],"picked":"Deflect","floor":24},{"not_picked":["Dodge and Roll","Blur"],"picked":"Cloak And Dagger","floor":25},{"not_picked":["Escape Plan","Setup"],"picked":"Well Laid Plans","floor":30},{"not_picked":["Accuracy","Outmaneuver+1"],"picked":"After Image","floor":31},{"not_picked":["Tactician","Bullet Time"],"picked":"Adrenaline","floor":33},{"not_picked":["Poisoned Stab","Bane"],"picked":"Deflect+1","floor":35},{"not_picked":["Blur+1","Deflect"],"picked":"Heel Hook+1","floor":37},{"not_picked":["Prepared","Storm of Steel","Terror"],"picked":"SKIP","floor":40},{"not_picked":["Cloak And Dagger","Blur+1"],"picked":"Backflip+1","floor":42},{"not_picked":["Expertise+1","Slice+1"],"picked":"Deflect+1","floor":44}],"player_experience":284928,"relics_obtained":[{"floor":6,"key":"Bird Faced Urn"},{"floor":9,"key":"Mercury Hourglass"},{"floor":14,"key":"Bottled Tornado"},{"floor":26,"key":"Ice Cream"},{"floor":43,"key":"Bottled Flame"},{"floor":46,"key":"Tiny Chest"}],"event_choices":[{"event_name":"Big Fish","player_choice":"Donut","floor":2,"damage_taken":0},{"event_name":"Addict","player_choice":"Obtained Relic","floor":19,"damage_taken":0},{"event_name":"Beggar","player_choice":"Ignored","floor":21,"damage_taken":0},{"event_name":"Drug Dealer","player_choice":"Ignored","floor":28,"damage_taken":0},{"event_name":"Mysterious Sphere","player_choice":"Ignore","floor":39,"damage_taken":0},{"event_name":"Falling","player_choice":"Removed Skill","floor":41,"damage_taken":0},{"event_name":"SensoryStone","player_choice":"Memory 1","floor":45,"damage_taken":0}],"boss_relics":[{"not_picked":["Tiny House","Empty Cage"],"picked":"Pandora\u0027s Box"},{"not_picked":["Coffee Dripper","Velvet Choker"],"picked":"Astrolabe"}],"items_purged_floors":[36],"is_endless":false,"potions_floor_spawned":[1,3,5,14,18,25,30,37,42],"killed_by":"Donu and Deca","ascension_level":4}