{"path_per_floor":["M","?","?","M","M","R","M","R","T","M","R","$","M","M","R","B",null,"M","?","?","M","M","R","M","?","T","M","M","$"],"character_chosen":"IRONCLAD","items_purchased":["Bronze Scales","Whetstone"],"gold_per_floor":[20,20,95,110,121,121,138,138,138,151,151,3,22,34,34,139,139,123,222,222,239,254,254,268,268,268,287,301,155,155],"floor_reached":30,"campfire_rested":4,"playtime":1556,"item_purchase_floors":[12,29],"current_hp_per_floor":[92,73,62,61,63,91,75,96,96,96,96,96,96,96,96,29,96,85,85,85,84,83,99,58,58,58,45,31,31,0],"items_purged":[],"gold":155,"score":251,"play_id":"42437280-6da3-48ab-a177-a00c29bf4691","local_time":"20180622234934","is_prod":false,"is_daily":false,"chose_seed":false,"is_ascension_mode":false,"campfire_upgraded":1,"win_rate":0.0,"timestamp":1529707774,"campfire_choices":[{"floor":6,"key":"REST"},{"floor":8,"key":"REST"},{"data":"Carnage","floor":11,"key":"SMITH"},{"floor":15,"key":"REST"},{"floor":23,"key":"REST"}],"path_taken":["M","?","?","?","M","R","M","R","T","M","R","?","?","M","R","BOSS","M","?","?","M","M","R","M","?","T","M","?","$","M"],"build_version":"2018-06-21","seed_source_timestamp":335858455159410,"purchased_purges":0,"circlet_count":0,"victory":false,"master_deck":["Strike_R","Strike_R","Strike_R+1","Strike_R","Strike_R+1","Defend_R+1","Defend_R","Defend_R","Defend_R","Bash","Armaments","Uppercut","Dropkick","Pommel Strike","Carnage+1","Heavy Blade","Clothesline+1","Feed","Flame Barrier","Heavy Blade+1","Heavy Blade+1","Thunderclap","Decay","Feed","Ghostly Armor"],"max_hp_per_floor":[96,96,96,96,96,96,96,96,96,96,96,96,96,96,96,96,96,96,96,96,99,99,99,99,99,99,99,99,99,99],"relics":["Burning Blood","Mummified Hand","Bronze Scales","Velvet Choker","Bag of Marbles","Whetstone"],"card_choices":[{"not_picked":["Burning Pact","Sword Boomerang"],"picked":"Armaments","floor":1},{"not_picked":["Armaments","Warcry"],"picked":"Uppercut","floor":4},{"not_picked":["Fire Breathing","True Grit"],"picked":"Dropkick","floor":5},{"not_picked":["Headbutt","Anger"],"picked":"Pommel Strike","floor":7},{"not_picked":["Clash","Iron Wave"],"picked":"Carnage","floor":10},{"not_picked":["Sword Boomerang","Warcry"],"picked":"Heavy Blade","floor":13},{"not_picked":["Headbutt","Heavy Blade"],"picked":"Clothesline","floor":14},{"not_picked":["Juggernaut","Limit Break"],"picked":"Feed","floor":16},{"not_picked":["Infernal Blade","Sever Soul"],"picked":"Flame Barrier","floor":18},{"not_picked":["Wild Strike","Armaments"],"picked":"Heavy Blade+1","floor":21},{"not_picked":["True Grit","Second Wind+1"],"picked":"Heavy Blade","floor":22},{"not_picked":["Rage","Flex+1"],"picked":"Thunderclap","floor":24},{"not_picked":["Blood for Blood","Sever Soul+1"],"picked":"Feed","floor":27},{"not_picked":["Power Through","Twin Strike+1"],"picked":"Ghostly Armor","floor":28}],"player_experience":70280,"potions_floor_usage":[14,14,14],"damage_taken":[{"damage":10,"enemies":"Jaw Worm","floor":1,"turns":4},{"damage":7,"enemies":"2 Louse","floor":4,"turns":3},{"damage":4,"enemies":"Cultist","floor":5,"turns":3},{"damage":22,"enemies":"Exordium Thugs","floor":7,"turns":6},{"damage":1,"enemies":"Looter","floor":10,"turns":4},{"damage":1,"enemies":"Exordium Wildlife","floor":13,"turns":3},{"damage":6,"enemies":"Gremlin Gang","floor":14,"turns":5},{"damage":73,"enemies":"The Guardian","floor":16,"turns":12},{"damage":17,"enemies":"2 Thieves","floor":18,"turns":4},{"damage":10,"enemies":"Spheric Guardian","floor":21,"turns":3},{"damage":7,"enemies":"Centurion and Healer","floor":22,"turns":5},{"damage":47,"enemies":"Cultist and Chosen","floor":24,"turns":7},{"damage":19,"enemies":"Chosen and Byrds","floor":27,"turns":6},{"damage":20,"enemies":"Snake Plant","floor":28,"turns":3},{"damage":36,"enemies":"Slaver and Parasite","floor":30,"turns":3}],"relics_obtained":[{"floor":9,"key":"Mummified Hand"},{"floor":26,"key":"Bag of Marbles"}],"event_choices":[{"event_name":"Shining Light","player_choice":"Entered Light","floor":2,"damage_taken":0},{"event_name":"World of Goop","player_choice":"Gather Gold","floor":3,"damage_taken":0},{"event_name":"Nest","player_choice":"Stole From Cult","floor":19,"damage_taken":0},{"event_name":"Upgrade Shrine","player_choice":"Upgraded","floor":20,"damage_taken":0},{"event_name":"Forgotten Altar","player_choice":"Smashed Altar","floor":25,"damage_taken":0}],"boss_relics":[{"not_picked":["Astrolabe","Coffee Dripper"],"picked":"Velvet Choker"}],"items_purged_floors":[],"is_endless":false,"potions_floor_spawned":[1,4,5,10,27,28],"seed_played":"-460893411467234480","killed_by":"Slaver and Parasite","ascension_level":0,"potions_obtained":[{"floor":1,"key":"SpeedPotion"},{"floor":4,"key":"Poison Potion"},{"floor":5,"key":"Poison Potion"},{"floor":27,"key":"SpeedPotion"},{"floor":28,"key":"Regen Potion"}],"is_trial":false}