{"gold_per_floor":[212,132,144,219,239,239,264,264,332,332,332,355,380,420,420,539,539,555,555,578,388,401,401,426,426,449,462,495,516,88,102,102,222,222,243,267,600,256,197,223,223,254,299,299,29,42,55,69,69,69],"floor_reached":50,"playtime":4880,"items_purged":["Strike_G","Strike_G","Strike_G"],"score":667,"play_id":"c99dc31d-1338-47a2-86a0-bf951096bd95","local_time":"20181203131833","is_ascension_mode":true,"campfire_choices":[{"data":"Caltrops","floor":6.0,"key":"SMITH"},{"data":"Cloak And Dagger","floor":8.0,"key":"SMITH"},{"data":"Neutralize","floor":10.0,"key":"SMITH"},{"floor":15.0,"key":"REST"},{"data":"Adrenaline","floor":23.0,"key":"SMITH"},{"floor":25.0,"key":"REST"},{"floor":32.0,"key":"REST"},{"floor":41.0,"key":"REST"},{"floor":44.0,"key":"REST"},{"floor":49,"key":"REST"}],"neow_cost":"NONE","seed_source_timestamp":414524591614309,"circlet_count":0,"master_deck":["Defend_G","Defend_G","Defend_G","Defend_G","Defend_G","Survivor","Neutralize+1","Caltrops+1","Backstab","Cloak And Dagger+1","Dagger Spray","A Thousand Cuts+1","Adrenaline+1","Caltrops+1","PiercingWail+1","Accuracy+1","Endless Agony","Flash of Steel","Well Laid Plans+1","Slice","Leg Sweep","Caltrops+1","Blade Dance","Panache+1","Envenom+1","Endless Agony","Accuracy+1","Blade Dance","Caltrops+1","Blade Dance","Endless Agony+1","Cloak And Dagger"],"special_seed":0,"relics":["Ring of the Serpent","Orichalcum","Frozen Egg 2","FossilizedHelix","MutagenicStrength","Dream Catcher","Red Mask","Empty Cage","Vajra","Tiny Chest","Smiling Mask","Kunai","PreservedInsect","Oddly Smooth Stone"],"potions_floor_usage":[46,50],"damage_taken":[{"damage":1.0,"enemies":"Jaw Worm","floor":1.0,"turns":6.0},{"damage":0.0,"enemies":"2 Louse","floor":3.0,"turns":4.0},{"damage":0.0,"enemies":"Small Slimes","floor":5.0,"turns":3.0},{"damage":8.0,"enemies":"3 Sentries","floor":7.0,"turns":10.0},{"damage":0.0,"enemies":"Blue Slaver","floor":12.0,"turns":3.0},{"damage":2.0,"enemies":"2 Fungi Beasts","floor":13.0,"turns":3.0},{"damage":10.0,"enemies":"Lagavulin","floor":14.0,"turns":6.0},{"damage":9.0,"enemies":"Slime Boss","floor":16.0,"turns":8.0},{"damage":8.0,"enemies":"2 Thieves","floor":18.0,"turns":3.0},{"damage":0.0,"enemies":"Spheric Guardian","floor":20.0,"turns":1.0},{"damage":8.0,"enemies":"Cultist and Chosen","floor":22.0,"turns":5.0},{"damage":9.0,"enemies":"Centurion and Healer","floor":24.0,"turns":5.0},{"damage":17.0,"enemies":"Snecko","floor":27.0,"turns":5.0},{"damage":24.0,"enemies":"Masked Bandits","floor":28.0,"turns":5.0},{"damage":7.0,"enemies":"Shelled Parasite and Fungi","floor":29.0,"turns":4.0},{"damage":0.0,"enemies":"Centurion and Healer","floor":31.0,"turns":5.0},{"damage":22.0,"enemies":"Collector","floor":33.0,"turns":7.0},{"damage":0.0,"enemies":"3 Darklings","floor":35.0,"turns":3.0},{"damage":0.0,"enemies":"3 Shapes","floor":36.0,"turns":2.0},{"damage":58.0,"enemies":"Giant Head","floor":40.0,"turns":8.0},{"damage":20.0,"enemies":"Nemesis","floor":42.0,"turns":9.0},{"damage":0,"enemies":"Transient","floor":46,"turns":5},{"damage":0,"enemies":"4 Shapes","floor":47,"turns":4},{"damage":0,"enemies":"Jaw Worm Horde","floor":48,"turns":2},{"damage":56,"enemies":"Time Eater","floor":50,"turns":6}],"seed_played":"-7113078614154564711","potions_obtained":[{"floor":1.0,"key":"Poison Potion"},{"floor":5.0,"key":"Weak Potion"},{"floor":13.0,"key":"Energy Potion"},{"floor":14.0,"key":"SpeedPotion"},{"floor":16.0,"key":"SkillPotion"},{"floor":20.0,"key":"LiquidBronze"},{"floor":28.0,"key":"LiquidBronze"},{"floor":29.0,"key":"Explosive Potion"},{"floor":36.0,"key":"Block Potion"},{"floor":42.0,"key":"SpeedPotion"},{"floor":46,"key":"FairyPotion"},{"floor":48,"key":"Block Potion"}],"is_trial":false,"path_per_floor":["M","$","M","?","M","R","E","R","T","R","?","M","M","E","R","B",null,"M","?","M","$","M","R","M","R","T","M","?","M","$","M","R","B",null,"M","M","?","$","?","E","R","E","T","R","$","M","M","M","R","B"],"character_chosen":"THE_SILENT","items_purchased":["Caltrops","Accuracy+1","Endless Agony","Flash of Steel","Caltrops+1","Blade Dance","Panache+1","Block Potion","Accuracy+1","Vajra","Strength Potion","Oddly Smooth Stone","Caltrops+1"],"campfire_rested":6,"item_purchase_floors":[2,21,21,21,30,30,30,30,38,38,38,45,45],"current_hp_per_floor":[69,69,69,58,58,58,50,50,50,50,50,50,48,38,57,48,65,57,57,57,57,49,49,40,59,59,42,18,11,11,11,30,8,65,65,65,65,65,65,7,26,6,6,25,25,25,25,25,44,0],"gold":69,"neow_bonus":"HUNDRED_GOLD","is_prod":false,"is_daily":false,"chose_seed":false,"campfire_upgraded":4,"win_rate":0,"timestamp":1543843113,"path_taken":["M","$","M","?","M","R","E","R","T","R","?","M","M","E","R","BOSS","M","?","M","$","M","R","M","R","T","M","?","M","$","M","R","BOSS","M","M","?","$","?","E","R","E","T","R","$","M","M","?","R","BOSS"],"build_version":"2018-11-15","purchased_purges":3,"victory":false,"max_hp_per_floor":[70,70,70,70,70,70,70,70,70,70,65,65,65,65,65,65,65,65,65,65,65,65,65,65,65,65,65,65,65,65,65,65,65,65,65,65,65,65,65,65,65,65,65,65,65,65,65,65,65,65],"card_choices":[{"not_picked":["Bouncing Flask","Skewer","Dagger Throw"],"picked":"SKIP","floor":1.0},{"not_picked":["Sucker Punch","Dash"],"picked":"Backstab","floor":3.0},{"not_picked":["Crippling Poison","Bane"],"picked":"Cloak And Dagger","floor":5.0},{"not_picked":["Deadly Poison","Skewer"],"picked":"Dagger Spray","floor":7.0},{"not_picked":["Bouncing Flask","Underhanded Strike","Outmaneuver"],"picked":"SKIP","floor":12.0},{"not_picked":["Poisoned Stab","Quick Slash"],"picked":"A Thousand Cuts+1","floor":13.0},{"not_picked":["Blur","Outmaneuver","Dagger Throw"],"picked":"SKIP","floor":14.0},{"not_picked":["Unload","Malaise"],"picked":"Adrenaline","floor":16.0},{"not_picked":["Prepared","Blade Dance"],"picked":"Caltrops+1","floor":18.0},{"not_picked":["Cloak And Dagger","Expertise+1"],"picked":"PiercingWail+1","floor":20.0},{"not_picked":["Quick Slash+1","Heel Hook"],"picked":"Well Laid Plans+1","floor":22.0},{"not_picked":["Dagger Throw","PiercingWail"],"picked":"Slice","floor":24.0},{"not_picked":["Deadly Poison","Cloak And Dagger","Masterful Stab+1"],"picked":"SKIP","floor":27.0},{"not_picked":["Dash","Underhanded Strike+1"],"picked":"Leg Sweep","floor":29.0},{"not_picked":["Deadly Poison","Expertise","Bouncing Flask"],"picked":"SKIP","floor":31.0},{"not_picked":["Unload","Bullet Time"],"picked":"Envenom+1","floor":33.0},{"not_picked":["Dagger Spray+1","Sucker Punch+1","Deadly Poison+1"],"picked":"SKIP","floor":35.0},{"not_picked":["Deadly Poison+1","Setup+1"],"picked":"Endless Agony","floor":36.0},{"not_picked":["Crippling Poison","Outmaneuver+1","Bullet Time"],"picked":"SKIP","floor":40.0},{"not_picked":["Unload","Expertise","Dash"],"picked":"SKIP","floor":42.0},{"not_picked":["Backflip","Flying Knee"],"picked":"Blade Dance","floor":44.0},{"not_picked":["Sucker Punch","Poisoned Stab+1"],"picked":"Blade Dance","floor":46},{"not_picked":["Riddle With Holes+1","Deadly Poison+1","Poisoned Stab+1"],"picked":"SKIP","floor":47},{"not_picked":["Tactician","Sucker Punch"],"picked":"Endless Agony+1","floor":48},{"not_picked":["Flechettes","PiercingWail+1"],"picked":"Cloak And Dagger","floor":49}],"player_experience":261338,"relics_obtained":[{"floor":7.0,"key":"Orichalcum"},{"floor":9.0,"key":"Frozen Egg 2"},{"floor":14.0,"key":"FossilizedHelix"},{"floor":26.0,"key":"Dream Catcher"},{"floor":28.0,"key":"Red Mask"},{"floor":40.0,"key":"Smiling Mask"},{"floor":42.0,"key":"Kunai"},{"floor":43.0,"key":"PreservedInsect"}],"event_choices":[{"damage_healed":0.0,"max_hp_gain":0.0,"max_hp_loss":0.0,"gold_gain":75.0,"event_name":"World of Goop","player_choice":"Gather Gold","floor":4.0,"gold_loss":0.0,"damage_taken":11.0},{"damage_healed":0.0,"max_hp_gain":0.0,"max_hp_loss":5.0,"gold_gain":0.0,"event_name":"Golden Idol","player_choice":"Lose Max HP","floor":11.0,"gold_loss":0.0,"damage_taken":0.0,"relics_obtained":["Golden Idol"]},{"damage_healed":0.0,"max_hp_gain":0.0,"max_hp_loss":0.0,"gold_gain":0.0,"event_name":"Drug Dealer","player_choice":"Inject Mutagens","floor":19.0,"gold_loss":0.0,"damage_taken":0.0,"relics_obtained":["MutagenicStrength"]},{"damage_healed":0.0,"max_hp_gain":0.0,"max_hp_loss":0.0,"gold_gain":0.0,"event_name":"Masked Bandits","player_choice":"Fought Bandits","floor":28.0,"gold_loss":0.0,"damage_taken":0.0},{"damage_healed":0.0,"max_hp_gain":0.0,"max_hp_loss":0.0,"gold_gain":333.0,"event_name":"The Moai Head","player_choice":"Gave Idol","floor":37.0,"relics_lost":["Golden Idol"],"gold_loss":0.0,"damage_taken":0.0},{"damage_healed":0.0,"max_hp_gain":0.0,"max_hp_loss":0.0,"gold_gain":0.0,"event_name":"WeMeetAgain","player_choice":"Paid Gold","floor":39.0,"gold_loss":89.0,"damage_taken":0.0,"relics_obtained":["Tiny Chest"]}],"is_beta":false,"boss_relics":[{"not_picked":["Snecko Eye","Busted Crown"],"picked":"Ring of the Serpent"},{"not_picked":["Fusion Hammer","Astrolabe"],"picked":"Empty Cage"}],"items_purged_floors":[30,38,45],"is_endless":false,"potions_floor_spawned":[1,5,13,14,16,20,28,29,36,42,46,48],"killed_by":"Time Eater","ascension_level":4}