{"gold_per_floor":[110,32,32,42,60,85,85,85,111,71,81,134,134,164,164,267,267,285,200,217,229,2,37,37,37],"floor_reached":25,"playtime":1581,"items_purged":[],"score":275,"play_id":"0078fa8d-f083-43cd-87a5-e9ac6ac50c1a","local_time":"20190719144710","is_ascension_mode":true,"campfire_choices":[{"data":"Riddle With Holes","floor":7,"key":"SMITH"},{"data":"After Image","floor":15,"key":"SMITH"},{"data":"Glass Knife","floor":24,"key":"SMITH"}],"neow_cost":"TEN_PERCENT_HP_LOSS","seed_source_timestamp":238154798492500,"circlet_count":0,"master_deck":["Strike_G","Strike_G","Defend_G","Defend_G","Defend_G","Defend_G","Survivor","Neutralize","After Image+1","Deflect","Footwork","Well Laid Plans","Riddle With Holes+1","Bouncing Flask","Dash","Dagger Spray","Glass Knife+1","Night Terror+1","Leg Sweep+1","Slice+1","Cloak And Dagger","Dodge and Roll+1","Terror","Blade Dance+1"],"relics":["Ring of the Snake","PreservedInsect","Strawberry","Juzu Bracelet","Ornamental Fan","Astrolabe","Potion Belt","Vajra","Toxic Egg 2"],"potions_floor_usage":[6,6,16,18,20,21,23,23],"damage_taken":[{"damage":12,"enemies":"Jaw Worm","floor":1,"turns":7},{"damage":0,"enemies":"Small Slimes","floor":4,"turns":5},{"damage":0,"enemies":"2 Louse","floor":5,"turns":4},{"damage":9,"enemies":"Lagavulin","floor":6,"turns":8},{"damage":1,"enemies":"Looter","floor":11,"turns":4},{"damage":14,"enemies":"Gremlin Nob","floor":14,"turns":4},{"damage":22,"enemies":"Slime Boss","floor":16,"turns":12},{"damage":18,"enemies":"2 Thieves","floor":18,"turns":3},{"damage":7,"enemies":"3 Byrds","floor":20,"turns":7},{"damage":9,"enemies":"Snake Plant","floor":21,"turns":8},{"damage":24,"enemies":"Slavers","floor":23,"turns":7},{"damage":28,"enemies":"Book of Stabbing","floor":25,"turns":5}],"seed_played":"-7318541836292412888","potions_obtained":[{"floor":4,"key":"Poison Potion"},{"floor":5,"key":"Weak Potion"},{"floor":6,"key":"Explosive Potion"},{"floor":14,"key":"Poison Potion"},{"floor":16,"key":"SkillPotion"},{"floor":20,"key":"EssenceOfSteel"},{"floor":21,"key":"SteroidPotion"}],"is_trial":false,"path_per_floor":["M","$","?","M","M","E","R","?","T","?","M","T","?","E","R","B",null,"M","?","M","M","$","E","R","E"],"character_chosen":"THE_SILENT","items_purchased":["Footwork","Vajra","Regen Potion"],"campfire_rested":0,"item_purchase_floors":[2,22,22],"current_hp_per_floor":[51,51,51,51,51,42,42,35,42,42,41,41,64,50,50,28,70,52,52,45,36,36,27,27,0],"gold":37,"neow_bonus":"THREE_RARE_CARDS","is_prod":false,"is_daily":false,"chose_seed":false,"campfire_upgraded":3,"win_rate":0,"timestamp":1563562030,"path_taken":["M","$","?","M","M","E","R","?","T","?","M","?","?","E","R","BOSS","M","?","M","M","$","E","R","E"],"build_version":"2019-07-17","purchased_purges":0,"victory":false,"max_hp_per_floor":[63,63,63,63,63,63,63,63,70,70,70,70,70,70,70,70,70,70,70,70,70,70,70,70,70],"card_choices":[{"not_picked":["Storm of Steel","Phantasmal Killer"],"picked":"After Image","floor":0},{"not_picked":["Bane","Tactician"],"picked":"Deflect","floor":1},{"not_picked":["Slice","Tactician"],"picked":"Well Laid Plans","floor":4},{"not_picked":["Dodge and Roll","Setup"],"picked":"Riddle With Holes","floor":5},{"not_picked":["Calculated Gamble","Slice"],"picked":"Bouncing Flask","floor":6},{"not_picked":["Reflex","Bouncing Flask"],"picked":"Dash","floor":11},{"not_picked":["Distraction","Dodge and Roll"],"picked":"Dagger Spray","floor":14},{"not_picked":["Wraith Form v2","Die Die Die"],"picked":"Glass Knife","floor":16},{"not_picked":["Prepared","Outmaneuver+1"],"picked":"Cloak And Dagger","floor":18},{"not_picked":["Tactician+1","Choke"],"picked":"Dodge and Roll+1","floor":20},{"not_picked":["Outmaneuver","Acrobatics"],"picked":"Terror","floor":21},{"not_picked":["All Out Attack","Slice"],"picked":"Blade Dance","floor":23}],"player_experience":420047,"relics_obtained":[{"floor":6,"key":"PreservedInsect"},{"floor":9,"key":"Strawberry"},{"floor":12,"key":"Juzu Bracelet"},{"floor":14,"key":"Ornamental Fan"},{"floor":23,"key":"Toxic Egg 2"}],"event_choices":[{"damage_healed":0,"gold_gain":0,"player_choice":"Ignored","damage_taken":0,"max_hp_gain":0,"max_hp_loss":0,"event_name":"Liars Game","floor":3,"gold_loss":0},{"cards_removed":["Defend_G"],"damage_healed":0,"gold_gain":0,"player_choice":"Card Removal","damage_taken":7,"max_hp_gain":0,"max_hp_loss":0,"event_name":"Golden Wing","floor":8,"gold_loss":0},{"damage_healed":0,"gold_gain":0,"player_choice":"Left Gold","damage_taken":0,"max_hp_gain":0,"max_hp_loss":0,"event_name":"World of Goop","floor":10,"gold_loss":40},{"damage_healed":23,"gold_gain":0,"player_choice":"Banana","damage_taken":0,"max_hp_gain":0,"max_hp_loss":0,"event_name":"Big Fish","floor":13,"gold_loss":0},{"damage_healed":0,"gold_gain":0,"player_choice":"Obtained Relic","damage_taken":0,"relics_obtained":["Potion Belt"],"max_hp_gain":0,"max_hp_loss":0,"event_name":"Addict","floor":19,"gold_loss":85}],"is_beta":false,"boss_relics":[{"not_picked":["Empty Cage","Lizard Tail"],"picked":"Astrolabe"}],"items_purged_floors":[],"is_endless":false,"potions_floor_spawned":[4,5,6,14,16,20,21],"killed_by":"Book of Stabbing","ascension_level":4}