{"gold_per_floor":[112,122,122,8,8,42,42,74,74,74,89,116,129,145,145,145],"floor_reached":16,"playtime":1086,"items_purged":[],"score":192,"play_id":"9be4e40b-517b-4c97-a3de-4062066e26a2","local_time":"20190727104938","is_ascension_mode":true,"campfire_choices":[{"floor":7,"key":"REST"},{"floor":10,"key":"REST"},{"floor":15,"key":"REST"}],"neow_cost":"TEN_PERCENT_HP_LOSS","seed_source_timestamp":504284303936200,"circlet_count":0,"master_deck":["AscendersBane","Strike_G","Strike_G","Strike_G","Strike_G","Defend_G","Defend_G","Defend_G","Defend_G","Defend_G","Survivor","Neutralize+1","Backflip","Noxious Fumes","Acrobatics","Prepared","Deadly Poison","Blur","Dagger Throw","Sucker Punch","Well Laid Plans"],"relics":["Ring of the Snake","Turnip","Pantograph","Centennial Puzzle","Blue Candle","Prayer Wheel"],"potions_floor_usage":[6,6,6,8,16],"damage_taken":[{"damage":1,"enemies":"Jaw Worm","floor":1,"turns":5},{"damage":12,"enemies":"Cultist","floor":2,"turns":7},{"damage":45,"enemies":"Gremlin Nob","floor":6,"turns":6},{"damage":17,"enemies":"Lagavulin","floor":8,"turns":8},{"damage":0,"enemies":"Small Slimes","floor":11,"turns":4},{"damage":17,"enemies":"3 Sentries","floor":12,"turns":9},{"damage":3,"enemies":"Exordium Wildlife","floor":13,"turns":8},{"damage":3,"enemies":"3 Louse","floor":14,"turns":5},{"damage":52,"enemies":"Slime Boss","floor":16,"turns":12}],"seed_played":"4759743417009889986","potions_obtained":[{"floor":1,"key":"EntropicBrew"},{"floor":2,"key":"LiquidBronze"},{"floor":13,"key":"GamblersBrew"}],"is_trial":false,"path_per_floor":["M","M","?","$","?","E","R","E","T","R","M","E","M","M","R","B"],"character_chosen":"THE_SILENT","items_purchased":["Noxious Fumes","Acrobatics"],"campfire_rested":3,"item_purchase_floors":[4,4],"current_hp_per_floor":[62,50,37,37,37,6,24,7,7,25,25,8,5,2,20,0],"gold":145,"neow_bonus":"ONE_RARE_RELIC","is_prod":false,"is_daily":false,"chose_seed":false,"campfire_upgraded":0,"win_rate":0,"timestamp":1564238978,"path_taken":["M","M","?","$","?","E","R","E","T","R","M","E","?","?","R","BOSS"],"build_version":"2019-07-17","purchased_purges":0,"victory":false,"max_hp_per_floor":[63,63,63,63,63,63,63,63,63,63,63,63,63,63,63,63],"card_choices":[{"not_picked":["Blade Dance","Quick Slash"],"picked":"Backflip","floor":1},{"not_picked":["Terror","Blade Dance","Dodge and Roll"],"picked":"SKIP","floor":2},{"not_picked":["Dodge and Roll","Underhanded Strike"],"picked":"Prepared","floor":6},{"not_picked":["Infinite Blades","Cloak And Dagger"],"picked":"Deadly Poison","floor":8},{"not_picked":["Bane","Predator"],"picked":"Blur","floor":11},{"not_picked":["A Thousand Cuts","Venomology"],"picked":"Dagger Throw","floor":12},{"not_picked":["Masterful Stab","Bane"],"picked":"Sucker Punch","floor":13},{"not_picked":["Infinite Blades","Deadly Poison","Dodge and Roll"],"picked":"SKIP","floor":13},{"not_picked":["Night Terror","Slice"],"picked":"Well Laid Plans","floor":14},{"not_picked":["Deadly Poison","Dagger Spray","Poisoned Stab"],"picked":"SKIP","floor":14}],"player_experience":544209,"relics_obtained":[{"floor":6,"key":"Pantograph"},{"floor":8,"key":"Centennial Puzzle"},{"floor":9,"key":"Blue Candle"},{"floor":12,"key":"Prayer Wheel"}],"event_choices":[{"damage_healed":0,"gold_gain":0,"player_choice":"Entered Light","damage_taken":13,"max_hp_gain":0,"max_hp_loss":0,"event_name":"Shining Light","floor":3,"gold_loss":0,"cards_upgraded":["Neutralize","Strike_G"]},{"cards_removed":["Strike_G"],"damage_healed":0,"gold_gain":0,"player_choice":"Offered Basic","damage_taken":0,"max_hp_gain":0,"max_hp_loss":0,"event_name":"Bonfire Elementals","floor":5,"gold_loss":0}],"is_beta":false,"boss_relics":[],"items_purged_floors":[],"is_endless":false,"potions_floor_spawned":[1,2,13],"killed_by":"Slime Boss","ascension_level":12}