{"gold_per_floor":[113,128,2,13,29,29,60,60,60,77,26,39,67,83,83,188,188,202,117,42,56,56,56,56,56,56,72,82,82,82,82],"floor_reached":31,"playtime":2292,"items_purged":["Defend_G"],"score":272,"play_id":"9bcb114a-56b7-47a7-b8d0-1eeb72c98628","local_time":"20190729131815","is_ascension_mode":true,"campfire_choices":[{"data":"Doppelganger","floor":6,"key":"SMITH"},{"data":"Bouncing Flask","floor":8,"key":"SMITH"},{"floor":15,"key":"REST"},{"data":"Survivor","floor":23,"key":"SMITH"},{"data":"Corpse Explosion","floor":25,"key":"SMITH"}],"neow_cost":"NONE","seed_source_timestamp":698086922125165,"circlet_count":0,"master_deck":["Strike_G","Strike_G","Strike_G","Defend_G","Defend_G","Defend_G","Survivor+1","Neutralize","Doppelganger+1","Slice","Deadly Poison","Dagger Throw","Riddle With Holes","Bouncing Flask+1","Noxious Fumes","Dash","Bane","Corpse Explosion+1","Catalyst","Skewer","Envenom"],"relics":["Ring of the Snake","Blood Vial","Juzu Bracelet","Paper Crane","Coffee Dripper","Bag of Marbles","Bag of Preparation","Art of War"],"potions_floor_usage":[5,7,12,13,13,16,31,31],"damage_taken":[{"damage":0,"enemies":"Cultist","floor":1,"turns":5},{"damage":0,"enemies":"Jaw Worm","floor":2,"turns":7},{"damage":2,"enemies":"2 Louse","floor":4,"turns":3},{"damage":15,"enemies":"Exordium Thugs","floor":5,"turns":6},{"damage":12,"enemies":"Gremlin Nob","floor":7,"turns":4},{"damage":3,"enemies":"Blue Slaver","floor":10,"turns":3},{"damage":0,"enemies":"Looter","floor":12,"turns":3},{"damage":20,"enemies":"3 Sentries","floor":13,"turns":5},{"damage":11,"enemies":"3 Louse","floor":14,"turns":3},{"damage":27,"enemies":"Slime Boss","floor":16,"turns":9},{"damage":31,"enemies":"3 Byrds","floor":18,"turns":3},{"damage":0,"enemies":"Chosen","floor":21,"turns":4},{"damage":31,"enemies":"Centurion and Healer","floor":27,"turns":3},{"damage":7,"enemies":"Snake Plant","floor":28,"turns":3},{"damage":37,"enemies":"Slavers","floor":31,"turns":3}],"seed_played":"-5564709279729811397","potions_obtained":[{"floor":2,"key":"Dexterity Potion"},{"floor":7,"key":"Strength Potion"},{"floor":12,"key":"Weak Potion"},{"floor":14,"key":"Dexterity Potion"},{"floor":27,"key":"SpeedPotion"},{"floor":28,"key":"Fire Potion"}],"is_trial":false,"path_per_floor":["M","M","$","M","M","R","E","R","T","M","$","M","E","M","R","B",null,"M","?","?","M","?","R","?","R","T","M","M","?","?","E"],"character_chosen":"THE_SILENT","items_purchased":["Block Potion","Block Potion"],"campfire_rested":1,"item_purchase_floors":[3,11],"current_hp_per_floor":[70,70,70,68,53,53,41,41,41,40,40,42,24,15,36,11,70,39,39,39,41,41,41,64,64,64,35,30,30,30,0],"gold":82,"neow_bonus":"ONE_RANDOM_RARE_CARD","is_prod":false,"is_daily":false,"chose_seed":false,"campfire_upgraded":4,"win_rate":0,"timestamp":1564424295,"path_taken":["M","M","$","M","?","R","E","R","T","M","?","M","E","M","R","BOSS","M","?","?","M","?","R","?","R","T","M","M","?","?","E"],"build_version":"2019-07-17","purchased_purges":1,"victory":false,"max_hp_per_floor":[70,70,70,70,70,70,70,70,70,70,70,70,70,70,70,70,70,70,70,70,70,70,70,70,70,70,70,70,70,70,70],"card_choices":[{"not_picked":["Acrobatics","Heel Hook"],"picked":"Slice","floor":1},{"not_picked":["Blade Dance","Flechettes"],"picked":"Deadly Poison","floor":2},{"not_picked":["Prepared","Eviscerate"],"picked":"Dagger Throw","floor":4},{"not_picked":["Expertise","PiercingWail"],"picked":"Riddle With Holes","floor":5},{"not_picked":["Calculated Gamble","PiercingWail"],"picked":"Bouncing Flask","floor":7},{"not_picked":["Riddle With Holes","Flechettes"],"picked":"Noxious Fumes","floor":10},{"not_picked":["Sucker Punch","Accuracy","Night Terror"],"picked":"SKIP","floor":12},{"not_picked":["Blade Dance","Accuracy"],"picked":"Dash","floor":13},{"not_picked":["Deflect","Noxious Fumes"],"picked":"Bane","floor":14},{"not_picked":["Doppelganger","Venomology"],"picked":"Corpse Explosion","floor":16},{"not_picked":["Accuracy","Deadly Poison","Blade Dance"],"picked":"SKIP","floor":18},{"not_picked":["Quick Slash","Noxious Fumes+1"],"picked":"Catalyst","floor":21},{"not_picked":["Sucker Punch","Cloak And Dagger","Dagger Throw"],"picked":"SKIP","floor":27},{"not_picked":["Setup","Deadly Poison","Skewer"],"picked":"SKIP","floor":28}],"player_experience":301339,"relics_obtained":[{"floor":7,"key":"Blood Vial"},{"floor":9,"key":"Juzu Bracelet"},{"floor":13,"key":"Paper Crane"},{"floor":26,"key":"Art of War"}],"event_choices":[{"damage_healed":0,"gold_gain":0,"player_choice":"Obtained Relic","damage_taken":0,"relics_obtained":["Bag of Marbles"],"max_hp_gain":0,"max_hp_loss":0,"event_name":"Addict","floor":19,"gold_loss":85},{"damage_healed":0,"gold_gain":0,"player_choice":"Paid Gold","damage_taken":0,"relics_obtained":["Bag of Preparation"],"max_hp_gain":0,"max_hp_loss":0,"event_name":"WeMeetAgain","floor":20,"gold_loss":75},{"damage_healed":0,"gold_gain":0,"cards_transformed":["Strike_G","Defend_G"],"player_choice":"Became Test Subject","damage_taken":0,"max_hp_gain":0,"max_hp_loss":0,"event_name":"Drug Dealer","floor":22,"gold_loss":0,"cards_obtained":["Skewer","Envenom"]},{"damage_healed":23,"gold_gain":0,"player_choice":"Heal","damage_taken":0,"max_hp_gain":0,"max_hp_loss":0,"event_name":"The Library","floor":24,"gold_loss":0},{"cards_removed":["Strike_G"],"damage_healed":0,"gold_gain":0,"player_choice":"Elegance","damage_taken":0,"max_hp_gain":0,"max_hp_loss":0,"event_name":"Back to Basics","floor":29,"gold_loss":0},{"damage_healed":0,"gold_gain":0,"player_choice":"Ignored","damage_taken":0,"max_hp_gain":0,"max_hp_loss":0,"event_name":"Ghosts","floor":30,"gold_loss":0}],"is_beta":false,"boss_relics":[{"not_picked":["Lizard Tail","Calling Bell"],"picked":"Coffee Dripper"}],"items_purged_floors":[3],"is_endless":false,"potions_floor_spawned":[2,7,12,14,27,28],"killed_by":"Slavers","ascension_level":2}