{"gold_per_floor":[368,368,368,380,51,80,80,109,162,162,179,2,13,40,40,40],"floor_reached":16,"playtime":707,"items_purged":["Strike_G"],"score":142,"play_id":"820ef7e0-df76-4cbc-add6-46f305a74422","local_time":"20190716172328","is_ascension_mode":true,"campfire_choices":[{"floor":7,"key":"REST"},{"floor":10,"key":"REST"},{"floor":15,"key":"REST"}],"neow_cost":"PERCENT_DAMAGE","seed_source_timestamp":330763121838400,"circlet_count":0,"master_deck":["Strike_G","Strike_G","Strike_G","Strike_G","Defend_G","Defend_G","Defend_G","Defend_G","Survivor","Neutralize+1","Cloak And Dagger","A Thousand Cuts","PiercingWail","Masterful Stab","Quick Slash","Dagger Spray","Crippling Poison","Infinite Blades","Escape Plan","Blade Dance","Slice","Footwork"],"relics":["Ring of the Snake","Happy Flower","Blood Vial","Tiny Chest","Dream Catcher"],"potions_floor_usage":[6],"damage_taken":[{"damage":7,"enemies":"Small Slimes","floor":1,"turns":4},{"damage":0,"enemies":"Jaw Worm","floor":4,"turns":4},{"damage":30,"enemies":"Gremlin Nob","floor":6,"turns":5},{"damage":13,"enemies":"3 Sentries","floor":8,"turns":10},{"damage":0,"enemies":"Cultist","floor":11,"turns":3},{"damage":7,"enemies":"Red Slaver","floor":13,"turns":3},{"damage":25,"enemies":"Gremlin Nob","floor":14,"turns":4},{"damage":32,"enemies":"The Guardian","floor":16,"turns":11}],"seed_played":"6500249457246998207","potions_obtained":[{"floor":1,"key":"SkillPotion"}],"is_trial":false,"path_per_floor":["M","?","?","M","$","E","R","E","T","R","M","$","M","E","R","B"],"character_chosen":"THE_SILENT","items_purchased":["A Thousand Cuts","PiercingWail","Masterful Stab","Crippling Poison","Infinite Blades","Escape Plan"],"campfire_rested":3,"item_purchase_floors":[5,5,5,12,12,12],"current_hp_per_floor":[42,35,35,35,35,5,26,13,13,34,36,36,31,8,29,0],"gold":40,"neow_bonus":"TWO_FIFTY_GOLD","is_prod":false,"is_daily":false,"chose_seed":false,"campfire_upgraded":0,"win_rate":0,"timestamp":1563312208,"path_taken":["M","?","?","M","$","E","R","E","T","R","M","$","M","E","R","BOSS"],"build_version":"2019-07-05","purchased_purges":1,"victory":false,"max_hp_per_floor":[70,70,70,70,70,70,70,70,70,70,70,70,70,70,70,70],"card_choices":[{"not_picked":["Escape Plan","Expertise","Heel Hook"],"picked":"SKIP","floor":1},{"not_picked":["Calculated Gamble","Endless Agony"],"picked":"Cloak And Dagger","floor":4},{"not_picked":["Predator","Flechettes"],"picked":"Quick Slash","floor":6},{"not_picked":["Setup","Sucker Punch","Poisoned Stab"],"picked":"SKIP","floor":8},{"not_picked":["Deadly Poison","Sucker Punch"],"picked":"Dagger Spray","floor":11},{"not_picked":["Bane","Dodge and Roll"],"picked":"Blade Dance","floor":13},{"not_picked":["Quick Slash","Riddle With Holes"],"picked":"Slice","floor":14},{"not_picked":["Poisoned Stab","Bouncing Flask"],"picked":"Footwork","floor":15}],"player_experience":367647,"relics_obtained":[{"floor":6,"key":"Happy Flower"},{"floor":8,"key":"Blood Vial"},{"floor":9,"key":"Tiny Chest"},{"floor":14,"key":"Dream Catcher"}],"event_choices":[{"cards_removed":["Defend_G"],"damage_healed":0,"gold_gain":0,"player_choice":"Card Removal","damage_taken":7,"max_hp_gain":0,"max_hp_loss":0,"event_name":"Golden Wing","floor":2,"gold_loss":0},{"damage_healed":0,"gold_gain":0,"player_choice":"Upgraded","damage_taken":0,"max_hp_gain":0,"max_hp_loss":0,"event_name":"Upgrade Shrine","floor":3,"gold_loss":0,"cards_upgraded":["Neutralize"]}],"is_beta":false,"boss_relics":[],"items_purged_floors":[5],"is_endless":false,"potions_floor_spawned":[1],"killed_by":"The Guardian","ascension_level":4}