{"gold_per_floor":[112,129,149,165,165,165,111,111,111,53,94,94,129,152,152,283,283,298,314,337,262,262,262,262,262,262,280,155,176,30,51,51,51],"floor_reached":33,"playtime":2786,"items_purged":[],"score":333,"play_id":"28928e79-0a41-480f-bf89-3ac35762d87a","local_time":"20180701233108","is_ascension_mode":true,"campfire_choices":[{"data":"Terror","floor":6.0,"key":"SMITH"},{"data":"Neutralize","floor":8.0,"key":"SMITH"},{"floor":15.0,"key":"REST"},{"floor":23.0,"key":"REST"},{"data":"A Thousand Cuts","floor":25.0,"key":"SMITH"},{"floor":32,"key":"REST"}],"neow_cost":"","seed_source_timestamp":0,"circlet_count":0,"master_deck":["Defend_G","Defend_G","Defend_G","Defend_G","Defend_G","Strike_G","Strike_G","Survivor","Neutralize+1","Terror+1","Bouncing Flask","PiercingWail","Endless Agony","Flying Knee","Well Laid Plans+1","Flying Knee","Cloak And Dagger","A Thousand Cuts+1","Dodge and Roll+1","Doppelganger+1","Backflip","Dagger Spray","Deflect","Deflect","Escape Plan","Outmaneuver","Flying Knee+1","Panache","Flying Knee+1"],"special_seed":0,"relics":["Ring of the Snake","NeowsBlessing","Golden Idol","The Courier","Calipers","Art of War","Astrolabe","Molten Egg 2"],"potions_floor_usage":[33,33],"damage_taken":[{"damage":0.0,"enemies":"Small Slimes","floor":1.0,"turns":2.0},{"damage":0.0,"enemies":"Jaw Worm","floor":2.0,"turns":1.0},{"damage":0.0,"enemies":"2 Louse","floor":3.0,"turns":1.0},{"damage":1.0,"enemies":"Blue Slaver","floor":4.0,"turns":4.0},{"damage":16.0,"enemies":"Lagavulin","floor":11.0,"turns":6.0},{"damage":10.0,"enemies":"3 Sentries","floor":13.0,"turns":9.0},{"damage":10.0,"enemies":"Exordium Wildlife","floor":14.0,"turns":4.0},{"damage":7.0,"enemies":"Hexaghost","floor":16.0,"turns":9.0},{"damage":0.0,"enemies":"Chosen","floor":18.0,"turns":6.0},{"damage":11.0,"enemies":"Shell Parasite","floor":19.0,"turns":7.0},{"damage":40.0,"enemies":"Chosen and Byrds","floor":20.0,"turns":9.0},{"damage":3,"enemies":"3 Cultists","floor":27,"turns":4},{"damage":15,"enemies":"Snecko","floor":29,"turns":6},{"damage":7,"enemies":"Centurion and Healer","floor":31,"turns":6},{"damage":55,"enemies":"Collector","floor":33,"turns":6}],"seed_played":"6288381388229996885","potions_obtained":[{"floor":1.0,"key":"Poison Potion"},{"floor":2.0,"key":"AttackPotion"},{"floor":13.0,"key":"SneckoOil"},{"floor":16.0,"key":"EssenceOfSteel"},{"floor":18.0,"key":"SkillPotion"},{"floor":20.0,"key":"AttackPotion"},{"floor":31,"key":"Weak Potion"}],"is_trial":false,"path_per_floor":["M","M","M","M","?","R","$","R","T","$","E","?","E","M","R","B",null,"M","M","M","?","?","R","?","R","T","M","$","M","$","M","R"],"character_chosen":"THE_SILENT","items_purchased":["Flying Knee","Well Laid Plans","Deflect","Escape Plan","Outmaneuver","Panache"],"campfire_rested":3,"item_purchase_floors":[],"current_hp_per_floor":[70,70,70,69,65,65,65,65,65,65,49,49,39,29,48,41,65,65,54,14,14,35,54,54,54,54,51,51,36,36,29,48,0],"gold":51,"neow_bonus":"","is_prod":false,"is_daily":false,"chose_seed":false,"campfire_upgraded":3,"win_rate":0,"timestamp":1530484268,"path_taken":["M","M","M","M","?","R","$","R","T","$","E","?","E","M","R","BOSS","M","M","M","?","?","R","?","R","T","M","?","M","?","M","R","BOSS"],"build_version":"2018-06-28","purchased_purges":0,"victory":false,"max_hp_per_floor":[70,70,70,70,65,65,65,65,65,65,65,65,65,65,65,65,65,65,65,65,65,65,65,65,65,65,65,65,65,65,65,65,65],"card_choices":[{"not_picked":["Accuracy","Prepared"],"picked":"Terror","floor":1.0},{"not_picked":["Bane","Slice"],"picked":"Bouncing Flask","floor":2.0},{"not_picked":["Concentrate","Bane"],"picked":"PiercingWail","floor":3.0},{"not_picked":["Quick Slash","Dodge and Roll"],"picked":"Endless Agony","floor":4.0},{"not_picked":["Accuracy","Blade Dance","Distraction"],"picked":"SKIP","floor":11.0},{"not_picked":["Bullet Time","Acrobatics"],"picked":"Flying Knee","floor":13.0},{"not_picked":["Well Laid Plans","Dagger Throw"],"picked":"Cloak And Dagger","floor":14.0},{"not_picked":["Unload","Phantasmal Killer"],"picked":"A Thousand Cuts","floor":16.0},{"not_picked":["Quick Slash+1","PiercingWail","Dodge and Roll+1"],"picked":"SKIP","floor":18.0},{"not_picked":["Dagger Throw+1","Choke"],"picked":"Backflip","floor":19.0},{"not_picked":["Poisoned Stab+1","Quick Slash"],"picked":"Dagger Spray","floor":20.0},{"not_picked":["Dodge and Roll+1","Expertise+1"],"picked":"Deflect","floor":27},{"not_picked":["Venomology","Bane+1"],"picked":"Flying Knee+1","floor":29},{"not_picked":["Skewer+1","Dagger Spray+1"],"picked":"Flying Knee+1","floor":31}],"player_experience":269352,"relics_obtained":[{"floor":9.0,"key":"The Courier"},{"floor":11.0,"key":"Calipers"},{"floor":13.0,"key":"Art of War"},{"floor":26.0,"key":"Molten Egg 2"}],"event_choices":[{"event_name":"Golden Idol","player_choice":"Lose Max HP","floor":5.0,"damage_taken":0.0},{"event_name":"Living Wall","player_choice":"Grow","floor":12.0,"damage_taken":0.0},{"event_name":"Beggar","player_choice":"Gave Gold","floor":21.0,"damage_taken":0.0},{"event_name":"The Library","player_choice":"Heal","floor":22.0,"damage_taken":0.0},{"event_name":"Accursed Blacksmith","player_choice":"Ignore","floor":24.0,"damage_taken":0.0}],"boss_relics":[{"not_picked":["Fusion Hammer","Philosopher\u0027s Stone"],"picked":"Astrolabe"}],"items_purged_floors":[],"is_endless":false,"potions_floor_spawned":[1,2,13,16,18,20,31],"killed_by":"Collector","ascension_level":4}