{"gold_per_floor":[117,136,136,236,50,50,50,50,50,50,64,92,160,140,140,242,242,261,277,153,153,28,57,57,57,82,82,101,118,33,43,43,140,140,159,170,170,188,115,115,126,136,136,0,0,11,11,31,31,31],"floor_reached":51,"playtime":6628,"items_purged":["Strike_G","Strike_G","Decay"],"score":910,"play_id":"38a554c7-8b6b-4796-8b9f-ee60be3108ac","local_time":"20180704012131","is_ascension_mode":true,"campfire_choices":[{"data":"Noxious Fumes","floor":6.0,"key":"SMITH"},{"data":"Leg Sweep","floor":8.0,"key":"SMITH"},{"data":"Neutralize","floor":10.0,"key":"SMITH"},{"data":"Noxious Fumes","floor":15.0,"key":"SMITH"},{"floor":24.0,"key":"REST"},{"data":"Outmaneuver","floor":27.0,"key":"SMITH"},{"floor":32.0,"key":"REST"},{"floor":40.0,"key":"REST"},{"floor":45.0,"key":"REST"},{"data":"Well Laid Plans","floor":47.0,"key":"SMITH"},{"data":"After Image","floor":49.0,"key":"SMITH"}],"neow_cost":"","seed_source_timestamp":1285559342422945,"circlet_count":0,"master_deck":["Defend_G","Defend_G","Defend_G+1","Defend_G","Defend_G","Survivor","Neutralize+1","Venomology+1","Dagger Throw","Flying Knee","Noxious Fumes+1","Leg Sweep+1","Noxious Fumes+1","PiercingWail+1","Glass Knife","Phantasmal Killer+1","Sucker Punch+1","Leg Sweep+1","Outmaneuver+1","Bane","Sucker Punch","Deadly Poison+1","After Image+1","Flying Knee+1","Backflip","Writhe","Catalyst","Well Laid Plans+1","Footwork+1","Caltrops+1","Deflect"],"special_seed":0,"relics":["Ring of the Snake","Bird Faced Urn","Strawberry","Mercury Hourglass","Astrolabe","Unceasing Top","Pen Nib","War Paint","Lizard Tail","Blue Candle","Red Mask"],"potions_floor_usage":[50,50,50],"damage_taken":[{"damage":0.0,"enemies":"Small Slimes","floor":1.0,"turns":4.0},{"damage":0.0,"enemies":"Cultist","floor":2.0,"turns":5.0},{"damage":0.0,"enemies":"Gremlin Nob","floor":7.0,"turns":1.0},{"damage":0.0,"enemies":"2 Louse","floor":11.0,"turns":3.0},{"damage":4.0,"enemies":"3 Sentries","floor":12.0,"turns":8.0},{"damage":0.0,"enemies":"Slime Boss","floor":16.0,"turns":7.0},{"damage":0.0,"enemies":"Shell Parasite","floor":18.0,"turns":6.0},{"damage":0.0,"enemies":"3 Byrds","floor":19.0,"turns":5.0},{"damage":21.0,"enemies":"Slavers","floor":23.0,"turns":5.0},{"damage":5.0,"enemies":"Snecko","floor":28.0,"turns":6.0},{"damage":46.0,"enemies":"Cultist and Chosen","floor":29.0,"turns":8.0},{"damage":12.0,"enemies":"Snake Plant","floor":31.0,"turns":6.0},{"damage":38.0,"enemies":"Collector","floor":33.0,"turns":8.0},{"damage":4.0,"enemies":"Orb Walker","floor":35.0,"turns":5.0},{"damage":37.0,"enemies":"3 Darklings","floor":36.0,"turns":5.0},{"damage":41.0,"enemies":"4 Shapes","floor":38.0,"turns":7.0},{"damage":4.0,"enemies":"Sphere and 2 Shapes","floor":41.0,"turns":6.0},{"damage":5.0,"enemies":"3 Darklings","floor":42.0,"turns":8.0},{"damage":4.0,"enemies":"4 Shapes","floor":46.0,"turns":5.0},{"damage":2.0,"enemies":"Maw","floor":48.0,"turns":9.0},{"damage":108,"enemies":"Donu and Deca","floor":50,"turns":11}],"seed_played":"2756134904249010569","potions_obtained":[{"floor":14.0,"key":"Swift Potion"},{"floor":19.0,"key":"Regen Potion"},{"floor":28.0,"key":"LiquidBronze"},{"floor":33.0,"key":"Strength Potion"},{"floor":35.0,"key":"Strength Potion"},{"floor":36.0,"key":"SteroidPotion"},{"floor":38.0,"key":"PowerPotion"},{"floor":42.0,"key":"GhostInAJar"}],"is_trial":false,"path_per_floor":["M","M","?","?","$","R","E","R","T","R","M","E","T","?","R","B",null,"M","M","$","?","$","E","R","?","T","R","M","M","?","M","R","B",null,"M","M","?","M","$","R","M","M","T","?","R","M","R","M","R","B"],"character_chosen":"THE_SILENT","items_purchased":["Noxious Fumes","Leg Sweep","Bane","Well Laid Plans"],"campfire_rested":4,"item_purchase_floors":[],"current_hp_per_floor":[63,63,63,63,63,63,63,63,63,63,63,68,68,68,68,70,70,70,70,70,70,70,49,70,70,70,70,70,53,53,45,66,32,61,59,28,46,7,7,28,34,37,37,37,58,62,62,70,70,15],"gold":31,"neow_bonus":"","is_prod":false,"is_daily":false,"chose_seed":false,"campfire_upgraded":7,"win_rate":0,"timestamp":1530663691,"path_taken":["M","M","?","?","$","R","E","R","T","R","M","E","?","?","R","BOSS","M","M","$","?","$","E","R","?","T","R","M","M","?","?","R","BOSS","M","M","?","M","$","R","M","M","T","?","R","?","R","M","R","BOSS"],"build_version":"2018-06-28","purchased_purges":3,"victory":true,"max_hp_per_floor":[63,63,63,63,63,63,63,63,63,63,63,70,70,70,70,70,70,70,70,70,70,70,70,70,70,70,70,70,70,70,70,70,70,70,70,70,70,70,70,70,70,70,70,70,70,70,70,70,70,70],"card_choices":[{"not_picked":["Phantasmal Killer","Bullet Time"],"picked":"Venomology","floor":0.0},{"not_picked":["Blur","Underhanded Strike"],"picked":"Dagger Throw","floor":1.0},{"not_picked":["Sucker Punch","Catalyst"],"picked":"Flying Knee","floor":2.0},{"not_picked":["Flying Knee","Backstab"],"picked":"Noxious Fumes","floor":11.0},{"not_picked":["Cloak And Dagger","Dodge and Roll"],"picked":"PiercingWail","floor":12.0},{"not_picked":["Grand Finale","Bullet Time"],"picked":"Glass Knife","floor":16.0},{"not_picked":["Deflect","Choke","Outmaneuver"],"picked":"SKIP","floor":18.0},{"not_picked":["Flechettes","Quick Slash"],"picked":"Outmaneuver","floor":19.0},{"not_picked":["Quick Slash+1","Outmaneuver","Concentrate"],"picked":"SKIP","floor":23.0},{"not_picked":["Crippling Poison","Poisoned Stab"],"picked":"Sucker Punch","floor":28.0},{"not_picked":["Quick Slash","Deflect"],"picked":"Deadly Poison+1","floor":29.0},{"not_picked":["Acrobatics","Calculated Gamble","Dodge and Roll"],"picked":"SKIP","floor":31.0},{"not_picked":["Wraith Form v2","Envenom"],"picked":"After Image","floor":33.0},{"not_picked":["Poisoned Stab+1","Acrobatics+1"],"picked":"Flying Knee+1","floor":35.0},{"not_picked":["Dodge and Roll+1","Deadly Poison+1"],"picked":"Backflip","floor":36.0},{"not_picked":["Prepared+1","Deadly Poison+1"],"picked":"Catalyst","floor":38.0},{"not_picked":["Malaise","Deadly Poison+1"],"picked":"Footwork+1","floor":41.0},{"not_picked":["Slice+1","Underhanded Strike+1","Dagger Spray"],"picked":"SKIP","floor":42.0},{"not_picked":["Flying Knee+1","Cloak And Dagger"],"picked":"Caltrops+1","floor":46.0},{"not_picked":["Underhanded Strike+1","Dash"],"picked":"Deflect","floor":48.0}],"player_experience":333844,"relics_obtained":[{"floor":9.0,"key":"Bird Faced Urn"},{"floor":12.0,"key":"Strawberry"},{"floor":13.0,"key":"Mercury Hourglass"},{"floor":23.0,"key":"Unceasing Top"},{"floor":26.0,"key":"Pen Nib"},{"floor":43.0,"key":"Blue Candle"}],"event_choices":[{"event_name":"Upgrade Shrine","player_choice":"Upgraded","floor":3.0,"damage_taken":0.0},{"event_name":"Golden Shrine","player_choice":"Pray","floor":4.0,"damage_taken":0.0},{"event_name":"The Woman in Blue","player_choice":"Bought 1 Potion","floor":14.0,"damage_taken":0.0},{"event_name":"Forgotten Altar","player_choice":"Smashed Altar","floor":21.0,"damage_taken":0.0},{"event_name":"Beggar","player_choice":"Ignored","floor":25.0,"damage_taken":0.0},{"event_name":"Addict","player_choice":"Obtained Relic","floor":30.0,"damage_taken":0.0},{"event_name":"Winding Halls","player_choice":"Writhe","floor":37.0,"damage_taken":0.0},{"event_name":"Tomb of Lord Red Mask","player_choice":"Paid","floor":44.0,"damage_taken":0.0}],"boss_relics":[{"not_picked":["Busted Crown","Runic Dome"],"picked":"Astrolabe"},{"not_picked":["White Beast Statue","Fusion Hammer"],"picked":"Lizard Tail"}],"items_purged_floors":[],"is_endless":false,"potions_floor_spawned":[7,19,28,33,35,36,38,42],"ascension_level":6}