{"gold_per_floor":[117,130,130,23,35,35,51,67,67,67,91,110,110,126,126,224,224,235,235,126,126,115,115],"floor_reached":23,"playtime":971,"items_purged":["Venomology+1"],"score":303,"play_id":"8888e80d-ff17-4cb0-839d-fdf92337df85","local_time":"20181211122813","is_ascension_mode":true,"campfire_choices":[{"data":"Venomology","floor":6.0,"key":"SMITH"},{"floor":13,"key":"REST"},{"data":"Neutralize","floor":15,"key":"SMITH"}],"neow_cost":"NONE","seed_source_timestamp":0,"circlet_count":0,"master_deck":["Defend_G","Defend_G","Defend_G","Defend_G","Defend_G","Strike_G","Strike_G","Strike_G","Strike_G+1","Survivor","Neutralize+1","Cloak And Dagger","Accuracy","Finisher+1","Blade Dance","Cloak And Dagger","Escape Plan","Slice","Infinite Blades","Envenom","Footwork","Footwork","Blade Dance"],"special_seed":0,"relics":["Ring of the Snake","Happy Flower","Sozu","Nloth\u0027s Gift"],"potions_floor_usage":[14,16,16,23,23],"damage_taken":[{"damage":3.0,"enemies":"Jaw Worm","floor":1.0,"turns":6.0},{"damage":1.0,"enemies":"2 Louse","floor":2.0,"turns":3.0},{"damage":4.0,"enemies":"Small Slimes","floor":5.0,"turns":4.0},{"damage":3.0,"enemies":"Exordium Thugs","floor":7.0,"turns":10.0},{"damage":0.0,"enemies":"2 Fungi Beasts","floor":8.0,"turns":3.0},{"damage":0.0,"enemies":"Exordium Wildlife","floor":12.0,"turns":3.0},{"damage":0,"enemies":"Red Slaver","floor":14,"turns":2},{"damage":0,"enemies":"Hexaghost","floor":16,"turns":9},{"damage":17,"enemies":"3 Byrds","floor":18,"turns":5},{"damage":24,"enemies":"2 Thieves","floor":22,"turns":4},{"damage":37,"enemies":"Gremlin Leader","floor":23,"turns":7}],"seed_played":"-2426911347833341850","potions_obtained":[{"floor":0.0,"key":"EntropicBrew"},{"floor":0.0,"key":"Explosive Potion"},{"floor":0.0,"key":"Block Potion"},{"floor":1.0,"key":"EssenceOfSteel"},{"floor":8.0,"key":"FearPotion"}],"is_trial":false,"path_per_floor":["M","M","?","$","M","R","M","M","T","?","T","M","M","R","M","R","B",null,"M","?","$","$","M","E"],"character_chosen":"THE_SILENT","items_purchased":["Accuracy","Finisher","Footwork"],"campfire_rested":1,"item_purchase_floors":[4,4,20],"current_hp_per_floor":[60,59,52,52,48,48,45,45,45,31,31,31,52,52,52,52,66,49,49,49,49,25,0],"gold":115,"neow_bonus":"THREE_SMALL_POTIONS","is_prod":false,"is_daily":false,"chose_seed":false,"campfire_upgraded":2,"win_rate":0,"timestamp":1544531293,"path_taken":["M","M","?","$","M","R","M","M","T","?","?","M","R","M","R","BOSS","M","?","?","$","M","E"],"build_version":"2018-12-06","purchased_purges":1,"victory":false,"max_hp_per_floor":[70,70,70,70,70,70,70,70,70,70,70,70,70,70,70,70,70,70,70,70,70,70,70],"card_choices":[{"not_picked":["Underhanded Strike","PiercingWail"],"picked":"Cloak And Dagger","floor":1.0},{"not_picked":["Prepared","Quick Slash"],"picked":"Venomology","floor":2.0},{"not_picked":["Heel Hook","Blur"],"picked":"Blade Dance","floor":5.0},{"not_picked":["Flying Knee","Bane"],"picked":"Cloak And Dagger","floor":7.0},{"not_picked":["Flechettes","Dagger Spray"],"picked":"Escape Plan","floor":8.0},{"not_picked":["Dagger Spray","Dodge and Roll"],"picked":"Slice","floor":12},{"not_picked":["Acrobatics","Masterful Stab"],"picked":"Infinite Blades","floor":14},{"not_picked":["Phantasmal Killer","Grand Finale"],"picked":"Envenom","floor":16},{"not_picked":["Prepared","Blur+1"],"picked":"Footwork","floor":18},{"not_picked":["Leg Sweep","Deadly Poison"],"picked":"Blade Dance","floor":22}],"player_experience":293710,"relics_obtained":[{"floor":9.0,"key":"Bottled Lightning"},{"floor":11.0,"key":"Happy Flower"}],"event_choices":[{"cards_removed":["Strike_G"],"damage_healed":0.0,"max_hp_gain":0.0,"max_hp_loss":0.0,"gold_gain":0.0,"event_name":"Golden Wing","player_choice":"Card Removal","floor":3.0,"gold_loss":0.0,"damage_taken":7.0},{"damage_healed":0.0,"max_hp_gain":0.0,"max_hp_loss":0.0,"gold_gain":0.0,"event_name":"Shining Light","player_choice":"Entered Light","floor":10.0,"gold_loss":0.0,"damage_taken":14.0,"cards_upgraded":["Finisher","Strike_G"]},{"damage_healed":0,"gold_gain":0,"player_choice":"Traded Relic","damage_taken":0,"relics_obtained":["Nloth\u0027s Gift"],"max_hp_gain":0,"max_hp_loss":0,"event_name":"N\u0027loth","floor":19,"relics_lost":["Bottled Lightning"],"gold_loss":0}],"is_beta":false,"boss_relics":[{"not_picked":["Snecko Eye","Lizard Tail"],"picked":"Sozu"}],"items_purged_floors":[20],"is_endless":false,"potions_floor_spawned":[1,5,8,12,18],"killed_by":"Gremlin Leader","ascension_level":6}