{"gold_per_floor":[111,111,125,136,156,156,168,118,118,131,145,156,156,156,156,156],"floor_reached":16,"playtime":1294,"items_purged":[],"score":96,"play_id":"cad6d3f3-f20a-41ff-bcb3-f9db9ab46824","local_time":"20180623194312","is_ascension_mode":false,"campfire_choices":[{"floor":6,"key":"REST"},{"floor":15,"key":"REST"}],"neow_cost":"","seed_source_timestamp":0,"circlet_count":0,"master_deck":["Defend_G","Defend_G","Defend_G","Defend_G","Strike_G","Strike_G","Strike_G","Strike_G","Strike_G","Survivor","Neutralize","Riddle With Holes","Bane","Dash","Slice","Bouncing Flask","Bouncing Flask","Flying Knee","Deadly Poison","Injury"],"special_seed":0,"relics":["Ring of the Snake","Anchor","Oddly Smooth Stone","Golden Idol"],"potions_floor_usage":[11,11,16],"damage_taken":[{"damage":1,"enemies":"Cultist","floor":1,"turns":4},{"damage":0,"enemies":"Small Slimes","floor":3,"turns":3},{"damage":0,"enemies":"2 Louse","floor":4,"turns":2},{"damage":7,"enemies":"Looter","floor":5,"turns":3},{"damage":10,"enemies":"Exordium Thugs","floor":7,"turns":4},{"damage":10,"enemies":"Gremlin Gang","floor":10,"turns":5},{"damage":21,"enemies":"Large Slime","floor":11,"turns":5},{"damage":7,"enemies":"3 Louse","floor":12,"turns":3},{"damage":43,"enemies":"Slime Boss","floor":16,"turns":8}],"seed_played":"-1095162489269092661","potions_obtained":[{"floor":1,"key":"Block Potion"},{"floor":5,"key":"Poison Potion"},{"floor":10,"key":"LiquidBronze"}],"is_trial":false,"path_per_floor":["M","$","M","M","M","R","M","?","T","M","M","M","?","?","R"],"character_chosen":"THE_SILENT","items_purchased":[],"campfire_rested":2,"item_purchase_floors":[],"current_hp_per_floor":[69,69,69,69,62,70,60,60,60,50,29,22,22,22,43,0],"gold":156,"neow_bonus":"","is_prod":false,"is_daily":false,"chose_seed":false,"campfire_upgraded":0,"win_rate":0.0,"timestamp":1529779392,"path_taken":["M","$","M","M","M","R","M","?","T","?","M","M","?","?","R","BOSS"],"build_version":"2018-06-21v2","purchased_purges":0,"victory":false,"max_hp_per_floor":[70,70,70,70,70,70,70,70,70,70,70,70,70,70,70,70],"card_choices":[{"not_picked":["Dagger Throw","Distraction"],"picked":"Riddle With Holes","floor":1},{"not_picked":["Deflect","PiercingWail"],"picked":"Bane","floor":3},{"not_picked":["Flechettes","Quick Slash"],"picked":"Dash","floor":4},{"not_picked":["Underhanded Strike","Expertise"],"picked":"Slice","floor":5},{"not_picked":["Burst","Flying Knee"],"picked":"Bouncing Flask","floor":7},{"not_picked":["Bane","Prepared"],"picked":"Bouncing Flask","floor":10},{"not_picked":["Deflect","Malaise"],"picked":"Flying Knee","floor":11},{"not_picked":["Backflip","Poisoned Stab"],"picked":"Deadly Poison","floor":12}],"player_experience":90547,"relics_obtained":[{"floor":9,"key":"Oddly Smooth Stone"}],"event_choices":[{"event_name":"The Cleric","player_choice":"Card Removal","floor":8,"damage_taken":0},{"event_name":"Dead Adventurer","player_choice":"Searched \u00270\u0027 times","floor":13,"damage_taken":0},{"event_name":"Golden Idol","player_choice":"Take Wound","floor":14,"damage_taken":0}],"boss_relics":[],"items_purged_floors":[],"is_endless":false,"potions_floor_spawned":[1,5,10],"killed_by":"Slime Boss","ascension_level":0}