{"gold_per_floor":[111,125,138,67,82,110,122,122,147,174,186,218,12,12,12,114,114,126,126,53,152,102,128,128,27,27,45,72,72,172,182,182,182],"floor_reached":33,"playtime":1270,"items_purged":["Strike_B","Defend_B"],"score":322,"play_id":"a2003577-75be-4451-ac83-ca38566c52a0","local_time":"20190712010649","is_ascension_mode":true,"campfire_choices":[{"floor":8,"key":"REST"},{"floor":11,"key":"REST"},{"data":"Defragment","floor":15,"key":"SMITH"},{"data":"Storm","floor":24,"key":"SMITH"},{"floor":29,"key":"REST"},{"floor":32,"key":"REST"}],"neow_cost":"NONE","seed_source_timestamp":31642460058000,"circlet_count":0,"master_deck":["Strike_B","Defend_B","Defend_B","Defend_B","Zap","Dualcast","All For One","Self Repair","Defragment+1","Sweeping Beam","Capacitor","Storm+1","Gash","Storm","Heatsinks","BootSequence","Doom and Gloom","Biased Cognition","Hyperbeam","Skim","Coolheaded","Leap","Redo","Coolheaded"],"relics":["Cracked Core","Smiling Mask","Bronze Scales","MawBank","Happy Flower","Busted Crown","Pen Nib","Ornamental Fan","Kunai","Peace Pipe","Bottled Flame"],"potions_floor_usage":[10,18,30,30,33,33],"damage_taken":[{"damage":1,"enemies":"Cultist","floor":1,"turns":3},{"damage":7,"enemies":"Jaw Worm","floor":2,"turns":3},{"damage":1,"enemies":"2 Louse","floor":3,"turns":2},{"damage":9,"enemies":"Exordium Wildlife","floor":5,"turns":4},{"damage":45,"enemies":"Lagavulin","floor":6,"turns":9},{"damage":13,"enemies":"Large Slime","floor":7,"turns":5},{"damage":14,"enemies":"Gremlin Nob","floor":10,"turns":3},{"damage":21,"enemies":"Blue Slaver","floor":12,"turns":3},{"damage":48,"enemies":"The Guardian","floor":16,"turns":8},{"damage":30,"enemies":"Chosen","floor":18,"turns":5},{"damage":29,"enemies":"Slavers","floor":23,"turns":3},{"damage":11,"enemies":"Spheric Guardian","floor":27,"turns":3},{"damage":17,"enemies":"Book of Stabbing","floor":28,"turns":4},{"damage":24,"enemies":"Colosseum Slavers","floor":30,"turns":3},{"damage":16,"enemies":"Colosseum Nobs","floor":30,"turns":3},{"damage":5,"enemies":"Centurion and Healer","floor":31,"turns":3},{"damage":48,"enemies":"Champ","floor":33,"turns":9}],"seed_played":"868337098666100008","potions_obtained":[{"floor":5,"key":"FairyPotion"},{"floor":7,"key":"Energy Potion"},{"floor":10,"key":"FearPotion"},{"floor":16,"key":"AttackPotion"},{"floor":23,"key":"Poison Potion"},{"floor":28,"key":"SkillPotion"},{"floor":30,"key":"FearPotion"},{"floor":31,"key":"Explosive Potion"}],"is_trial":false,"path_per_floor":["M","M","M","$","M","E","M","R","T","E","R","M","$","?","R","B",null,"M","?","$","?","$","E","R","$","T","M","E","R","?","M","R","B"],"character_chosen":"DEFECT","items_purchased":["Capacitor","Happy Flower","Doom and Gloom","Coolheaded","Leap","Redo"],"campfire_rested":4,"item_purchase_floors":[4,13,13,20,25,25],"current_hp_per_floor":[74,67,66,66,64,26,20,42,42,28,50,36,36,75,75,34,75,52,52,52,52,52,30,30,30,30,26,16,38,12,14,36,0],"gold":182,"neow_bonus":"ONE_RANDOM_RARE_CARD","is_prod":false,"is_daily":false,"chose_seed":false,"campfire_upgraded":2,"win_rate":0,"timestamp":1562908009,"path_taken":["M","M","M","$","M","E","?","R","T","E","R","M","$","?","R","BOSS","M","?","$","?","$","E","R","$","T","?","E","R","?","M","R","BOSS"],"build_version":"2019-07-05","purchased_purges":2,"victory":false,"max_hp_per_floor":[75,75,75,75,75,75,75,75,75,75,75,75,75,75,75,75,75,75,75,75,75,75,75,75,75,75,75,75,75,75,75,75,75],"card_choices":[{"not_picked":["Hologram","Streamline"],"picked":"Self Repair","floor":1},{"not_picked":["Chaos","Auto Shields"],"picked":"Defragment","floor":2},{"not_picked":["Barrage","Stack"],"picked":"Sweeping Beam","floor":3},{"not_picked":["Redo","Aggregate"],"picked":"Storm","floor":5},{"not_picked":["Turbo","Blizzard"],"picked":"Gash","floor":6},{"not_picked":["Turbo","Sweeping Beam"],"picked":"Storm","floor":7},{"not_picked":["Barrage","Self Repair"],"picked":"Heatsinks","floor":10},{"not_picked":["Beam Cell","Cold Snap"],"picked":"BootSequence","floor":12},{"not_picked":["Thunder Strike","Buffer"],"picked":"Biased Cognition","floor":16},{"not_picked":["Aggregate"],"picked":"SKIP","floor":18},{"not_picked":["Turbo"],"picked":"SKIP","floor":23},{"not_picked":["Sweeping Beam"],"picked":"SKIP","floor":27},{"not_picked":["Sunder"],"picked":"SKIP","floor":28},{"not_picked":[],"picked":"Coolheaded","floor":30},{"not_picked":["Go for the Eyes"],"picked":"SKIP","floor":31}],"player_experience":309347,"relics_obtained":[{"floor":6,"key":"Smiling Mask"},{"floor":9,"key":"Bronze Scales"},{"floor":10,"key":"MawBank"},{"floor":23,"key":"Pen Nib"},{"floor":26,"key":"Ornamental Fan"},{"floor":28,"key":"Kunai"},{"floor":30,"key":"Peace Pipe"},{"floor":30,"key":"Bottled Flame"}],"event_choices":[{"damage_healed":39,"gold_gain":0,"player_choice":"Full Heal","damage_taken":0,"max_hp_gain":0,"max_hp_loss":0,"event_name":"Wheel of Change","floor":14,"gold_loss":0},{"damage_healed":0,"gold_gain":0,"cards_transformed":["Strike_B","Strike_B"],"player_choice":"Became Test Subject","damage_taken":0,"max_hp_gain":0,"max_hp_loss":0,"event_name":"Drug Dealer","floor":19,"gold_loss":0,"cards_obtained":["Hyperbeam","Skim"]},{"damage_healed":0,"gold_gain":99,"player_choice":"Stole From Cult","damage_taken":0,"max_hp_gain":0,"max_hp_loss":0,"event_name":"Nest","floor":21,"gold_loss":0},{"damage_healed":0,"gold_gain":0,"player_choice":"Fight","damage_taken":0,"max_hp_gain":0,"max_hp_loss":0,"event_name":"Colosseum","floor":30,"gold_loss":0},{"damage_healed":0,"gold_gain":0,"player_choice":"Fought Nobs","damage_taken":0,"max_hp_gain":0,"max_hp_loss":0,"event_name":"Colosseum","floor":30,"gold_loss":0}],"is_beta":false,"boss_relics":[{"not_picked":["Calling Bell","Orrery"],"picked":"Busted Crown"}],"items_purged_floors":[20,22],"is_endless":false,"potions_floor_spawned":[5,7,10,16,23,28,30,31],"killed_by":"Champ","ascension_level":2}