{"gold_per_floor":[118,137,152,169,186,186,214,104,127,127,127,138,148,148,148,250,250,269,18,18,35,35,35,67,67,91,91,105,131,131,150,150,255,255,274,286,286,386,398,398],"floor_reached":40,"playtime":5317,"items_purged":["Strike_G","Strike_G"],"score":526,"play_id":"f0b2e636-040b-47ff-9fe6-b950111ad216","local_time":"20190730135849","is_ascension_mode":true,"campfire_choices":[{"data":"Bullet Time","floor":6,"key":"SMITH"},{"floor":11,"key":"REST"},{"data":"All Out Attack","floor":15,"key":"SMITH"},{"data":"Bouncing Flask","floor":23,"key":"SMITH"},{"data":"Corpse Explosion","floor":25,"key":"SMITH"},{"data":"Survivor","floor":27,"key":"SMITH"},{"data":"Blur","floor":30,"key":"SMITH"},{"floor":32,"key":"REST"}],"neow_cost":"NONE","seed_source_timestamp":783892218315387,"circlet_count":0,"master_deck":["Defend_G","Defend_G","Defend_G","Defend_G","Survivor+1","Neutralize","Bullet Time+1","Dagger Throw","All Out Attack+1","Deadly Poison+1","Acrobatics","Bane","Bouncing Flask+1","Skewer","Masterful Stab","Corpse Explosion+1","Dodge and Roll+1","A Thousand Cuts","Crippling Poison+1","Blur+1","Acrobatics+1","Backflip+1","Escape Plan"],"relics":["Ring of the Snake","Mercury Hourglass","Juzu Bracelet","WristBlade","Bag of Marbles","Vajra","War Paint","White Beast Statue","StoneCalendar"],"potions_floor_usage":[7,16,16,18,19,24,36,38,39,39,40],"damage_taken":[{"damage":0,"enemies":"Cultist","floor":1,"turns":4},{"damage":4,"enemies":"Small Slimes","floor":2,"turns":4},{"damage":3,"enemies":"2 Louse","floor":3,"turns":3},{"damage":20,"enemies":"Red Slaver","floor":4,"turns":5},{"damage":4,"enemies":"Large Slime","floor":5,"turns":5},{"damage":19,"enemies":"Gremlin Nob","floor":7,"turns":4},{"damage":0,"enemies":"Lots of Slimes","floor":12,"turns":1},{"damage":0,"enemies":"Looter","floor":13,"turns":3},{"damage":0,"enemies":"Slime Boss","floor":16,"turns":8},{"damage":0,"enemies":"3 Byrds","floor":18,"turns":2},{"damage":2,"enemies":"Shell Parasite","floor":21,"turns":3},{"damage":11,"enemies":"Slavers","floor":24,"turns":3},{"damage":10,"enemies":"Centurion and Healer","floor":28,"turns":3},{"damage":18,"enemies":"Book of Stabbing","floor":29,"turns":5},{"damage":13,"enemies":"Cultist and Chosen","floor":31,"turns":5},{"damage":47,"enemies":"Automaton","floor":33,"turns":11},{"damage":11,"enemies":"3 Shapes","floor":35,"turns":3},{"damage":11,"enemies":"3 Darklings","floor":36,"turns":3},{"damage":5,"enemies":"Mind Bloom Boss Battle","floor":38,"turns":6},{"damage":18,"enemies":"Transient","floor":39,"turns":5},{"damage":71,"enemies":"Reptomancer","floor":40,"turns":4}],"seed_played":"5145940345282622551","potions_obtained":[{"floor":2,"key":"Energy Potion"},{"floor":4,"key":"SkillPotion"},{"floor":5,"key":"Fire Potion"},{"floor":7,"key":"Energy Potion"},{"floor":12,"key":"Block Potion"},{"floor":13,"key":"PowerPotion"},{"floor":18,"key":"Fruit Juice"},{"floor":28,"key":"Strength Potion"},{"floor":33,"key":"Dexterity Potion"},{"floor":35,"key":"EssenceOfSteel"},{"floor":36,"key":"GhostInAJar"},{"floor":38,"key":"Block Potion"},{"floor":39,"key":"Poison Potion"}],"is_trial":false,"path_per_floor":["M","M","M","M","M","R","E","$","T","?","R","M","M","?","R","B",null,"M","$","?","M","?","R","E","R","T","R","M","E","R","M","R","B",null,"M","M","?","?","M","E"],"character_chosen":"THE_SILENT","items_purchased":["Bouncing Flask","Dodge and Roll","Fruit Juice"],"campfire_rested":2,"item_purchase_floors":[8,19,19],"current_hp_per_floor":[70,66,63,43,39,39,20,20,20,20,41,41,41,41,41,41,70,75,80,80,78,78,78,67,67,67,67,57,39,39,26,50,3,80,69,58,80,75,57,0],"gold":398,"neow_bonus":"ONE_RANDOM_RARE_CARD","is_prod":false,"is_daily":false,"chose_seed":false,"campfire_upgraded":6,"win_rate":0,"timestamp":1564513129,"path_taken":["M","M","M","?","M","R","E","$","T","?","R","M","M","?","R","BOSS","M","$","?","M","?","R","E","R","T","R","M","E","R","M","R","BOSS","M","M","?","?","M","E"],"build_version":"2019-07-17","purchased_purges":2,"victory":false,"max_hp_per_floor":[70,70,70,70,70,70,70,70,70,70,70,70,70,70,70,70,70,75,80,80,80,80,80,80,80,80,80,80,80,80,80,80,80,80,80,80,80,80,80,80],"card_choices":[{"not_picked":["Underhanded Strike","Bane"],"picked":"Dagger Throw","floor":1},{"not_picked":["PiercingWail","Outmaneuver","Doppelganger"],"picked":"SKIP","floor":2},{"not_picked":["Deflect","Blade Dance"],"picked":"All Out Attack","floor":3},{"not_picked":["Outmaneuver","Bane"],"picked":"Deadly Poison","floor":4},{"not_picked":["Dagger Throw","Deflect"],"picked":"Acrobatics","floor":5},{"not_picked":["Cloak And Dagger","Doppelganger"],"picked":"Bane","floor":7},{"not_picked":["Bane","Poisoned Stab"],"picked":"Skewer","floor":12},{"not_picked":["Deflect","Dagger Spray"],"picked":"Masterful Stab","floor":13},{"not_picked":["Die Die Die","Bullet Time"],"picked":"Corpse Explosion","floor":16},{"not_picked":["Dagger Throw+1","Acrobatics","Deadly Poison"],"picked":"SKIP","floor":18},{"not_picked":["Caltrops","Concentrate"],"picked":"Crippling Poison+1","floor":21},{"not_picked":["Deflect","Underhanded Strike","Storm of Steel"],"picked":"SKIP","floor":24},{"not_picked":["Blade Dance+1","Finisher","Dagger Throw"],"picked":"SKIP","floor":28},{"not_picked":["Sucker Punch","Underhanded Strike+1"],"picked":"Blur","floor":29},{"not_picked":["Infinite Blades","Skewer+1","All Out Attack"],"picked":"SKIP","floor":31},{"not_picked":["Heel Hook","Cloak And Dagger+1"],"picked":"Acrobatics+1","floor":35},{"not_picked":["Concentrate","Poisoned Stab"],"picked":"Backflip+1","floor":36},{"not_picked":["Heel Hook+1","Flechettes"],"picked":"Escape Plan","floor":38},{"not_picked":["Riddle With Holes+1","Bouncing Flask","Crippling Poison+1"],"picked":"SKIP","floor":39}],"player_experience":311812,"relics_obtained":[{"floor":7,"key":"Mercury Hourglass"},{"floor":9,"key":"Juzu Bracelet"},{"floor":24,"key":"Bag of Marbles"},{"floor":26,"key":"Vajra"},{"floor":29,"key":"War Paint"},{"floor":38,"key":"StoneCalendar"}],"event_choices":[{"cards_removed":["Strike_G"],"damage_healed":0,"gold_gain":0,"player_choice":"Forget","damage_taken":0,"max_hp_gain":0,"max_hp_loss":0,"event_name":"Living Wall","floor":10,"gold_loss":0},{"damage_healed":0,"gold_gain":0,"player_choice":"Got Potions","damage_taken":0,"max_hp_gain":0,"max_hp_loss":0,"event_name":"Lab","floor":14,"gold_loss":0},{"damage_healed":0,"gold_gain":0,"cards_transformed":["Strike_G","Strike_G"],"player_choice":"Became Test Subject","damage_taken":0,"max_hp_gain":0,"max_hp_loss":0,"event_name":"Drug Dealer","floor":20,"gold_loss":0,"cards_obtained":["Endless Agony","A Thousand Cuts"]},{"cards_removed":["Defend_G"],"damage_healed":0,"gold_gain":0,"player_choice":"Elegance","damage_taken":0,"max_hp_gain":0,"max_hp_loss":0,"event_name":"Back to Basics","floor":22,"gold_loss":0},{"cards_removed":["Endless Agony"],"damage_healed":22,"gold_gain":0,"player_choice":"Offered Uncommon","damage_taken":0,"max_hp_gain":0,"max_hp_loss":0,"event_name":"Bonfire Elementals","floor":37,"gold_loss":0},{"damage_healed":0,"gold_gain":0,"player_choice":"Fight","damage_taken":0,"max_hp_gain":0,"max_hp_loss":0,"event_name":"MindBloom","floor":38,"gold_loss":0}],"is_beta":false,"boss_relics":[{"not_picked":["Runic Dome","Ectoplasm"],"picked":"WristBlade"},{"not_picked":["Velvet Choker","Pandora\u0027s Box"],"picked":"White Beast Statue"}],"items_purged_floors":[8,19],"is_endless":false,"potions_floor_spawned":[2,4,5,7,12,13,18,28,33,35,36,38,39],"killed_by":"Reptomancer","ascension_level":2}