{"gold_per_floor":[115,115,125,2,18,52,52,227,227,238,238,238,271,335,335,439,439,453,71,71,71,71,71,97,97,97,97,97,112,12,60,60,159,159,172,172,72,87,105,105,140,140,140,21,21,56,70,83,83,83],"floor_reached":51,"playtime":2052,"items_purged":["Strike_R","Strike_R+1","Strike_R+1"],"score":1249,"play_id":"029b2cd7-6afb-4391-95cd-0378db417c83","local_time":"20190811114437","is_ascension_mode":true,"campfire_choices":[{"data":"Bash","floor":7,"key":"SMITH"},{"data":"Feed","floor":11,"key":"SMITH"},{"data":"Whirlwind","floor":15,"key":"SMITH"},{"data":"Limit Break","floor":23,"key":"SMITH"},{"data":"Demon Form","floor":25,"key":"SMITH"},{"data":"Feel No Pain","floor":28,"key":"SMITH"},{"floor":32,"key":"REST"},{"data":"Juggernaut","floor":40,"key":"SMITH"},{"data":"Infernal Blade","floor":42,"key":"SMITH"},{"data":"Corruption","floor":49,"key":"SMITH"}],"neow_cost":"NONE","seed_source_timestamp":63150071956000,"circlet_count":0,"master_deck":["AscendersBane","Strike_R+1","Defend_R+1","Defend_R+1","Defend_R+1","Defend_R+1","Bash+1","Clothesline","Cleave","Feed+1","True Grit","Feel No Pain+1","Impervious+1","Doubt","Infernal Blade+1","Whirlwind+1","Demon Form+1","Limit Break+1","Reaper","Flame Barrier+1","Injury","Armaments+1","Shrug It Off","Pain","Juggernaut+1","True Grit+1","Thunderclap+1","Rupture+1","Warcry+1","Sword Boomerang+1","Shame","Corruption+1","Sentinel","Ghostly Armor","Body Slam+1","Offering","Burning Pact+1","Battle Trance"],"relics":["Burning Blood","NeowsBlessing","Du-Vu Doll","Blue Candle","Oddly Smooth Stone","Singing Bowl","Cursed Key","Prayer Wheel","Matryoshka","The Courier","Bottled Lightning","Centennial Puzzle","Bag of Preparation","Philosopher\u0027s Stone","War Paint","Sundial","Shuriken","Smiling Mask"],"potions_floor_usage":[16,24,33,48,50],"damage_taken":[{"damage":0,"enemies":"Cultist","floor":1,"turns":1},{"damage":0,"enemies":"2 Louse","floor":3,"turns":2},{"damage":0,"enemies":"Small Slimes","floor":5,"turns":1},{"damage":28,"enemies":"3 Sentries","floor":6,"turns":10},{"damage":0,"enemies":"3 Louse","floor":10,"turns":2},{"damage":29,"enemies":"Lagavulin","floor":13,"turns":9},{"damage":16,"enemies":"3 Sentries","floor":14,"turns":7},{"damage":48,"enemies":"Slime Boss","floor":16,"turns":13},{"damage":1,"enemies":"Chosen","floor":18,"turns":5},{"damage":53,"enemies":"Slavers","floor":24,"turns":5},{"damage":11,"enemies":"Spheric Guardian","floor":29,"turns":4},{"damage":66,"enemies":"Automaton","floor":33,"turns":9},{"damage":3,"enemies":"3 Shapes","floor":35,"turns":5},{"damage":5,"enemies":"3 Darklings","floor":38,"turns":3},{"damage":43,"enemies":"Writhing Mass","floor":39,"turns":5},{"damage":49,"enemies":"Nemesis","floor":41,"turns":7},{"damage":23,"enemies":"Reptomancer","floor":46,"turns":6},{"damage":6,"enemies":"Spire Growth","floor":47,"turns":4},{"damage":14,"enemies":"Transient","floor":48,"turns":5},{"damage":39,"enemies":"Donu and Deca","floor":50,"turns":7}],"seed_played":"5829632894913238154","potions_obtained":[{"floor":10,"key":"FairyPotion"},{"floor":13,"key":"SpeedPotion"},{"floor":16,"key":"Weak Potion"},{"floor":24,"key":"Regen Potion"},{"floor":29,"key":"Dexterity Potion"},{"floor":35,"key":"SteroidPotion"},{"floor":47,"key":"PowerPotion"},{"floor":48,"key":"Weak Potion"}],"is_trial":false,"path_per_floor":["M","?","M","$","M","E","R","?","T","M","R","?","E","?","R","B",null,"M","$","?","?","$","R","E","R","T","?","R","M","$","T","R","B",null,"M","?","$","M","M","R","E","R","T","$","?","E","M","M","R","B",null],"character_chosen":"IRONCLAD","items_purchased":["Feed","True Grit","Limit Break","Reaper","Shrug It Off","Corruption","Sentinel"],"campfire_rested":1,"item_purchase_floors":[4,4,19,19,30,44,44],"current_hp_per_floor":[78,78,80,80,80,61,61,61,61,70,70,63,40,34,34,12,71,78,78,78,78,78,78,37,37,37,37,37,34,34,34,64,40,85,88,88,88,89,54,54,36,36,36,36,36,55,55,71,71,76],"gold":83,"neow_bonus":"THREE_ENEMY_KILL","is_prod":false,"is_daily":false,"chose_seed":false,"campfire_upgraded":9,"win_rate":0,"timestamp":1565538277,"path_taken":["M","?","?","$","M","E","R","?","T","M","R","?","E","?","R","BOSS","M","$","?","?","$","R","E","R","T","?","R","M","?","?","R","BOSS","M","?","$","M","?","R","E","R","T","$","?","E","M","M","R","BOSS"],"build_version":"2019-07-17","purchased_purges":3,"victory":true,"max_hp_per_floor":[80,80,80,80,80,83,83,83,83,86,86,86,86,90,90,90,90,92,92,92,92,92,92,98,98,98,98,98,100,100,100,100,100,100,100,100,100,100,102,102,104,104,104,104,104,104,104,104,104,104],"card_choices":[{"not_picked":["Heavy Blade","Searing Blow"],"picked":"Clothesline","floor":1},{"not_picked":["Flex","Sword Boomerang"],"picked":"Cleave","floor":3},{"not_picked":["Evolve","Cleave"],"picked":"Feel No Pain","floor":5},{"not_picked":["Pommel Strike","True Grit"],"picked":"Impervious","floor":6},{"not_picked":["Body Slam","Seeing Red"],"picked":"Infernal Blade","floor":10},{"not_picked":["Dropkick","Searing Blow","Anger"],"picked":"SKIP","floor":13},{"not_picked":["Rupture","Clash"],"picked":"Whirlwind","floor":14},{"not_picked":["Juggernaut","Berserk"],"picked":"Demon Form","floor":16},{"not_picked":["Sword Boomerang","Cleave","Perfected Strike"],"picked":"Singing Bowl","floor":18},{"not_picked":["Power Through","Brutality","Evolve+1"],"picked":"Singing Bowl","floor":24},{"not_picked":["Reckless Charge","Headbutt","Intimidate"],"picked":"Singing Bowl","floor":29},{"not_picked":["Shrug It Off+1","Twin Strike+1"],"picked":"Armaments+1","floor":29},{"not_picked":["Offering","Fiend Fire"],"picked":"Juggernaut","floor":33},{"not_picked":["Armaments+1","Clash+1"],"picked":"True Grit+1","floor":35},{"not_picked":["Berserk","Whirlwind+1"],"picked":"Thunderclap+1","floor":35},{"not_picked":["Clothesline+1","Pummel+1"],"picked":"Rupture+1","floor":38},{"not_picked":["Inflame+1","Perfected Strike"],"picked":"Warcry+1","floor":38},{"not_picked":["Thunderclap+1","Cleave","Inflame"],"picked":"Singing Bowl","floor":39},{"not_picked":["Clothesline+1","Warcry+1"],"picked":"Sword Boomerang+1","floor":39},{"not_picked":["Warcry","Clash","Sword Boomerang+1"],"picked":"Singing Bowl","floor":41},{"not_picked":["Bloodletting","Wild Strike"],"picked":"Ghostly Armor","floor":46},{"not_picked":["Armaments+1","Whirlwind+1"],"picked":"Body Slam+1","floor":47},{"not_picked":["Perfected Strike","Hemokinesis+1"],"picked":"Offering","floor":47},{"not_picked":["Havoc+1","Shrug It Off"],"picked":"Burning Pact+1","floor":48},{"not_picked":["Flex+1","Flame Barrier"],"picked":"Battle Trance","floor":48}],"player_experience":686437,"relics_obtained":[{"floor":6,"key":"Du-Vu Doll"},{"floor":9,"key":"Blue Candle"},{"floor":13,"key":"Oddly Smooth Stone"},{"floor":14,"key":"Singing Bowl"},{"floor":24,"key":"Matryoshka"},{"floor":26,"key":"The Courier"},{"floor":26,"key":"Bottled Lightning"},{"floor":31,"key":"Centennial Puzzle"},{"floor":31,"key":"Bag of Preparation"},{"floor":41,"key":"War Paint"},{"floor":43,"key":"Sundial"},{"floor":46,"key":"Smiling Mask"}],"event_choices":[{"damage_healed":0,"gold_gain":0,"player_choice":"0 cards matched","damage_taken":0,"max_hp_gain":0,"max_hp_loss":0,"event_name":"Match and Keep!","floor":2,"gold_loss":0,"cards_obtained":[]},{"damage_healed":0,"gold_gain":175,"player_choice":"AGREE","damage_taken":0,"max_hp_gain":0,"max_hp_loss":0,"event_name":"Liars Game","floor":8,"gold_loss":0,"cards_obtained":["Doubt"]},{"cards_removed":["Strike_R"],"damage_healed":0,"gold_gain":0,"player_choice":"Card Removal","damage_taken":7,"max_hp_gain":0,"max_hp_loss":0,"event_name":"Golden Wing","floor":12,"gold_loss":0},{"damage_healed":0,"gold_gain":30,"player_choice":"Searched \u00272\u0027 times","damage_taken":0,"max_hp_gain":0,"max_hp_loss":0,"event_name":"Dead Adventurer","floor":14,"gold_loss":0},{"damage_healed":0,"gold_gain":0,"player_choice":"Read","damage_taken":0,"max_hp_gain":0,"max_hp_loss":0,"event_name":"The Library","floor":20,"gold_loss":0,"cards_obtained":["Flame Barrier"]},{"damage_healed":0,"gold_gain":0,"player_choice":"Opened","damage_taken":0,"relics_obtained":["Prayer Wheel"],"max_hp_gain":0,"max_hp_loss":0,"event_name":"The Mausoleum","floor":21,"gold_loss":0},{"damage_healed":0,"gold_gain":0,"player_choice":"Simplicity","damage_taken":0,"max_hp_gain":0,"max_hp_loss":0,"event_name":"Back to Basics","floor":27,"gold_loss":0,"cards_upgraded":["Strike_R","Strike_R","Strike_R","Defend_R","Defend_R","Defend_R","Defend_R"]},{"damage_healed":0,"gold_gain":0,"player_choice":"Ignored","damage_taken":0,"max_hp_gain":0,"max_hp_loss":0,"event_name":"SecretPortal","floor":36,"gold_loss":0},{"damage_healed":0,"gold_gain":0,"player_choice":"Gave Potion","damage_taken":0,"relics_obtained":["Shuriken"],"max_hp_gain":0,"max_hp_loss":0,"event_name":"WeMeetAgain","floor":45,"gold_loss":0}],"is_beta":false,"boss_relics":[{"not_picked":["Empty Cage","Runic Dome"],"picked":"Cursed Key"},{"not_picked":["Mark of Pain","Black Star"],"picked":"Philosopher\u0027s Stone"}],"items_purged_floors":[19,30,37],"is_endless":false,"potions_floor_spawned":[10,13,16,24,29,35,47,48],"ascension_level":11}