{"gold_per_floor":[111,130,10,10,10,10,50,50,123,138,138,174,187,208,208,332,332,352,375,399,424,424],"floor_reached":22,"playtime":1030,"items_purged":["Strike_R"],"score":277,"play_id":"d22b7209-5b46-4489-9ba8-3b70003d3e9b","local_time":"20190727222632","is_ascension_mode":true,"campfire_choices":[{"data":"Whirlwind","floor":6,"key":"SMITH"},{"data":"Rampage","floor":8,"key":"SMITH"},{"data":"Flame Barrier","floor":11,"key":"SMITH"},{"data":"Armaments","floor":15,"key":"SMITH"}],"neow_cost":"NONE","seed_source_timestamp":546153056905500,"circlet_count":0,"master_deck":["Strike_R","Strike_R","Strike_R","Defend_R","Defend_R","Defend_R","Defend_R","Bash","Rampage+1","Whirlwind+1","Shrug It Off","Brutality","Shockwave","Flame Barrier+1","Shrug It Off","Burning Pact","Armaments+1","Feed","Spot Weakness","Headbutt+1","Clothesline+1"],"relics":["Burning Blood","Golden Idol","Potion Belt","Blue Candle","Ice Cream","Mark of Pain"],"potions_floor_usage":[16,18,21],"damage_taken":[{"damage":4,"enemies":"2 Louse","floor":1,"turns":6},{"damage":15,"enemies":"Cultist","floor":2,"turns":5},{"damage":30,"enemies":"Lagavulin","floor":7,"turns":5},{"damage":6,"enemies":"Small Slimes","floor":10,"turns":3},{"damage":25,"enemies":"3 Sentries","floor":12,"turns":5},{"damage":6,"enemies":"2 Fungi Beasts","floor":13,"turns":3},{"damage":2,"enemies":"Exordium Wildlife","floor":14,"turns":5},{"damage":24,"enemies":"Hexaghost","floor":16,"turns":15},{"damage":5,"enemies":"Chosen","floor":18,"turns":5},{"damage":14,"enemies":"2 Thieves","floor":19,"turns":4},{"damage":11,"enemies":"Centurion and Healer","floor":20,"turns":3},{"damage":46,"enemies":"3 Cultists","floor":21,"turns":5},{"damage":33,"enemies":"Cultist and Chosen","floor":22,"turns":4}],"seed_played":"1937909448997144828","potions_obtained":[{"floor":10,"key":"Explosive Potion"},{"floor":13,"key":"Weak Potion"},{"floor":16,"key":"Poison Potion"},{"floor":19,"key":"Strength Potion"},{"floor":20,"key":"Regen Potion"}],"is_trial":false,"path_per_floor":["M","M","$","?","?","R","E","R","T","M","R","E","M","M","R","B",null,"M","M","M","M","M"],"character_chosen":"IRONCLAD","items_purchased":["Shrug It Off"],"campfire_rested":0,"item_purchase_floors":[3],"current_hp_per_floor":[82,73,73,73,73,73,49,49,49,49,49,30,30,34,34,16,65,66,61,56,25,0],"gold":424,"neow_bonus":"TEN_PERCENT_HP_BONUS","is_prod":false,"is_daily":false,"chose_seed":false,"campfire_upgraded":4,"win_rate":0,"timestamp":1564280792,"path_taken":["M","M","$","?","?","R","E","R","T","M","R","E","M","M","R","BOSS","M","M","?","M","M"],"build_version":"2019-07-17","purchased_purges":1,"victory":false,"max_hp_per_floor":[88,88,88,81,81,81,81,81,81,81,81,81,81,81,81,81,81,81,84,84,84,84],"card_choices":[{"not_picked":["Headbutt","True Grit"],"picked":"Rampage","floor":1},{"not_picked":["Sentinel","Cleave"],"picked":"Whirlwind","floor":2},{"not_picked":["Body Slam","Searing Blow"],"picked":"Shockwave","floor":7},{"not_picked":["Flex","Metallicize"],"picked":"Flame Barrier","floor":10},{"not_picked":["Blood for Blood","Headbutt"],"picked":"Shrug It Off","floor":12},{"not_picked":["Heavy Blade","Wild Strike"],"picked":"Burning Pact","floor":13},{"not_picked":["Iron Wave","Thunderclap"],"picked":"Armaments","floor":14},{"not_picked":["Exhume","Reaper"],"picked":"Feed","floor":16},{"not_picked":["Searing Blow+1","Anger"],"picked":"Spot Weakness","floor":18},{"not_picked":["Havoc","Searing Blow"],"picked":"Headbutt+1","floor":19},{"not_picked":["Metallicize","Sentinel"],"picked":"Clothesline+1","floor":20},{"not_picked":["Clash","Heavy Blade","Anger"],"picked":"SKIP","floor":21}],"player_experience":554778,"relics_obtained":[{"floor":7,"key":"Potion Belt"},{"floor":9,"key":"Blue Candle"},{"floor":12,"key":"Ice Cream"}],"event_choices":[{"damage_healed":0,"gold_gain":0,"player_choice":"Lose Max HP","damage_taken":0,"relics_obtained":["Golden Idol"],"max_hp_gain":0,"max_hp_loss":7,"event_name":"Golden Idol","floor":4,"gold_loss":0},{"damage_healed":0,"gold_gain":0,"cards_transformed":["Strike_R"],"player_choice":"Transformed","damage_taken":0,"max_hp_gain":0,"max_hp_loss":0,"event_name":"Transmorgrifier","floor":5,"gold_loss":0,"cards_obtained":["Brutality"]}],"is_beta":false,"boss_relics":[{"not_picked":["Busted Crown","Tiny House"],"picked":"Mark of Pain"}],"items_purged_floors":[3],"is_endless":false,"potions_floor_spawned":[10,13,16,19,20],"killed_by":"Cultist and Chosen","ascension_level":8}