{"gold_per_floor":[119,138,138,138,155,184,194,194,194,42,42,75,86,104,104,200,200,200,200,17,17,17,17,17,17,17,17,17,17,17,17,17,17,17,17,17,17,17,17,17,17,17,17,17,17,17,0,0,0,0],"floor_reached":50,"playtime":2824,"items_purged":["Strike_G","Defend_G"],"score":785,"play_id":"786b69fe-a7cd-4d32-af55-cccb4a9121d7","local_time":"20190717092213","is_ascension_mode":true,"campfire_choices":[{"floor":11,"key":"REST"},{"data":"Leg Sweep","floor":15,"key":"SMITH"},{"data":"Well Laid Plans","floor":25,"key":"SMITH"},{"data":"1","floor":32,"key":"LIFT"},{"floor":40,"key":"REST"},{"floor":42,"key":"REST"},{"floor":49,"key":"REST"}],"neow_cost":"NONE","seed_source_timestamp":44605999368300,"circlet_count":0,"master_deck":["Strike_G","Strike_G","Defend_G","Defend_G","Defend_G","Survivor","Neutralize","A Thousand Cuts+1","PiercingWail","Well Laid Plans+1","Heel Hook","Dagger Spray","Blur","Leg Sweep+1","Dash","Backflip","Backflip","Quick Slash","After Image+1","Backflip+1","Accuracy+1","Blade Dance","A Thousand Cuts+1","Blade Dance+1","Deflect","Storm of Steel","Backstab","Deflect+1","Finisher","Terror","Blade Dance+1","Finesse"],"relics":["Ring of the Snake","PreservedInsect","Happy Flower","Frozen Egg 2","Ectoplasm","Tough Bandages","Peace Pipe","Girya","Lizard Tail","Bag of Marbles","Blue Candle","Omamori","Red Mask","Ninja Scroll"],"potions_floor_usage":[7,16,28,29,33,36,37,46],"damage_taken":[{"damage":1,"enemies":"Jaw Worm","floor":1,"turns":5},{"damage":3,"enemies":"2 Louse","floor":2,"turns":3},{"damage":3,"enemies":"Cultist","floor":5,"turns":4},{"damage":39,"enemies":"Lagavulin","floor":6,"turns":7},{"damage":0,"enemies":"Lots of Slimes","floor":7,"turns":1},{"damage":3,"enemies":"Gremlin Nob","floor":12,"turns":4},{"damage":0,"enemies":"2 Fungi Beasts","floor":13,"turns":3},{"damage":1,"enemies":"Exordium Wildlife","floor":14,"turns":4},{"damage":0,"enemies":"The Guardian","floor":16,"turns":14},{"damage":0,"enemies":"3 Byrds","floor":18,"turns":4},{"damage":4,"enemies":"Shell Parasite","floor":21,"turns":7},{"damage":0,"enemies":"3 Cultists","floor":22,"turns":5},{"damage":0,"enemies":"Book of Stabbing","floor":23,"turns":6},{"damage":4,"enemies":"Cultist and Chosen","floor":27,"turns":9},{"damage":0,"enemies":"Snake Plant","floor":28,"turns":2},{"damage":0,"enemies":"Centurion and Healer","floor":29,"turns":5},{"damage":0,"enemies":"Gremlin Leader","floor":31,"turns":6},{"damage":6,"enemies":"Automaton","floor":33,"turns":7},{"damage":0,"enemies":"Orb Walker","floor":35,"turns":5},{"damage":1,"enemies":"3 Shapes","floor":36,"turns":5},{"damage":52,"enemies":"Transient","floor":37,"turns":5},{"damage":0,"enemies":"Sphere and 2 Shapes","floor":38,"turns":4},{"damage":14,"enemies":"4 Shapes","floor":39,"turns":6},{"damage":16,"enemies":"Giant Head","floor":41,"turns":7},{"damage":13,"enemies":"Reptomancer","floor":46,"turns":4},{"damage":87,"enemies":"Time Eater","floor":50,"turns":9}],"seed_played":"5293002959343523051","potions_obtained":[{"floor":2,"key":"Explosive Potion"},{"floor":5,"key":"SpeedPotion"},{"floor":7,"key":"SkillPotion"},{"floor":14,"key":"Swift Potion"},{"floor":21,"key":"Energy Potion"},{"floor":23,"key":"GhostInAJar"},{"floor":24,"key":"SmokeBomb"},{"floor":35,"key":"Explosive Potion"},{"floor":36,"key":"EssenceOfSteel"},{"floor":41,"key":"Energy Potion"}],"is_trial":false,"path_per_floor":["M","M","?","?","M","E","M","?","T","$","R","E","M","M","R","B",null,"M","?","$","M","M","E","?","R","T","M","M","M","$","E","R","B",null,"M","M","M","M","M","R","E","R","T","?","?","E","?","T","R","B"],"character_chosen":"THE_SILENT","items_purchased":["Dash","Accuracy+1","Blade Dance"],"campfire_rested":4,"item_purchase_floors":[10,20,20],"current_hp_per_floor":[69,66,66,66,63,24,24,24,24,24,45,42,42,41,41,41,70,70,63,63,59,59,59,59,59,59,55,55,55,55,55,55,49,70,70,69,17,17,3,24,8,29,29,29,29,16,16,16,37,0],"gold":0,"neow_bonus":"ONE_RANDOM_RARE_CARD","is_prod":false,"is_daily":false,"chose_seed":false,"campfire_upgraded":2,"win_rate":0,"timestamp":1563369733,"path_taken":["M","M","?","?","?","E","?","?","T","$","R","E","M","?","R","BOSS","M","?","$","?","M","E","?","R","T","M","M","M","$","E","R","BOSS","M","M","?","M","M","R","E","R","T","?","?","E","?","?","R","BOSS"],"build_version":"2019-07-05","purchased_purges":2,"victory":false,"max_hp_per_floor":[70,70,70,70,70,70,70,70,70,70,70,70,70,70,70,70,70,70,70,70,70,70,70,70,70,70,70,70,70,70,70,70,70,70,70,70,70,70,70,70,70,70,70,70,70,70,70,70,70,70],"card_choices":[{"not_picked":["Dodge and Roll","Underhanded Strike"],"picked":"PiercingWail","floor":1},{"not_picked":["Terror","Outmaneuver"],"picked":"Well Laid Plans","floor":2},{"not_picked":["Tools of the Trade","Slice"],"picked":"Dagger Spray","floor":5},{"not_picked":["Flying Knee","Dagger Throw"],"picked":"Blur","floor":6},{"not_picked":["Sucker Punch","Blur"],"picked":"Leg Sweep","floor":7},{"not_picked":["Well Laid Plans","Sucker Punch"],"picked":"Backflip","floor":12},{"not_picked":["Well Laid Plans+1","Riddle With Holes"],"picked":"Backflip","floor":13},{"not_picked":["Expertise","Underhanded Strike"],"picked":"Quick Slash","floor":14},{"not_picked":["Phantasmal Killer","Wraith Form v2+1"],"picked":"After Image+1","floor":16},{"not_picked":["Dagger Throw+1","Bane+1"],"picked":"Backflip+1","floor":18},{"not_picked":["Bane","Deadly Poison","Tactician"],"picked":"SKIP","floor":21},{"not_picked":["Well Laid Plans+1","Sucker Punch","Underhanded Strike+1"],"picked":"SKIP","floor":22},{"not_picked":["Accuracy+1","Prepared","Riddle With Holes"],"picked":"SKIP","floor":23},{"not_picked":["Sucker Punch","Outmaneuver+1"],"picked":"A Thousand Cuts+1","floor":27},{"not_picked":["Finisher","Slice"],"picked":"Blade Dance+1","floor":29},{"not_picked":["Sucker Punch","Dagger Spray"],"picked":"Deflect","floor":31},{"not_picked":["Phantasmal Killer","Adrenaline"],"picked":"Storm of Steel","floor":33},{"not_picked":["Deflect","Skewer"],"picked":"Backstab","floor":35},{"not_picked":["Sucker Punch+1","PiercingWail+1"],"picked":"Deflect+1","floor":36},{"not_picked":["Slice","Heel Hook+1","Sucker Punch"],"picked":"SKIP","floor":37},{"not_picked":["Deflect","Prepared"],"picked":"Finisher","floor":38},{"not_picked":["Deflect+1","Endless Agony+1"],"picked":"Terror","floor":39},{"not_picked":["Dagger Throw+1","Dodge and Roll+1"],"picked":"Blade Dance+1","floor":41},{"not_picked":["Panacea","Madness"],"picked":"Finesse","floor":44},{"not_picked":["Finisher+1","Tactician","Eviscerate"],"picked":"SKIP","floor":46}],"player_experience":374098,"relics_obtained":[{"floor":6,"key":"PreservedInsect"},{"floor":9,"key":"Happy Flower"},{"floor":12,"key":"Frozen Egg 2"},{"floor":23,"key":"Tough Bandages"},{"floor":26,"key":"Peace Pipe"},{"floor":31,"key":"Girya"},{"floor":41,"key":"Bag of Marbles"},{"floor":43,"key":"Blue Candle"},{"floor":46,"key":"Omamori"},{"floor":48,"key":"Ninja Scroll"}],"event_choices":[{"damage_healed":0,"gold_gain":0,"player_choice":"Grow","damage_taken":0,"max_hp_gain":0,"max_hp_loss":0,"event_name":"Living Wall","floor":3,"gold_loss":0,"cards_upgraded":["A Thousand Cuts"]},{"damage_healed":0,"gold_gain":0,"cards_transformed":["Defend_G"],"player_choice":"Transformed","damage_taken":0,"max_hp_gain":0,"max_hp_loss":0,"event_name":"Transmorgrifier","floor":4,"gold_loss":0,"cards_obtained":["Heel Hook"]},{"cards_removed":["Strike_G"],"damage_healed":0,"gold_gain":0,"player_choice":"Purged","damage_taken":0,"max_hp_gain":0,"max_hp_loss":0,"event_name":"Purifier","floor":8,"gold_loss":0},{"damage_healed":0,"gold_gain":0,"player_choice":"","damage_taken":7,"max_hp_gain":0,"max_hp_loss":0,"event_name":"Knowing Skull","floor":19,"potions_obtained":[],"gold_loss":0,"cards_obtained":[]},{"damage_healed":0,"gold_gain":0,"player_choice":"Got Potions","damage_taken":0,"max_hp_gain":0,"max_hp_loss":0,"event_name":"Lab","floor":24,"gold_loss":0},{"damage_healed":0,"gold_gain":0,"player_choice":"Memory 1","damage_taken":0,"max_hp_gain":0,"max_hp_loss":0,"event_name":"SensoryStone","floor":44,"gold_loss":0},{"cards_removed":["Strike_G"],"damage_healed":0,"gold_gain":0,"player_choice":"Removed Attack","damage_taken":0,"max_hp_gain":0,"max_hp_loss":0,"event_name":"Falling","floor":45,"gold_loss":0},{"damage_healed":0,"gold_gain":0,"player_choice":"Paid","damage_taken":0,"relics_obtained":["Red Mask"],"max_hp_gain":0,"max_hp_loss":0,"event_name":"Tomb of Lord Red Mask","floor":47,"gold_loss":17}],"is_beta":false,"boss_relics":[{"not_picked":["Velvet Choker","Pandora\u0027s Box"],"picked":"Ectoplasm"},{"not_picked":["Busted Crown","HoveringKite"],"picked":"Lizard Tail"}],"items_purged_floors":[10,20],"is_endless":false,"potions_floor_spawned":[2,5,7,14,21,23,28,35,36,41],"killed_by":"Time Eater","ascension_level":4}