{"path_per_floor":["M","$","M","M","?","R","E","?","T","M","R","M","?","?","R"],"character_chosen":"IRONCLAD","items_purchased":[],"gold_per_floor":[111,111,129,148,148,148,181,181,253,267,267,283,283,283,283,283],"floor_reached":16,"campfire_rested":2,"playtime":1503,"item_purchase_floors":[],"current_hp_per_floor":[80,80,80,80,80,80,49,49,49,45,69,60,60,60,80,9],"items_purged":[],"gold":283,"score":100,"play_id":"ab002272-fae6-4377-bb49-c345d7b3cd81","local_time":"20180617094517","is_prod":false,"is_daily":false,"chose_seed":false,"is_ascension_mode":false,"campfire_upgraded":1,"win_rate":0.0,"timestamp":1529225117,"campfire_choices":[{"data":"Reckless Charge","floor":6,"key":"SMITH"},{"floor":11,"key":"REST"},{"floor":15,"key":"REST"}],"path_taken":["M","$","M","M","?","R","E","?","T","?","R","M","?","?","R","BOSS"],"build_version":"2018-06-14v2","seed_source_timestamp":224963292665064,"purchased_purges":0,"victory":false,"master_deck":["Strike_R","Strike_R","Strike_R","Strike_R","Strike_R","Defend_R","Defend_R","Defend_R","Defend_R","Bash","Reckless Charge+1","Rage","Rage","Twin Strike","Anger","Brutality","Writhe","Jack Of All Trades","Armaments","Power Through","Injury"],"max_hp_per_floor":[80,80,80,80,80,80,80,80,80,80,80,80,80,80,80,80],"relics":["Burning Blood","Orichalcum","Bottled Tornado","Golden Idol"],"card_choices":[{"not_picked":["Dropkick","Anger"],"picked":"Reckless Charge","floor":1},{"not_picked":["Perfected Strike","Anger"],"picked":"Iron Wave","floor":3},{"not_picked":["Disarm","Sever Soul"],"picked":"Rage","floor":4},{"not_picked":["Battle Trance","Headbutt"],"picked":"Twin Strike","floor":7},{"not_picked":["Entrench","Sever Soul"],"picked":"Armaments","floor":10},{"not_picked":["Flex","Shrug It Off"],"picked":"Power Through","floor":12}],"player_experience":22942,"potions_floor_usage":[],"damage_taken":[{"damage":2,"enemies":"Jaw Worm","floor":1,"turns":6},{"damage":1,"enemies":"Cultist","floor":3,"turns":3},{"damage":6,"enemies":"2 Louse","floor":4,"turns":3},{"damage":37,"enemies":"Lagavulin","floor":7,"turns":8},{"damage":10,"enemies":"Lots of Slimes","floor":10,"turns":6},{"damage":15,"enemies":"3 Louse","floor":12,"turns":6},{"damage":71,"enemies":"Slime Boss","floor":16,"turns":10}],"relics_obtained":[{"floor":7,"key":"Orichalcum"},{"floor":9,"key":"Bottled Tornado"}],"event_choices":[{"event_name":"Transmorgrifier","player_choice":"Transform","floor":5,"damage_taken":0},{"event_name":"Match and Keep!","player_choice":"4 cards matched","floor":8,"damage_taken":0},{"event_name":"Golden Idol","player_choice":"Take Wound","floor":13,"damage_taken":0},{"event_name":"Shining Light","player_choice":"Ignored","floor":14,"damage_taken":0}],"boss_relics":[],"items_purged_floors":[],"is_endless":false,"potions_floor_spawned":[1,10,12],"seed_played":"-7128197698854398403","killed_by":"Slime Boss","ascension_level":0,"potions_obtained":[{"floor":1,"key":"LiquidBronze"},{"floor":10,"key":"Block Potion"},{"floor":12,"key":"Poison Potion"}],"is_trial":false}