{"gold_per_floor":[110,129,142,27,43,73,73,85,112,128,128,128,146,166,166,292,292,286,307,38,63,63],"floor_reached":22,"playtime":2515,"items_purged":["Strike_G","Strike_G"],"score":221,"play_id":"8d2ecce5-73dc-46ab-9663-1c7ab7347da5","local_time":"20190804123323","is_ascension_mode":true,"campfire_choices":[{"floor":7,"key":"REST"},{"data":"Skewer","floor":12,"key":"SMITH"},{"floor":15,"key":"REST"}],"neow_cost":"NONE","seed_source_timestamp":103009151010790,"circlet_count":0,"master_deck":["Strike_G","Strike_G","Defend_G","Defend_G","Defend_G","Defend_G","Defend_G","Survivor","Neutralize","Quick Slash","Dagger Spray","Skewer+1","Well Laid Plans","Crippling Poison","Bouncing Flask","Bane","Injury","Backflip","Backflip","Burst","Blur","Dodge and Roll"],"relics":["Ring of the Snake","Mango","keyreminder:keyreminder","Potion Belt","Golden Idol","WristBlade","Blood Vial"],"potions_floor_usage":[6,16,16,16,21],"damage_taken":[{"damage":4,"enemies":"Small Slimes","floor":1,"turns":5},{"damage":3,"enemies":"Jaw Worm","floor":2,"turns":3},{"damage":0,"enemies":"Cultist","floor":3,"turns":3},{"damage":16,"enemies":"Lots of Slimes","floor":5,"turns":5},{"damage":35,"enemies":"Lagavulin","floor":6,"turns":8},{"damage":0,"enemies":"Large Slime","floor":8,"turns":6},{"damage":1,"enemies":"Exordium Wildlife","floor":10,"turns":3},{"damage":8,"enemies":"2 Fungi Beasts","floor":13,"turns":3},{"damage":6,"enemies":"Looter","floor":14,"turns":4},{"damage":17,"enemies":"Hexaghost","floor":16,"turns":9},{"damage":26,"enemies":"2 Thieves","floor":18,"turns":4},{"damage":9,"enemies":"Chosen","floor":19,"turns":5},{"damage":17,"enemies":"Snake Plant","floor":21,"turns":5},{"damage":48,"enemies":"Masked Bandits","floor":22,"turns":3}],"seed_played":"-3777551978970614169","potions_obtained":[{"floor":2,"key":"Energy Potion"},{"floor":5,"key":"PowerPotion"},{"floor":6,"key":"SpeedPotion"},{"floor":8,"key":"LiquidBronze"},{"floor":16,"key":"EssenceOfSteel"},{"floor":18,"key":"Swift Potion"}],"is_trial":false,"path_per_floor":["M","M","M","$","M","E","R","M","T","M","?","R","M","M","R","B",null,"M","M","$","M","?"],"character_chosen":"THE_SILENT","items_purchased":["Skewer","Dodge and Roll","Blood Vial"],"campfire_rested":2,"item_purchase_floors":[4,20,20],"current_hp_per_floor":[66,63,63,63,47,26,51,51,51,50,50,50,42,36,61,44,84,58,49,49,34,0],"gold":63,"neow_bonus":"REMOVE_CARD","is_prod":false,"is_daily":false,"chose_seed":false,"campfire_upgraded":1,"win_rate":0,"timestamp":1564940003,"path_taken":["M","M","M","$","M","E","R","M","T","M","?","R","M","M","R","BOSS","M","M","$","M","?"],"build_version":"2019-07-17","purchased_purges":2,"victory":false,"max_hp_per_floor":[70,70,70,70,70,84,84,84,84,84,84,84,84,84,84,84,84,84,84,84,84,84],"card_choices":[{"not_picked":["PiercingWail","Prepared"],"picked":"Quick Slash","floor":1},{"not_picked":["Caltrops","Underhanded Strike"],"picked":"Dagger Spray","floor":2},{"not_picked":["Riddle With Holes","Slice","Distraction"],"picked":"SKIP","floor":3},{"not_picked":["Infinite Blades","All Out Attack"],"picked":"Well Laid Plans","floor":5},{"not_picked":["Calculated Gamble","Accuracy"],"picked":"Crippling Poison","floor":6},{"not_picked":["Distraction","Underhanded Strike"],"picked":"Bouncing Flask","floor":8},{"not_picked":["Finisher","Noxious Fumes"],"picked":"Bane","floor":10},{"not_picked":["Dagger Throw","Flying Knee"],"picked":"Backflip","floor":13},{"not_picked":["Prepared","Accuracy"],"picked":"Backflip","floor":14},{"not_picked":["Tools of the Trade","Malaise"],"picked":"Burst","floor":16},{"not_picked":["Flying Knee","Choke","Dagger Throw+1"],"picked":"SKIP","floor":18},{"not_picked":["Finisher+1","Dagger Spray"],"picked":"Blur","floor":19},{"not_picked":["Reflex","Outmaneuver","Catalyst"],"picked":"SKIP","floor":21}],"player_experience":361216,"relics_obtained":[{"floor":6,"key":"Mango"},{"floor":9,"key":"Potion Belt"}],"event_choices":[{"damage_healed":0,"gold_gain":0,"player_choice":"Take Wound","damage_taken":0,"relics_obtained":["Golden Idol"],"max_hp_gain":0,"max_hp_loss":0,"event_name":"Golden Idol","floor":11,"gold_loss":0,"cards_obtained":["Injury"]},{"damage_healed":0,"gold_gain":0,"player_choice":"Fought Bandits","damage_taken":0,"max_hp_gain":0,"max_hp_loss":0,"event_name":"Masked Bandits","floor":22,"gold_loss":0}],"is_beta":false,"boss_relics":[{"not_picked":["Coffee Dripper","Runic Dome"],"picked":"WristBlade"}],"items_purged_floors":[4,20],"is_endless":false,"potions_floor_spawned":[2,5,6,8,16,18],"killed_by":"Masked Bandits","ascension_level":3}