{"gold_per_floor":[116,116,116,116,86,117,192,192,192,46,76,93,93,113,113,213,213,232,215,231,94,111,111,123,141,190,190,205,205,205,221,221,322,322,332,332,332,332,53,53,153,153,153,6,19,19,19,33,33,33],"floor_reached":51,"playtime":6467,"items_purged":["Strike_B","Strike_B"],"score":737,"play_id":"940c743f-5203-463e-9984-2f4376c1d043","local_time":"20190815155758","is_ascension_mode":true,"campfire_choices":[{"data":"Buffer","floor":8.0,"key":"SMITH"},{"floor":15.0,"key":"REST"},{"data":"Coolheaded","floor":23.0,"key":"SMITH"},{"floor":29,"key":"REST"},{"floor":32,"key":"REST"},{"data":"Glacier","floor":40,"key":"SMITH"},{"data":"Defragment","floor":46,"key":"SMITH"},{"data":"Capacitor","floor":49,"key":"SMITH"}],"neow_cost":"NONE","seed_source_timestamp":15367015412462,"circlet_count":0,"master_deck":["Strike_B","Defend_B","Defend_B","Defend_B+1","Defend_B+1","Zap","Dualcast","Buffer+1","Coolheaded+1","Go for the Eyes","Ball Lightning","Defragment+1","All For One","Cold Snap","Cold Snap","FTL","Genetic Algorithm","Go for the Eyes","Melter","Gash","Glacier+1","Buffer+1","Capacitor+1","Go for the Eyes","Flash of Steel","Redo+1"],"special_seed":0,"relics":["Cracked Core","Juzu Bracelet","Bag of Marbles","Bottled Tornado","Odd Mushroom","Sozu","Lantern","Enchiridion","Busted Crown","Bronze Scales","Torii","Letter Opener","Oddly Smooth Stone"],"potions_floor_usage":[],"damage_taken":[{"damage":0.0,"enemies":"Cultist","floor":1.0,"turns":3.0},{"damage":29.0,"enemies":"Lagavulin","floor":6.0,"turns":8.0},{"damage":26.0,"enemies":"The Mushroom Lair","floor":11.0,"turns":7.0},{"damage":2.0,"enemies":"Small Slimes","floor":12.0,"turns":4.0},{"damage":0.0,"enemies":"2 Louse","floor":14.0,"turns":2.0},{"damage":50.0,"enemies":"Slime Boss","floor":16.0,"turns":13.0},{"damage":5.0,"enemies":"Chosen","floor":18.0,"turns":5.0},{"damage":7.0,"enemies":"2 Thieves","floor":19.0,"turns":4.0},{"damage":7.0,"enemies":"Snecko","floor":20.0,"turns":7.0},{"damage":0.0,"enemies":"Shelled Parasite and Fungi","floor":22.0,"turns":6.0},{"damage":11.0,"enemies":"Sentry and Sphere","floor":24.0,"turns":6.0},{"damage":0.0,"enemies":"Centurion and Healer","floor":25.0,"turns":8.0},{"damage":25,"enemies":"Shelled Parasite and Fungi","floor":28,"turns":5},{"damage":0,"enemies":"Snake Plant","floor":31,"turns":5},{"damage":11,"enemies":"Champ","floor":33,"turns":13},{"damage":6,"enemies":"3 Shapes","floor":35,"turns":5},{"damage":0,"enemies":"Mind Bloom Boss Battle","floor":41,"turns":6},{"damage":0,"enemies":"3 Darklings","floor":45,"turns":5},{"damage":0,"enemies":"Maw","floor":48,"turns":9},{"damage":22,"enemies":"Awakened One","floor":50,"turns":19}],"seed_played":"-5461002590323332234","potions_obtained":[{"floor":1.0,"key":"Regen Potion"},{"floor":5.0,"key":"FairyPotion"},{"floor":5.0,"key":"Regen Potion"},{"floor":11.0,"key":"Strength Potion"}],"is_trial":false,"path_per_floor":["M","?","?","?","?","E","?","R","T","$","?","M","$","M","R","B",null,"M","M","M","$","M","R","M","M","T","?","M","R","?","M","R","B",null,"M","?","?","?","$","R","?","?","T","$","M","R","$","M","R","B",null],"character_chosen":"DEFECT","items_purchased":["Coolheaded","Go for the Eyes","FTL","Capacitor","Bronze Scales","Go for the Eyes","Oddly Smooth Stone"],"campfire_rested":3,"item_purchase_floors":[10,10,21,39,39,39,44],"current_hp_per_floor":[82,70,54,81,81,66,55,55,55,55,44,42,42,42,66,16,82,77,70,63,63,63,63,52,52,52,36,11,35,35,35,59,48,82,76,76,76,76,76,76,76,76,76,76,76,76,76,76,76,54],"gold":33,"neow_bonus":"TEN_PERCENT_HP_BONUS","is_prod":false,"is_daily":false,"chose_seed":false,"campfire_upgraded":5,"win_rate":0,"timestamp":1565881078,"path_taken":["M","?","?","?","?","E","?","R","T","$","?","M","?","M","R","BOSS","M","M","M","$","M","R","M","M","T","?","M","R","?","M","R","BOSS","M","?","?","?","$","R","?","?","T","?","M","R","$","M","R","BOSS"],"build_version":"2019-07-17","purchased_purges":2,"victory":true,"max_hp_per_floor":[82,82,82,82,82,82,82,82,82,82,82,82,82,82,82,82,82,82,82,82,82,82,82,82,82,82,82,82,82,82,82,82,82,82,82,82,82,82,82,82,82,82,82,82,82,82,82,82,82,82],"card_choices":[{"not_picked":["Double Energy","Sweeping Beam","Barrage"],"picked":"SKIP","floor":1.0},{"not_picked":["Rebound","Turbo"],"picked":"Buffer","floor":6.0},{"not_picked":["Scrape","Steam"],"picked":"Ball Lightning","floor":12.0},{"not_picked":["White Noise","Double Energy"],"picked":"Defragment","floor":14.0},{"not_picked":["Fission","Amplify"],"picked":"All For One","floor":16.0},{"not_picked":["Steam+1","Ball Lightning"],"picked":"Cold Snap","floor":18.0},{"not_picked":["Defragment","Aggregate"],"picked":"Cold Snap","floor":19.0},{"not_picked":["Storm+1","Barrage+1","Rebound"],"picked":"SKIP","floor":20.0},{"not_picked":["Conserve Battery","Rebound+1"],"picked":"Genetic Algorithm","floor":22.0},{"not_picked":["Recycle","Storm","Rebound+1"],"picked":"SKIP","floor":24.0},{"not_picked":["Beam Cell+1","Redo+1"],"picked":"Go for the Eyes","floor":25.0},{"not_picked":["Rebound","Multi-Cast"],"picked":"Melter","floor":28},{"not_picked":["Consume","Stack"],"picked":"Gash","floor":31},{"not_picked":[],"picked":"Glacier","floor":35},{"not_picked":[],"picked":"Flash of Steel","floor":42},{"not_picked":["Steam+1"],"picked":"SKIP","floor":45},{"not_picked":["Steam+1"],"picked":"SKIP","floor":45},{"not_picked":[],"picked":"Redo+1","floor":48}],"player_experience":375491,"relics_obtained":[{"floor":6.0,"key":"Bag of Marbles"},{"floor":9.0,"key":"Bottled Tornado"},{"floor":11.0,"key":"Odd Mushroom"},{"floor":26.0,"key":"Lantern"},{"floor":27,"key":"Enchiridion"},{"floor":41,"key":"Torii"},{"floor":43,"key":"Letter Opener"}],"event_choices":[{"damage_healed":0.0,"max_hp_gain":0.0,"max_hp_loss":0.0,"gold_gain":0.0,"event_name":"Scrap Ooze","player_choice":"Success","floor":2.0,"gold_loss":0.0,"damage_taken":12.0,"relics_obtained":["Juzu Bracelet"]},{"damage_healed":0.0,"max_hp_gain":0.0,"max_hp_loss":0.0,"gold_gain":0.0,"event_name":"Shining Light","player_choice":"Entered Light","floor":3.0,"gold_loss":0.0,"damage_taken":16.0,"cards_upgraded":["Defend_B","Defend_B"]},{"damage_healed":27.0,"max_hp_gain":0.0,"max_hp_loss":0.0,"gold_gain":0.0,"event_name":"Big Fish","player_choice":"Banana","floor":4.0,"gold_loss":0.0,"damage_taken":0.0},{"damage_healed":0.0,"max_hp_gain":0.0,"max_hp_loss":0.0,"gold_gain":0.0,"event_name":"The Woman in Blue","player_choice":"Bought 2 Potions","floor":5.0,"gold_loss":0.0,"damage_taken":0.0},{"damage_healed":0.0,"max_hp_gain":0.0,"max_hp_loss":0.0,"gold_gain":75.0,"event_name":"World of Goop","player_choice":"Gather Gold","floor":7.0,"gold_loss":0.0,"damage_taken":11.0},{"damage_healed":0.0,"max_hp_gain":0.0,"max_hp_loss":0.0,"gold_gain":0.0,"event_name":"Mushrooms","player_choice":"Fought Mushrooms","floor":11.0,"gold_loss":0.0,"damage_taken":0.0},{"damage_healed":0,"gold_gain":0,"player_choice":"Obtained Book","damage_taken":16,"max_hp_gain":0,"max_hp_loss":0,"event_name":"Cursed Tome","floor":27,"gold_loss":0},{"cards_removed":["Strike_B"],"damage_healed":0,"gold_gain":0,"player_choice":"Elegance","damage_taken":0,"max_hp_gain":0,"max_hp_loss":0,"event_name":"Back to Basics","floor":30,"gold_loss":0},{"damage_healed":0,"gold_gain":0,"player_choice":"Copied","damage_taken":0,"max_hp_gain":0,"max_hp_loss":0,"event_name":"Duplicator","floor":36,"gold_loss":0,"cards_obtained":["Buffer"]},{"damage_healed":0,"gold_gain":0,"player_choice":"Ignored","damage_taken":0,"max_hp_gain":0,"max_hp_loss":0,"event_name":"Tomb of Lord Red Mask","floor":37,"gold_loss":0},{"damage_healed":0,"gold_gain":0,"player_choice":"Ignored","damage_taken":0,"max_hp_gain":0,"max_hp_loss":0,"event_name":"Mysterious Sphere","floor":38,"gold_loss":0},{"damage_healed":0,"gold_gain":0,"player_choice":"Fight","damage_taken":0,"max_hp_gain":0,"max_hp_loss":0,"event_name":"MindBloom","floor":41,"gold_loss":0},{"damage_healed":0,"gold_gain":0,"player_choice":"Memory 1","damage_taken":0,"max_hp_gain":0,"max_hp_loss":0,"event_name":"SensoryStone","floor":42,"gold_loss":0}],"is_beta":false,"boss_relics":[{"not_picked":["FrozenCore","Velvet Choker"],"picked":"Sozu"},{"not_picked":["Calling Bell","Runic Pyramid"],"picked":"Busted Crown"}],"items_purged_floors":[10,21],"is_endless":false,"potions_floor_spawned":[1,11,19,24,25,28,31,41,45],"ascension_level":4}