{"gold_per_floor":[116,126,145,145,21,50,50,85,85,101,101,114,114,130,130,225,225,245,16,34,34,44,44,61,79,155,155],"floor_reached":27,"playtime":3302,"items_purged":["Strike_R"],"score":284,"play_id":"2d63376f-d8b1-4dd1-8604-14c43ee0e827","local_time":"20190806103554","is_ascension_mode":true,"campfire_choices":[{"data":"Whirlwind","floor":7,"key":"SMITH"},{"data":"Ghostly Armor","floor":11,"key":"SMITH"},{"data":"Iron Wave","floor":15,"key":"SMITH"},{"data":"Reaper","floor":23,"key":"SMITH"}],"neow_cost":"NONE","seed_source_timestamp":267972537568107,"circlet_count":0,"master_deck":["Strike_R","Strike_R","Defend_R","Defend_R","Defend_R","Defend_R","Bash","Iron Wave+1","Hemokinesis","Rampage","Whirlwind+1","Ghostly Armor+1","Reaper+1","Metallicize+1","Thunderclap","Ghostly Armor"],"relics":["Burning Blood","Potion Belt","Meat on the Bone","Dream Catcher","Runic Pyramid","Red Skull","Self Forming Clay"],"potions_floor_usage":[6,8,10,16,16,20,22],"damage_taken":[{"damage":5,"enemies":"2 Louse","floor":1,"turns":3},{"damage":3,"enemies":"Jaw Worm","floor":2,"turns":5},{"damage":4,"enemies":"Cultist","floor":3,"turns":3},{"damage":19,"enemies":"Gremlin Nob","floor":6,"turns":4},{"damage":5,"enemies":"3 Sentries","floor":8,"turns":2},{"damage":3,"enemies":"Exordium Wildlife","floor":10,"turns":3},{"damage":10,"enemies":"2 Fungi Beasts","floor":12,"turns":3},{"damage":0,"enemies":"Blue Slaver","floor":14,"turns":4},{"damage":70,"enemies":"Hexaghost","floor":16,"turns":15},{"damage":43,"enemies":"2 Thieves","floor":18,"turns":5},{"damage":18,"enemies":"Spheric Guardian","floor":20,"turns":5},{"damage":20,"enemies":"Snake Plant","floor":22,"turns":5},{"damage":33,"enemies":"Chosen and Byrds","floor":24,"turns":7},{"damage":35,"enemies":"Snecko","floor":25,"turns":7},{"damage":34,"enemies":"Snake Plant","floor":27,"turns":3}],"seed_played":"-5391047580478510232","potions_obtained":[{"floor":1,"key":"FearPotion"},{"floor":2,"key":"SteroidPotion"},{"floor":10,"key":"SteroidPotion"},{"floor":12,"key":"Weak Potion"},{"floor":16,"key":"AttackPotion"},{"floor":18,"key":"Weak Potion"}],"is_trial":false,"path_per_floor":["M","M","M","?","$","E","R","E","T","M","R","M","?","M","R","B",null,"M","$","M","$","M","R","M","M","T","M"],"character_chosen":"IRONCLAD","items_purchased":["Rampage","Block Potion","Red Skull"],"campfire_rested":0,"item_purchase_floors":[5,5,19],"current_hp_per_floor":[80,80,80,80,80,67,67,68,68,71,71,67,67,73,73,21,65,48,48,48,48,51,51,43,26,26,0],"gold":155,"neow_bonus":"TRANSFORM_CARD","is_prod":false,"is_daily":false,"chose_seed":false,"campfire_upgraded":4,"win_rate":0,"timestamp":1565105754,"path_taken":["M","M","M","?","$","E","R","E","T","M","R","M","?","M","R","BOSS","M","$","M","?","M","R","M","M","T","M"],"build_version":"2019-07-17","purchased_purges":1,"victory":false,"max_hp_per_floor":[80,80,80,80,80,80,80,80,80,80,80,80,80,80,80,80,80,80,80,80,80,80,80,80,80,80,80],"card_choices":[{"not_picked":["Combust","Flex","Infernal Blade"],"picked":"SKIP","floor":1},{"not_picked":["Pummel","Disarm"],"picked":"Hemokinesis","floor":2},{"not_picked":["Iron Wave","Warcry","Evolve"],"picked":"SKIP","floor":3},{"not_picked":["Sever Soul","Sword Boomerang"],"picked":"Whirlwind","floor":6},{"not_picked":["Clash","Cleave","Body Slam"],"picked":"SKIP","floor":8},{"not_picked":["Inflame","Thunderclap"],"picked":"Ghostly Armor","floor":10},{"not_picked":["Clothesline","Cleave","Iron Wave"],"picked":"SKIP","floor":12},{"not_picked":["Thunderclap","Clothesline","Sentinel"],"picked":"SKIP","floor":14},{"not_picked":["Limit Break","Berserk"],"picked":"Reaper","floor":16},{"not_picked":["Combust","Thunderclap+1"],"picked":"Metallicize+1","floor":18},{"not_picked":["Body Slam","Whirlwind+1"],"picked":"Thunderclap","floor":20},{"not_picked":["Havoc","Body Slam","Warcry"],"picked":"SKIP","floor":22},{"not_picked":["Spot Weakness","Thunderclap","Heavy Blade"],"picked":"SKIP","floor":24},{"not_picked":["Flex","Wild Strike"],"picked":"Ghostly Armor","floor":25}],"player_experience":372454,"relics_obtained":[{"floor":6,"key":"Potion Belt"},{"floor":8,"key":"Meat on the Bone"},{"floor":9,"key":"Dream Catcher"},{"floor":26,"key":"Self Forming Clay"}],"event_choices":[{"damage_healed":0,"gold_gain":0,"player_choice":"Ignored","damage_taken":0,"max_hp_gain":0,"max_hp_loss":0,"event_name":"Shining Light","floor":4,"gold_loss":0},{"cards_removed":["Strike_R"],"damage_healed":0,"gold_gain":0,"player_choice":"Purged","damage_taken":0,"max_hp_gain":0,"max_hp_loss":0,"event_name":"Purifier","floor":13,"gold_loss":0}],"is_beta":false,"boss_relics":[{"not_picked":["Runic Dome","Runic Cube"],"picked":"Runic Pyramid"}],"items_purged_floors":[19],"is_endless":false,"potions_floor_spawned":[1,2,10,12,16,18],"killed_by":"Snake Plant","ascension_level":5}