{"path_per_floor":["M","M","M","M","M","R","$","?","T","?","M"],"character_chosen":"THE_SILENT","items_purchased":[],"gold_per_floor":[109,126,139,157,176,176,176,176,176,176,195,195],"floor_reached":12,"campfire_rested":1,"playtime":1049,"item_purchase_floors":[],"current_hp_per_floor":[63,63,58,41,1,22,22,22,22,22,20,0],"items_purged":[],"gold":195,"score":72,"play_id":"66341c44-d361-4603-87c8-f60e029dbcc1","local_time":"20180615235151","is_prod":false,"is_daily":false,"chose_seed":false,"is_ascension_mode":false,"campfire_upgraded":0,"win_rate":0.0,"timestamp":1529103111,"campfire_choices":[{"floor":6,"key":"REST"}],"path_taken":["M","M","M","M","M","R","$","?","T","?","M","E"],"build_version":"2018-06-14v2","seed_source_timestamp":103379560595778,"purchased_purges":0,"victory":false,"master_deck":["Defend_G","Defend_G","Defend_G","Defend_G","Defend_G","Strike_G","Strike_G","Strike_G","Strike_G","Strike_G","Survivor","Neutralize","Dagger Spray+1","Outmaneuver","Acrobatics","Backstab","PiercingWail","Normality","Terror"],"max_hp_per_floor":[70,70,70,70,70,70,70,70,70,70,70,70],"relics":["Ring of the Snake","Snake Skull","Juzu Bracelet"],"card_choices":[{"not_picked":["Dodge and Roll","Underhanded Strike"],"picked":"Dagger Spray","floor":1},{"not_picked":["Heel Hook","Slice"],"picked":"Outmaneuver","floor":2},{"not_picked":["Endless Agony","Prepared"],"picked":"Acrobatics","floor":3},{"not_picked":["Underhanded Strike","Unload"],"picked":"Backstab","floor":4},{"not_picked":["Calculated Gamble","Sucker Punch"],"picked":"PiercingWail","floor":5},{"not_picked":["Noxious Fumes","Deflect"],"picked":"Terror","floor":11}],"player_experience":2340,"potions_floor_usage":[],"damage_taken":[{"damage":7,"enemies":"2 Louse","floor":1,"turns":4},{"damage":0,"enemies":"Cultist","floor":2,"turns":4},{"damage":5,"enemies":"Small Slimes","floor":3,"turns":3},{"damage":17,"enemies":"3 Louse","floor":4,"turns":3},{"damage":40,"enemies":"Exordium Thugs","floor":5,"turns":6},{"damage":2,"enemies":"2 Fungi Beasts","floor":11,"turns":5},{"damage":26,"enemies":"Lagavulin","floor":12,"turns":6}],"relics_obtained":[{"floor":9,"key":"Juzu Bracelet"}],"event_choices":[{"event_name":"Accursed Blacksmith","player_choice":"Rummage","floor":8,"damage_taken":0},{"event_name":"Living Wall","player_choice":"Grow","floor":10,"damage_taken":0}],"boss_relics":[],"items_purged_floors":[],"is_endless":false,"potions_floor_spawned":[4,5],"seed_played":"2571200799775127809","killed_by":"Lagavulin","ascension_level":0,"potions_obtained":[{"floor":4,"key":"LiquidBronze"},{"floor":5,"key":"Dexterity Potion"}],"is_trial":false}