{"gold_per_floor":[212,287,147,157,257,257,283,283,307,321,321,28,59,77,77,77],"floor_reached":16,"playtime":771,"items_purged":["Strike_R"],"score":151,"play_id":"88060a2c-45b3-4285-90f3-f1ebf20170c5","local_time":"20190725190151","is_ascension_mode":true,"campfire_choices":[{"data":"True Grit","floor":6,"key":"SMITH"},{"floor":8,"key":"REST"},{"data":"Warcry","floor":11,"key":"SMITH"},{"floor":15,"key":"REST"}],"neow_cost":"NONE","seed_source_timestamp":361324423309800,"circlet_count":0,"master_deck":["Strike_R","Strike_R","Strike_R","Strike_R","Defend_R","Defend_R","Defend_R+1","Defend_R+1","Bash","True Grit+1","Spot Weakness","Warcry+1","Shockwave","Bloodletting"],"relics":["Burning Blood","Bag of Marbles","Dodecahedron","War Paint","Bag of Preparation","Centennial Puzzle"],"potions_floor_usage":[16,16],"damage_taken":[{"damage":6,"enemies":"2 Louse","floor":1,"turns":4},{"damage":2,"enemies":"Small Slimes","floor":4,"turns":4},{"damage":47,"enemies":"3 Sentries","floor":7,"turns":15},{"damage":3,"enemies":"Cultist","floor":10,"turns":5},{"damage":50,"enemies":"Lagavulin","floor":13,"turns":10},{"damage":0,"enemies":"Blue Slaver","floor":14,"turns":6},{"damage":39,"enemies":"Hexaghost","floor":16,"turns":11}],"seed_played":"2329897665357669500","potions_obtained":[{"floor":7,"key":"SteroidPotion"},{"floor":10,"key":"Swift Potion"},{"floor":13,"key":"Dexterity Potion"}],"is_trial":false,"path_per_floor":["M","?","?","M","?","R","E","R","T","M","R","$","E","M","R","B"],"character_chosen":"IRONCLAD","items_purchased":["Bag of Preparation","Shockwave"],"campfire_rested":2,"item_purchase_floors":[12,12],"current_hp_per_floor":[72,61,61,65,65,65,24,48,48,51,51,51,7,13,37,0],"gold":77,"neow_bonus":"HUNDRED_GOLD","is_prod":false,"is_daily":false,"chose_seed":false,"campfire_upgraded":2,"win_rate":0,"timestamp":1564095711,"path_taken":["M","?","?","?","?","R","E","R","T","M","R","$","E","M","R","BOSS"],"build_version":"2019-07-17","purchased_purges":1,"victory":false,"max_hp_per_floor":[80,80,80,80,80,80,80,80,80,80,80,80,80,80,80,80],"card_choices":[{"not_picked":["Havoc","Ghostly Armor"],"picked":"True Grit","floor":1},{"not_picked":["Corruption","Power Through","Iron Wave"],"picked":"SKIP","floor":4},{"not_picked":["Inflame","Combust"],"picked":"Spot Weakness","floor":7},{"not_picked":["Havoc","Seeing Red"],"picked":"Warcry","floor":10},{"not_picked":["Reckless Charge","Second Wind","Clash"],"picked":"SKIP","floor":13},{"not_picked":["Flex","Blood for Blood"],"picked":"Bloodletting","floor":14}],"player_experience":511521,"relics_obtained":[{"floor":7,"key":"Dodecahedron"},{"floor":9,"key":"War Paint"},{"floor":13,"key":"Centennial Puzzle"}],"event_choices":[{"damage_healed":0,"gold_gain":75,"player_choice":"Gather Gold","damage_taken":11,"max_hp_gain":0,"max_hp_loss":0,"event_name":"World of Goop","floor":2,"gold_loss":0},{"damage_healed":0,"gold_gain":0,"player_choice":"Paid Gold","damage_taken":0,"relics_obtained":["Bag of Marbles"],"max_hp_gain":0,"max_hp_loss":0,"event_name":"WeMeetAgain","floor":3,"gold_loss":140},{"damage_healed":0,"gold_gain":100,"player_choice":"Gold","damage_taken":0,"max_hp_gain":0,"max_hp_loss":0,"event_name":"Wheel of Change","floor":5,"gold_loss":0}],"is_beta":false,"boss_relics":[],"items_purged_floors":[12],"is_endless":false,"potions_floor_spawned":[7,10,13],"killed_by":"Hexaghost","ascension_level":8}