{"gold_per_floor":[110,110,121,121,72,101,101,33,80,90,105,124,199,212,212,315,315,332,332,34,34,34,34,64,64,64,81,35,54,67,67,67,67],"floor_reached":33,"playtime":2712,"items_purged":[],"score":265,"play_id":"a814d88c-a3ae-4728-a1ae-559ae1a86342","local_time":"20180624192754","is_ascension_mode":false,"campfire_choices":[{"floor":7,"key":"REST"},{"floor":15,"key":"REST"},{"floor":23,"key":"REST"},{"floor":25,"key":"DIG"},{"floor":32,"key":"REST"}],"neow_cost":"NONE","seed_source_timestamp":491811046230717,"circlet_count":0,"master_deck":["Strike_R+1","Strike_R+1","Strike_R+1","Strike_R+1","Strike_R+1","Defend_R+1","Defend_R+1","Defend_R+1","Defend_R+1","Bash","Carnage+1","Sword Boomerang+1","Cleave+1","Iron Wave+1","Bludgeon+1","Intimidate","Uppercut+1","Twin Strike+1","Flame Barrier","Bludgeon+1","Flame Barrier","Clothesline+1","Impervious","Headbutt+1","Reckless Charge+1","Flame Barrier"],"relics":["Burning Blood","Molten Egg 2","Gambling Chip","Vajra","Black Star","Enchiridion","Mango","Calipers","Shovel","Torii","Whetstone","Magic Flower"],"potions_floor_usage":[1,1,3,6,16,27,30],"damage_taken":[{"damage":3,"enemies":"Small Slimes","floor":1,"turns":3},{"damage":6,"enemies":"Jaw Worm","floor":3,"turns":4},{"damage":16,"enemies":"Gremlin Nob","floor":6,"turns":4},{"damage":0,"enemies":"2 Louse","floor":10,"turns":2},{"damage":12,"enemies":"Blue Slaver","floor":11,"turns":2},{"damage":3,"enemies":"Large Slime","floor":12,"turns":4},{"damage":8,"enemies":"Red Slaver","floor":14,"turns":3},{"damage":30,"enemies":"Slime Boss","floor":16,"turns":11},{"damage":0,"enemies":"Spheric Guardian","floor":18,"turns":3},{"damage":35,"enemies":"Gremlin Leader","floor":24,"turns":5},{"damage":5,"enemies":"3 Byrds","floor":27,"turns":4},{"damage":11,"enemies":"Snecko","floor":29,"turns":3},{"damage":27,"enemies":"Centurion and Healer","floor":30,"turns":6},{"damage":77,"enemies":"Automaton","floor":33,"turns":6}],"seed_played":"3828248156991763614","potions_obtained":[{"floor":1,"key":"Weak Potion"},{"floor":3,"key":"EssenceOfSteel"},{"floor":12,"key":"BloodPotion"},{"floor":24,"key":"Poison Potion"},{"floor":29,"key":"LiquidBronze"}],"is_trial":false,"path_per_floor":["M","?","M","?","$","E","R","$","T","M","M","M","?","M","R","B",null,"M","?","$","?","?","R","E","R","T","M","$","M","M","?","R"],"character_chosen":"IRONCLAD","items_purchased":["Cleave+1","Bludgeon+1","Mango","Headbutt+1"],"campfire_rested":4,"item_purchase_floors":[5,8,20,28],"current_hp_per_floor":[80,77,77,77,77,67,80,80,80,80,74,77,66,64,80,64,80,80,64,78,78,78,94,65,65,65,69,69,67,49,49,77,0],"gold":67,"neow_bonus":"THREE_SMALL_POTIONS","is_prod":false,"is_daily":false,"chose_seed":false,"campfire_upgraded":0,"win_rate":0.0,"timestamp":1529864874,"path_taken":["M","?","M","?","$","E","R","$","T","M","M","?","?","?","R","BOSS","M","?","$","?","?","R","E","R","T","M","$","M","?","?","R","BOSS"],"build_version":"2018-06-21v2","purchased_purges":0,"victory":false,"max_hp_per_floor":[80,80,80,80,80,80,80,80,80,80,80,80,80,80,80,80,80,80,80,94,94,94,94,94,94,94,94,94,94,94,94,94,94],"card_choices":[{"not_picked":["Power Through","Flex"],"picked":"Carnage","floor":1},{"not_picked":["Disarm","Warcry"],"picked":"Sword Boomerang+1","floor":3},{"not_picked":["Sword Boomerang+1","Blood for Blood+1"],"picked":"Iron Wave+1","floor":6},{"not_picked":["Thunderclap+1","Disarm"],"picked":"Intimidate","floor":10},{"not_picked":["Cleave+1","Clothesline+1"],"picked":"Uppercut+1","floor":11},{"not_picked":["Anger+1","Whirlwind+1"],"picked":"Twin Strike+1","floor":12},{"not_picked":["Shrug It Off","Anger+1"],"picked":"Flame Barrier","floor":14},{"not_picked":["Brutality","Fiend Fire+1"],"picked":"Bludgeon+1","floor":16},{"not_picked":["Anger+1","Shockwave"],"picked":"Flame Barrier","floor":18},{"not_picked":["Rupture+1","Pommel Strike+1"],"picked":"Clothesline+1","floor":24},{"not_picked":["Thunderclap+1","Perfected Strike+1"],"picked":"Impervious","floor":27},{"not_picked":["Warcry","Body Slam+1"],"picked":"Reckless Charge+1","floor":29},{"not_picked":["Rage","Fire Breathing"],"picked":"Flame Barrier","floor":30}],"player_experience":100972,"relics_obtained":[{"floor":6,"key":"Gambling Chip"},{"floor":9,"key":"Vajra"},{"floor":19,"key":"Enchiridion"},{"floor":24,"key":"Shovel"},{"floor":24,"key":"Torii"},{"floor":25,"key":"Whetstone"},{"floor":26,"key":"Magic Flower"}],"event_choices":[{"event_name":"Scrap Ooze","player_choice":"success","floor":2,"damage_taken":3},{"event_name":"Living Wall","player_choice":"Grow","floor":4,"damage_taken":0},{"event_name":"World of Goop","player_choice":"Gather Gold","floor":13,"damage_taken":0},{"event_name":"Cursed Tome","player_choice":"Obtained Book","floor":19,"damage_taken":0},{"event_name":"Drug Dealer","player_choice":"Ignored","floor":21,"damage_taken":0},{"event_name":"Accursed Blacksmith","player_choice":"Rummage","floor":22,"damage_taken":0},{"event_name":"Back to Basics","player_choice":"Simplicity","floor":31,"damage_taken":0}],"boss_relics":[{"not_picked":["Lizard Tail","Runic Pyramid"],"picked":"Black Star"}],"items_purged_floors":[],"is_endless":false,"potions_floor_spawned":[1,3,12,24,29],"killed_by":"Automaton","ascension_level":0}