{"gold_per_floor":[111,124,136,148,148,148,68,98,98,98,98,126,126,137,137,237,237,254,254,266,191,191,191,40,57,57,76,76],"floor_reached":28,"playtime":6081,"items_purged":["Strike_R"],"score":228,"play_id":"aa8ab06a-3782-4716-a8b5-fdb99e916cdd","local_time":"20180625160018","is_ascension_mode":false,"campfire_choices":[{"data":"Battle Trance","floor":6,"key":"SMITH"},{"floor":11,"key":"REST"},{"floor":15,"key":"REST"},{"data":"Inflame","floor":23,"key":"SMITH"}],"neow_cost":"NONE","seed_source_timestamp":562382510433049,"circlet_count":0,"master_deck":["Strike_R","Defend_R","Defend_R","Defend_R","Defend_R","Bash","Battle Trance+1","Pommel Strike","Cleave","Ghostly Armor","Uppercut","Feed","Inflame+1","Whirlwind"],"relics":["Burning Blood","Mercury Hourglass","Gambling Chip","Torii","Pen Nib","Philosopher\u0027s Stone","Ornamental Fan"],"potions_floor_usage":[],"damage_taken":[{"damage":0,"enemies":"2 Louse","floor":1,"turns":3},{"damage":1,"enemies":"Cultist","floor":2,"turns":3},{"damage":0,"enemies":"Small Slimes","floor":3,"turns":3},{"damage":10,"enemies":"Exordium Thugs","floor":4,"turns":4},{"damage":50,"enemies":"Gremlin Nob","floor":8,"turns":6},{"damage":8,"enemies":"3 Sentries","floor":12,"turns":5},{"damage":1,"enemies":"Blue Slaver","floor":14,"turns":4},{"damage":41,"enemies":"The Guardian","floor":16,"turns":14},{"damage":10,"enemies":"Shell Parasite","floor":18,"turns":7},{"damage":1,"enemies":"Chosen","floor":20,"turns":4},{"damage":12,"enemies":"Snecko","floor":25,"turns":3},{"damage":0,"enemies":"Snake Plant","floor":27,"turns":2},{"damage":91,"enemies":"Book of Stabbing","floor":28,"turns":7}],"seed_played":"1822643029420409135","potions_obtained":[{"floor":1,"key":"EssenceOfSteel"},{"floor":8,"key":"Strength Potion"}],"is_trial":false,"path_per_floor":["M","M","M","M","?","R","$","E","T","$","R","E","T","M","R","B",null,"M","?","M","?","?","R","$","M","T","M"],"character_chosen":"IRONCLAD","items_purchased":["Ghostly Armor","Whirlwind"],"campfire_rested":2,"item_purchase_floors":[7,24],"current_hp_per_floor":[80,80,80,76,76,76,76,32,32,32,56,54,54,59,80,45,80,76,76,83,83,83,83,83,77,77,86,0],"gold":76,"neow_bonus":"THREE_SMALL_POTIONS","is_prod":false,"is_daily":false,"chose_seed":false,"campfire_upgraded":2,"win_rate":0.0,"timestamp":1529938818,"path_taken":["M","M","M","M","?","R","$","E","T","?","R","E","?","M","R","BOSS","M","?","M","?","?","R","$","M","T","M","E"],"build_version":"2018-06-21v2","purchased_purges":1,"victory":false,"max_hp_per_floor":[80,80,80,80,80,80,80,80,80,80,80,80,80,80,80,80,80,80,80,83,83,83,83,83,83,83,86,86],"card_choices":[{"not_picked":["Warcry","Wild Strike"],"picked":"Battle Trance","floor":1},{"not_picked":["Clothesline","Thunderclap","Perfected Strike"],"picked":"SKIP","floor":2},{"not_picked":["Demon Form","Seeing Red"],"picked":"Pommel Strike","floor":3},{"not_picked":["Thunderclap","Flame Barrier"],"picked":"Cleave","floor":4},{"not_picked":["Clothesline","Anger"],"picked":"Uppercut","floor":8},{"not_picked":["Fiend Fire","Infernal Blade","Warcry"],"picked":"SKIP","floor":12},{"not_picked":["Carnage","Body Slam","Heavy Blade"],"picked":"SKIP","floor":14},{"not_picked":["Brutality","Dark Embrace"],"picked":"Feed","floor":16},{"not_picked":["Pommel Strike","Combust+1","Flex"],"picked":"SKIP","floor":18},{"not_picked":["Cleave","Searing Blow+1","Power Through"],"picked":"SKIP","floor":20},{"not_picked":["Flex+1","Clash","Thunderclap"],"picked":"SKIP","floor":25},{"not_picked":["Wild Strike+1","Second Wind+1","Feel No Pain"],"picked":"SKIP","floor":27}],"player_experience":129761,"relics_obtained":[{"floor":8,"key":"Mercury Hourglass"},{"floor":9,"key":"Gambling Chip"},{"floor":12,"key":"Torii"},{"floor":13,"key":"Pen Nib"},{"floor":26,"key":"Ornamental Fan"}],"event_choices":[{"event_name":"Bonfire Elementals","player_choice":"BASIC","floor":5,"damage_taken":0},{"event_name":"Back to Basics","player_choice":"Elegance","floor":19,"damage_taken":0},{"event_name":"Beggar","player_choice":"Gave Gold","floor":21,"damage_taken":0},{"event_name":"The Library","player_choice":"Read","floor":22,"damage_taken":0}],"boss_relics":[{"not_picked":["Busted Crown","Runic Dome"],"picked":"Philosopher\u0027s Stone"}],"items_purged_floors":[24],"is_endless":false,"potions_floor_spawned":[1,8,12,16,18,25],"killed_by":"Book of Stabbing","ascension_level":0}