{"gold_per_floor":[116,116,116,46,64,64,80,80,80,80,90,121,134,134,134,230,230,240,257,284,284,284],"floor_reached":22,"playtime":2028,"items_purged":[],"score":184,"play_id":"acbe7357-585e-428b-9042-fa3e574327da","local_time":"20180625200404","is_ascension_mode":false,"campfire_choices":[{"data":"Body Slam","floor":6,"key":"SMITH"},{"data":"Inflame","floor":8,"key":"SMITH"},{"data":"Twin Strike","floor":10,"key":"SMITH"},{"data":"Flame Barrier","floor":15,"key":"SMITH"}],"neow_cost":"NONE","seed_source_timestamp":581063514896249,"circlet_count":0,"master_deck":["Strike_R","Strike_R","Strike_R","Defend_R","Defend_R","Defend_R","Defend_R","Bash","Body Slam+1","Clash","Burning Pact","Inflame+1","Twin Strike+1","Cleave","Flame Barrier+1","Juggernaut","Heavy Blade","Feel No Pain"],"relics":["Black Blood","Strawberry","Blood Vial","Red Mask"],"potions_floor_usage":[16,22,22,22],"damage_taken":[{"damage":2,"enemies":"Small Slimes","floor":1,"turns":3},{"damage":3,"enemies":"Cultist","floor":5,"turns":5},{"damage":1,"enemies":"2 Louse","floor":7,"turns":3},{"damage":18,"enemies":"Exordium Thugs","floor":11,"turns":3},{"damage":9,"enemies":"3 Sentries","floor":12,"turns":6},{"damage":5,"enemies":"Looter","floor":13,"turns":3},{"damage":43,"enemies":"Slime Boss","floor":16,"turns":10},{"damage":24,"enemies":"Shell Parasite","floor":18,"turns":7},{"damage":5,"enemies":"3 Byrds","floor":19,"turns":3},{"damage":76,"floor":20,"turns":7},{"damage":17,"enemies":"Sentry and Sphere","floor":22,"turns":4}],"seed_played":"-5462494821621043365","potions_obtained":[{"floor":5,"key":"PowerPotion"},{"floor":12,"key":"Explosive Potion"},{"floor":18,"key":"Ancient Potion"},{"floor":19,"key":"AttackPotion"}],"is_trial":false,"path_per_floor":["M","?","?","$","M","R","M","R","T","R","M","E","M","$","R","B",null,"M","M","?","?"],"character_chosen":"IRONCLAD","items_purchased":["Inflame"],"campfire_rested":0,"item_purchase_floors":[4],"current_hp_per_floor":[80,80,80,80,80,80,80,80,87,87,75,72,75,75,75,40,87,73,80,16,16,1],"gold":284,"neow_bonus":"THREE_CARDS","is_prod":false,"is_daily":false,"chose_seed":false,"campfire_upgraded":4,"win_rate":0.0,"timestamp":1529953444,"path_taken":["M","?","?","$","M","R","?","R","T","R","M","E","M","$","R","BOSS","M","M","?","?","M"],"build_version":"2018-06-21v2","purchased_purges":0,"victory":false,"max_hp_per_floor":[80,80,80,80,80,80,80,80,87,87,87,87,87,87,87,87,87,87,87,87,87,87],"card_choices":[{"not_picked":["Perfected Strike","Iron Wave"],"picked":"Body Slam","floor":0},{"not_picked":["Flex","Warcry"],"picked":"Clash","floor":1},{"not_picked":["Rage","Sword Boomerang"],"picked":"Twin Strike","floor":5},{"not_picked":["Wild Strike","Anger","Body Slam"],"picked":"SKIP","floor":7},{"not_picked":["Feed","Shrug It Off"],"picked":"Cleave","floor":11},{"not_picked":["Feel No Pain","Thunderclap","Iron Wave"],"picked":"SKIP","floor":12},{"not_picked":["Dual Wield","Warcry"],"picked":"Flame Barrier","floor":13},{"not_picked":["Bludgeon","Fiend Fire"],"picked":"Juggernaut","floor":16},{"not_picked":["Armaments","Anger+1"],"picked":"Heavy Blade","floor":18},{"not_picked":["Clash+1","Cleave","Flex+1"],"picked":"SKIP","floor":19},{"not_picked":["Anger","Armaments+1"],"picked":"Feel No Pain","floor":20}],"player_experience":148068,"relics_obtained":[{"floor":9,"key":"Strawberry"},{"floor":12,"key":"Blood Vial"},{"floor":20,"key":"Red Mask"}],"event_choices":[{"event_name":"Purifier","player_choice":"One Purge","floor":2,"damage_taken":0},{"event_name":"Transmorgrifier","player_choice":"Transform","floor":3,"damage_taken":0},{"event_name":"Masked Bandits","player_choice":"Fought over 257 gold","floor":20,"damage_taken":0},{"event_name":"The Mausoleum","player_choice":"No","floor":21,"damage_taken":0}],"boss_relics":[{"not_picked":["Runic Pyramid","Fusion Hammer"],"picked":"Black Blood"}],"items_purged_floors":[],"is_endless":false,"potions_floor_spawned":[5,12,18,19],"killed_by":"Sentry and Sphere","ascension_level":0}