{"gold_per_floor":[211,223,223,223,75,100,100,126,153,84,84,84,162,82,82,182,182,197,0,11,11,11,11,21,35,35,35,51,151,6,22,22,126,126,144,64,82,82,95,95,95],"floor_reached":41,"playtime":4232,"items_purged":[],"score":387,"play_id":"7a30c0ca-6316-4e86-ab66-9ce726e41fae","local_time":"20181203211714","is_ascension_mode":false,"campfire_choices":[{"data":"White Noise","floor":12,"key":"SMITH"},{"data":"FTL","floor":15,"key":"SMITH"},{"data":"Creative AI","floor":23,"key":"SMITH"},{"floor":27,"key":"REST"},{"floor":32,"key":"REST"},{"floor":40,"key":"REST"}],"neow_cost":"NONE","seed_source_timestamp":444023865132463,"circlet_count":0,"master_deck":["Strike_B","Strike_B","Defend_B+1","Defend_B","Defend_B","Zap","Dualcast+1","Glacier+1","All For One","Cold Snap","White Noise+1","Sunder","FTL+1","Creative AI+1","Cold Snap","FTL","Streamline+1","White Noise","Ball Lightning+1","Echo Form","Electrodynamics","Coolheaded","Capacitor","Defragment"],"relics":["Cracked Core","Bag of Marbles","Odd Mushroom","War Paint","Empty Cage","MutagenicStrength","Blue Candle","Sozu"],"potions_floor_usage":[20,28,28,33,41],"damage_taken":[{"damage":2,"enemies":"Jaw Worm","floor":1,"turns":4},{"damage":0,"enemies":"Small Slimes","floor":2,"turns":3},{"damage":11,"enemies":"3 Sentries","floor":6,"turns":13},{"damage":10,"enemies":"The Mushroom Lair","floor":8,"turns":6},{"damage":18,"enemies":"The Guardian","floor":16,"turns":16},{"damage":0,"enemies":"Shell Parasite","floor":18,"turns":12},{"damage":13,"enemies":"2 Thieves","floor":20,"turns":3},{"damage":21,"enemies":"Snake Plant","floor":24,"turns":3},{"damage":9,"enemies":"Shelled Parasite and Fungi","floor":25,"turns":8},{"damage":7,"enemies":"3 Cultists","floor":28,"turns":5},{"damage":8,"enemies":"Snecko","floor":31,"turns":5},{"damage":16,"enemies":"Champ","floor":33,"turns":18},{"damage":0,"enemies":"Orb Walker","floor":35,"turns":3},{"damage":28,"enemies":"3 Darklings","floor":37,"turns":5},{"damage":24,"enemies":"Sphere and 2 Shapes","floor":39,"turns":4},{"damage":47,"enemies":"Nemesis","floor":41,"turns":5}],"seed_played":"-1354803621234655459","potions_obtained":[{"floor":1,"key":"SpeedPotion"},{"floor":2,"key":"FearPotion"},{"floor":18,"key":"PowerPotion"},{"floor":20,"key":"Energy Potion"},{"floor":33,"key":"Swift Potion"}],"is_trial":false,"path_per_floor":["M","M","?","?","$","E","$","?","T","$","?","R","?","$","R","B",null,"M","?","M","?","$","R","M","M","T","R","M","?","$","M","R","B",null,"M","$","M","?","M","R","E"],"character_chosen":"DEFECT","items_purchased":["All For One","Sunder","FTL","Echo Form","Capacitor"],"campfire_rested":3,"item_purchase_floors":[5,10,14,30,36],"current_hp_per_floor":[73,73,73,73,73,62,62,52,52,52,75,75,75,75,75,57,75,75,75,62,62,62,62,41,32,32,54,47,47,47,39,61,45,75,75,75,47,47,23,45,0],"gold":95,"neow_bonus":"HUNDRED_GOLD","is_prod":false,"is_daily":false,"chose_seed":false,"campfire_upgraded":3,"win_rate":0.0,"timestamp":1543871834,"path_taken":["M","M","?","?","$","E","$","?","T","?","?","R","?","?","R","BOSS","M","?","M","?","?","R","?","M","T","R","M","?","$","M","R","BOSS","M","$","?","?","M","R","E"],"build_version":"2018-11-15","purchased_purges":0,"victory":false,"max_hp_per_floor":[75,75,75,75,75,75,75,75,75,75,75,75,75,75,75,75,75,75,75,75,75,75,75,75,75,75,75,75,75,75,75,75,75,75,75,75,75,75,75,75,75],"card_choices":[{"not_picked":["Force Field","Blizzard","Steam"],"picked":"SKIP","floor":1},{"not_picked":["Sweeping Beam","BootSequence"],"picked":"Glacier","floor":2},{"not_picked":["Tempest","Compile Driver"],"picked":"Cold Snap","floor":6},{"not_picked":["Coolheaded","Steam Power"],"picked":"White Noise","floor":8},{"not_picked":["Rainbow","Fission"],"picked":"Creative AI","floor":16},{"not_picked":["Conserve Battery","Rip and Tear+1"],"picked":"Cold Snap","floor":18},{"not_picked":["White Noise","Blizzard"],"picked":"FTL","floor":20},{"not_picked":["Tempest","Aggregate"],"picked":"Streamline+1","floor":24},{"not_picked":["Stack","Sweeping Beam"],"picked":"White Noise","floor":25},{"not_picked":["Stack","Force Field"],"picked":"Ball Lightning+1","floor":28},{"not_picked":["Turbo","Ball Lightning","Auto Shields"],"picked":"SKIP","floor":31},{"not_picked":["All For One","Core Surge"],"picked":"Electrodynamics","floor":33},{"not_picked":["Stack","Genetic Algorithm+1"],"picked":"Coolheaded","floor":35},{"not_picked":["Rebound","Self Repair+1"],"picked":"Defragment","floor":37},{"not_picked":["Auto Shields","Steam+1","Turbo"],"picked":"SKIP","floor":39}],"player_experience":280215,"relics_obtained":[{"floor":6,"key":"Bag of Marbles"},{"floor":8,"key":"Odd Mushroom"},{"floor":9,"key":"War Paint"},{"floor":26,"key":"Blue Candle"}],"event_choices":[{"damage_healed":0,"gold_gain":0,"player_choice":"Ignored","damage_taken":0,"max_hp_gain":0,"max_hp_loss":0,"event_name":"Liars Game","floor":3,"gold_loss":0},{"damage_healed":0,"gold_gain":0,"player_choice":"Grow","damage_taken":0,"max_hp_gain":0,"max_hp_loss":0,"event_name":"Living Wall","floor":4,"gold_loss":0,"cards_upgraded":["Dualcast"]},{"damage_healed":0,"gold_gain":0,"player_choice":"Fought Mushrooms","damage_taken":0,"max_hp_gain":0,"max_hp_loss":0,"event_name":"Mushrooms","floor":8,"gold_loss":0},{"damage_healed":25,"gold_gain":0,"player_choice":"Banana","damage_taken":0,"max_hp_gain":0,"max_hp_loss":0,"event_name":"Big Fish","floor":11,"gold_loss":0},{"damage_healed":0,"gold_gain":78,"player_choice":"Gained Gold","damage_taken":0,"max_hp_gain":0,"max_hp_loss":0,"event_name":"Golden Wing","floor":13,"gold_loss":0},{"damage_healed":0,"gold_gain":0,"player_choice":"Paid Fearfully","damage_taken":0,"max_hp_gain":0,"max_hp_loss":0,"event_name":"Masked Bandits","floor":19,"gold_loss":197},{"damage_healed":0,"gold_gain":0,"player_choice":"Inject Mutagens","damage_taken":0,"relics_obtained":["MutagenicStrength"],"max_hp_gain":0,"max_hp_loss":0,"event_name":"Drug Dealer","floor":21,"gold_loss":0},{"damage_healed":0,"gold_gain":100,"player_choice":"Pray","damage_taken":0,"max_hp_gain":0,"max_hp_loss":0,"event_name":"Golden Shrine","floor":29,"gold_loss":0},{"cards_removed":["Defend_B"],"damage_healed":0,"gold_gain":0,"player_choice":"Removed Skill","damage_taken":0,"max_hp_gain":0,"max_hp_loss":0,"event_name":"Falling","floor":38,"gold_loss":0}],"is_beta":false,"boss_relics":[{"not_picked":["Coffee Dripper","Runic Dome"],"picked":"Empty Cage"},{"not_picked":["Orrery","Eternal Feather"],"picked":"Sozu"}],"items_purged_floors":[],"is_endless":false,"potions_floor_spawned":[1,2,18,20,24,33,37],"killed_by":"Nemesis","ascension_level":0}