{"gold_per_floor":[109,0,19,19,37,37,48,65,65,65,79,92,62,62,62,163,163,174,189,39,58,69,69,88,106,106,126,2,2,2,2,2,104,104,118,18,37,37,52,52,71,71,71,89,89,0,0,0,0,0],"floor_reached":51,"playtime":6069,"items_purged":["Strike_G","Strike_G"],"score":682,"play_id":"5806e3dc-1585-4a01-a148-9ffd10e360c1","local_time":"20181130153820","is_ascension_mode":true,"campfire_choices":[{"data":"Noxious Fumes","floor":6.0,"key":"SMITH"},{"data":"Leg Sweep","floor":10.0,"key":"SMITH"},{"data":"Footwork","floor":15.0,"key":"SMITH"},{"data":"Well Laid Plans","floor":23.0,"key":"SMITH"},{"floor":29.0,"key":"REST"},{"floor":32.0,"key":"REST"},{"data":"Catalyst","floor":40.0,"key":"SMITH"},{"floor":42.0,"key":"REST"},{"floor":47.0,"key":"REST"},{"floor":49.0,"key":"REST"}],"neow_cost":"NONE","seed_source_timestamp":157219255377654,"circlet_count":0,"master_deck":["Defend_G","Defend_G","Defend_G","Defend_G","Defend_G","Strike_G","Strike_G","Strike_G","Survivor","Neutralize","Backflip","Noxious Fumes+1","Leg Sweep+1","PiercingWail","Dagger Spray","Deadly Poison","Endless Agony","Footwork+1","Glass Knife","Deflect+1","Flying Knee+1","Well Laid Plans+1","Bouncing Flask","Dodge and Roll+1","Bouncing Flask","Dodge and Roll","Die Die Die","Flying Knee+1","Dodge and Roll+1","Catalyst+1","Clumsy"],"special_seed":0,"relics":["Ring of the Snake","Bottled Tornado","Anchor","Cursed Key","Omamori","Ornamental Fan","WingedGreaves","Thread and Needle","Red Mask"],"potions_floor_usage":[50],"damage_taken":[{"damage":0.0,"enemies":"Cultist","floor":1.0,"turns":5.0},{"damage":0.0,"enemies":"2 Louse","floor":3.0,"turns":3.0},{"damage":1.0,"enemies":"Jaw Worm","floor":5.0,"turns":4.0},{"damage":0.0,"enemies":"Looter","floor":7.0,"turns":5.0},{"damage":0.0,"enemies":"2 Fungi Beasts","floor":8.0,"turns":4.0},{"damage":1.0,"enemies":"Red Slaver","floor":11.0,"turns":5.0},{"damage":0.0,"enemies":"Gremlin Gang","floor":12.0,"turns":4.0},{"damage":0.0,"enemies":"Looter","floor":13.0,"turns":4.0},{"damage":14.0,"enemies":"Hexaghost","floor":16.0,"turns":11.0},{"damage":0.0,"enemies":"Spheric Guardian","floor":18.0,"turns":6.0},{"damage":0.0,"enemies":"Shell Parasite","floor":19.0,"turns":6.0},{"damage":2.0,"enemies":"3 Cultists","floor":21.0,"turns":4.0},{"damage":12.0,"enemies":"Shelled Parasite and Fungi","floor":22.0,"turns":6.0},{"damage":0.0,"enemies":"Snake Plant","floor":24.0,"turns":5.0},{"damage":24.0,"enemies":"Centurion and Healer","floor":25.0,"turns":6.0},{"damage":14.0,"enemies":"Shelled Parasite and Fungi","floor":27.0,"turns":5.0},{"damage":29.0,"enemies":"Champ","floor":33.0,"turns":13.0},{"damage":0.0,"enemies":"Orb Walker","floor":35.0,"turns":5.0},{"damage":7.0,"enemies":"3 Darklings","floor":37.0,"turns":5.0},{"damage":7.0,"enemies":"Maw","floor":39.0,"turns":8.0},{"damage":68.0,"enemies":"Transient","floor":41.0,"turns":5.0},{"damage":17.0,"enemies":"Spire Growth","floor":44.0,"turns":6.0},{"damage":23,"enemies":"Awakened One","floor":50,"turns":18}],"seed_played":"-566140447086460471","potions_obtained":[{"floor":0.0,"key":"Fruit Juice"},{"floor":0.0,"key":"FairyPotion"},{"floor":0.0,"key":"EssenceOfSteel"},{"floor":3.0,"key":"PowerPotion"},{"floor":5.0,"key":"GhostInAJar"},{"floor":12.0,"key":"GhostInAJar"},{"floor":16.0,"key":"Explosive Potion"},{"floor":21.0,"key":"Weak Potion"},{"floor":22.0,"key":"Explosive Potion"},{"floor":25.0,"key":"SpeedPotion"},{"floor":37.0,"key":"Weak Potion"},{"floor":39.0,"key":"Explosive Potion"},{"floor":44.0,"key":"SpeedPotion"}],"is_trial":false,"path_per_floor":["M","$","M","T","M","R","M","M","T","R","M","M","M","?","R","B",null,"M","M","$","M","M","R","M","M","T","M","$","R","T","$","R","B",null,"M","$","M","?","M","R","M","R","T","M","?","?","R","$","R","B",null],"character_chosen":"THE_SILENT","items_purchased":["Noxious Fumes","Leg Sweep","Omamori","Dodge and Roll"],"campfire_rested":5,"item_purchase_floors":[2,2,20,28],"current_hp_per_floor":[70,70,70,70,69,69,69,69,69,69,68,73,73,73,73,59,75,75,75,75,73,61,61,61,37,37,23,23,45,45,45,67,38,75,75,75,68,68,61,61,7,29,29,12,12,12,34,34,56,33],"gold":0,"neow_bonus":"THREE_SMALL_POTIONS","is_prod":false,"is_daily":false,"chose_seed":false,"campfire_upgraded":5,"win_rate":0,"timestamp":1543592300,"path_taken":["M","$","M","?","M","R","M","M","T","R","?","M","M","?","R","BOSS","M","?","$","M","M","R","M","?","T","M","$","R","?","?","R","BOSS","M","$","M","?","M","R","M","R","T","M","?","?","R","$","R","BOSS"],"build_version":"2018-11-15","purchased_purges":2,"victory":true,"max_hp_per_floor":[70,70,70,70,70,70,70,70,70,70,70,75,75,75,75,75,75,75,75,75,75,75,75,75,75,75,75,75,75,75,75,75,75,75,75,75,75,75,75,75,75,75,75,75,75,75,75,75,75,75],"card_choices":[{"not_picked":["Sucker Punch","Choke"],"picked":"Backflip","floor":1.0},{"not_picked":["Dagger Throw","Distraction"],"picked":"PiercingWail","floor":3.0},{"not_picked":["Slice","Prepared"],"picked":"Dagger Spray","floor":5.0},{"not_picked":["Dagger Throw","Expertise"],"picked":"Deadly Poison","floor":7.0},{"not_picked":["Leg Sweep","Infinite Blades","Expertise"],"picked":"SKIP","floor":8.0},{"not_picked":["Prepared","Flechettes"],"picked":"Endless Agony","floor":11.0},{"not_picked":["Outmaneuver","Quick Slash"],"picked":"Footwork","floor":12.0},{"not_picked":["Acrobatics","Outmaneuver","Expertise"],"picked":"SKIP","floor":13.0},{"not_picked":["Corpse Explosion","Burst"],"picked":"Glass Knife","floor":16.0},{"not_picked":["Reflex","Predator+1"],"picked":"Deflect+1","floor":18.0},{"not_picked":["Dodge and Roll+1","Setup"],"picked":"Flying Knee+1","floor":19.0},{"not_picked":["Leg Sweep+1","Underhanded Strike"],"picked":"Well Laid Plans","floor":21.0},{"not_picked":["Poisoned Stab","Well Laid Plans"],"picked":"Bouncing Flask","floor":22.0},{"not_picked":["Cloak And Dagger","Blade Dance+1"],"picked":"Dodge and Roll+1","floor":24.0},{"not_picked":["Acrobatics","Terror"],"picked":"Bouncing Flask","floor":25.0},{"not_picked":["Sucker Punch","Riddle With Holes","Endless Agony"],"picked":"SKIP","floor":27.0},{"not_picked":["Grand Finale","Tools of the Trade"],"picked":"Die Die Die","floor":33.0},{"not_picked":["Eviscerate","Underhanded Strike"],"picked":"Flying Knee+1","floor":35.0},{"not_picked":["Backstab","Blade Dance+1"],"picked":"Dodge and Roll+1","floor":37.0},{"not_picked":["Acrobatics+1","Choke+1"],"picked":"Catalyst","floor":39.0},{"not_picked":["Endless Agony+1","Slice","Flying Knee+1"],"picked":"SKIP","floor":41.0},{"not_picked":["Sucker Punch","All Out Attack+1","Acrobatics"],"picked":"SKIP","floor":44.0}],"player_experience":229912,"relics_obtained":[{"floor":4.0,"key":"Bottled Tornado"},{"floor":9.0,"key":"Anchor"},{"floor":26.0,"key":"Ornamental Fan"},{"floor":30.0,"key":"WingedGreaves"},{"floor":43.0,"key":"Thread and Needle"}],"event_choices":[{"damage_healed":0.0,"max_hp_gain":0.0,"max_hp_loss":0.0,"gold_gain":0.0,"event_name":"The Woman in Blue","player_choice":"Bought 0 Potions","floor":14.0,"gold_loss":0.0,"damage_taken":0.0},{"damage_healed":0.0,"max_hp_gain":0.0,"max_hp_loss":0.0,"gold_gain":0.0,"event_name":"Mysterious Sphere","player_choice":"Ignored","floor":38.0,"gold_loss":0.0,"damage_taken":0.0},{"damage_healed":0.0,"max_hp_gain":0.0,"max_hp_loss":0.0,"gold_gain":0.0,"event_name":"SensoryStone","player_choice":"Memory 1","floor":45.0,"gold_loss":0.0,"damage_taken":0.0},{"damage_healed":0.0,"max_hp_gain":0.0,"max_hp_loss":0.0,"gold_gain":0.0,"event_name":"Tomb of Lord Red Mask","player_choice":"Paid","floor":46.0,"gold_loss":89.0,"damage_taken":0.0,"relics_obtained":["Red Mask"]}],"is_beta":false,"boss_relics":[{"not_picked":["Black Star","Snecko Eye"],"picked":"Cursed Key"},{"not_picked":["HoveringKite","Runic Dome","Fusion Hammer"]}],"items_purged_floors":[28,36],"is_endless":false,"potions_floor_spawned":[3,5,12,16,21,22,25,37,39,44],"ascension_level":3}