{"gold_per_floor":[112,19,33,52,52,52,82,99,125,125,135,135,0,16,16,116,116,56,66,78,94,114,114,128,128,128,160,160,160,187,199,199,199],"floor_reached":33,"playtime":2305,"items_purged":[],"score":487,"play_id":"f47a6b1b-04e2-441c-8ebb-dfaf1e04ed13","local_time":"20190726181702","is_ascension_mode":true,"campfire_choices":[{"data":"Noxious Fumes","floor":6,"key":"SMITH"},{"data":"Malaise","floor":10,"key":"SMITH"},{"data":"Bouncing Flask","floor":12,"key":"SMITH"},{"data":"Leg Sweep","floor":15,"key":"SMITH"},{"data":"Tools of the Trade","floor":23,"key":"SMITH"},{"floor":25,"key":"REST"},{"data":"Tactician","floor":29,"key":"SMITH"},{"data":"Prepared","floor":32,"key":"SMITH"}],"neow_cost":"NONE","seed_source_timestamp":443504295785400,"circlet_count":0,"master_deck":["AscendersBane","Strike_G","Strike_G","Strike_G","Strike_G","Defend_G","Defend_G","Defend_G","Defend_G","Defend_G","Survivor","Neutralize+1","Backflip","Noxious Fumes+1","Backflip","Dagger Spray","Malaise+1","Blade Dance","Quick Slash","Bouncing Flask+1","Caltrops","Leg Sweep+1","Tools of the Trade+1","Backflip+1","Tactician+1","Prepared+1","Noxious Fumes+1","Outmaneuver"],"relics":["Ring of the Snake","Lantern","Happy Flower","Lizard Tail","Sundial","Ancient Tea Set","Letter Opener"],"potions_floor_usage":[16,22,22,22,22,27,33],"damage_taken":[{"damage":0,"enemies":"2 Louse","floor":1,"turns":5},{"damage":3,"enemies":"Cultist","floor":3,"turns":6},{"damage":0,"enemies":"Jaw Worm","floor":4,"turns":5},{"damage":19,"enemies":"Lagavulin","floor":7,"turns":10},{"damage":12,"enemies":"Exordium Thugs","floor":8,"turns":5},{"damage":2,"enemies":"Blue Slaver","floor":11,"turns":4},{"damage":0,"enemies":"Looter","floor":14,"turns":3},{"damage":3,"enemies":"The Guardian","floor":16,"turns":11},{"damage":23,"enemies":"2 Thieves","floor":18,"turns":4},{"damage":8,"enemies":"Shell Parasite","floor":19,"turns":7},{"damage":7,"enemies":"Shelled Parasite and Fungi","floor":20,"turns":9},{"damage":17,"enemies":"3 Cultists","floor":21,"turns":7},{"damage":1,"enemies":"Snecko","floor":22,"turns":6},{"damage":14,"enemies":"Chosen and Byrds","floor":24,"turns":7},{"damage":39,"enemies":"Slavers","floor":27,"turns":8},{"damage":0,"enemies":"Book of Stabbing","floor":30,"turns":6},{"damage":2,"enemies":"Centurion and Healer","floor":31,"turns":7},{"damage":28,"enemies":"Collector","floor":33,"turns":3}],"seed_played":"7759502319600752832","potions_obtained":[{"floor":7,"key":"LiquidBronze"},{"floor":11,"key":"EntropicBrew"},{"floor":16,"key":"PowerPotion"},{"floor":19,"key":"Swift Potion"},{"floor":24,"key":"SpeedPotion"},{"floor":30,"key":"FearPotion"},{"floor":31,"key":"SpeedPotion"}],"is_trial":false,"path_per_floor":["M","$","M","M","?","R","E","M","T","R","M","R","$","M","R","B",null,"M","M","M","M","M","R","M","R","T","E","?","R","E","M","R","B"],"character_chosen":"THE_SILENT","items_purchased":["Noxious Fumes","Backflip","Caltrops","Leg Sweep"],"campfire_rested":1,"item_purchase_floors":[2,2,13,13],"current_hp_per_floor":[63,63,60,60,60,60,41,29,29,29,27,27,27,27,27,24,59,36,28,21,4,18,18,4,25,25,27,27,27,27,25,25,0],"gold":199,"neow_bonus":"UPGRADE_CARD","is_prod":false,"is_daily":false,"chose_seed":false,"campfire_upgraded":7,"win_rate":0,"timestamp":1564179422,"path_taken":["M","$","M","M","?","R","E","M","T","R","M","R","$","?","R","BOSS","M","?","M","M","M","R","M","R","T","E","?","R","E","M","R","BOSS"],"build_version":"2019-07-17","purchased_purges":0,"victory":false,"max_hp_per_floor":[70,70,70,70,70,70,70,70,70,70,70,70,70,70,70,70,70,70,70,70,70,70,70,70,70,70,70,70,70,70,70,70,70],"card_choices":[{"not_picked":["Prepared","Acrobatics"],"picked":"Backflip","floor":1},{"not_picked":["Dodge and Roll","Sucker Punch"],"picked":"Dagger Spray","floor":3},{"not_picked":["Outmaneuver","Dodge and Roll"],"picked":"Malaise","floor":4},{"not_picked":["Blade Dance","Terror"],"picked":"Quick Slash","floor":7},{"not_picked":["Deflect","Dodge and Roll","Backflip"],"picked":"SKIP","floor":8},{"not_picked":["Blur","Envenom"],"picked":"Bouncing Flask","floor":11},{"not_picked":["Dagger Throw","Setup","Dodge and Roll"],"picked":"SKIP","floor":14},{"not_picked":["Envenom","Bullet Time"],"picked":"Tools of the Trade","floor":16},{"not_picked":["Finisher+1","Dagger Throw","Deadly Poison+1"],"picked":"SKIP","floor":18},{"not_picked":["Choke+1","Sucker Punch+1","Bane"],"picked":"SKIP","floor":19},{"not_picked":["Deadly Poison","Riddle With Holes+1"],"picked":"Backflip+1","floor":20},{"not_picked":["Quick Slash+1","Noxious Fumes+1"],"picked":"Tactician","floor":21},{"not_picked":["Cloak And Dagger","Dagger Spray+1"],"picked":"Prepared","floor":22},{"not_picked":["Terror","Dagger Throw","Flying Knee"],"picked":"SKIP","floor":24},{"not_picked":["Distraction","Blade Dance","Backflip"],"picked":"SKIP","floor":27},{"not_picked":["Blade Dance","Poisoned Stab+1","Die Die Die"],"picked":"SKIP","floor":30},{"not_picked":["Slice","Crippling Poison"],"picked":"Outmaneuver","floor":31}],"player_experience":528269,"relics_obtained":[{"floor":7,"key":"Lantern"},{"floor":9,"key":"Happy Flower"},{"floor":26,"key":"Sundial"},{"floor":27,"key":"Ancient Tea Set"},{"floor":30,"key":"Letter Opener"}],"event_choices":[{"damage_healed":0,"gold_gain":0,"cards_transformed":["Strike_G"],"player_choice":"Transformed","damage_taken":0,"max_hp_gain":0,"max_hp_loss":0,"event_name":"Transmorgrifier","floor":5,"gold_loss":0,"cards_obtained":["Blade Dance"]},{"damage_healed":0,"gold_gain":0,"player_choice":"Copied","damage_taken":0,"max_hp_gain":0,"max_hp_loss":0,"event_name":"Duplicator","floor":28,"gold_loss":0,"cards_obtained":["Noxious Fumes"]}],"is_beta":false,"boss_relics":[{"not_picked":["Astrolabe","Black Star"],"picked":"Lizard Tail"}],"items_purged_floors":[],"is_endless":false,"potions_floor_spawned":[7,11,16,19,24,30,31],"killed_by":"Collector","ascension_level":11}