{"gold_per_floor":[117,134,152,171,171,201,201,228,298,315,41,41,72,91,91,196,196,211,84,104,5,5,34,34,49,76,99,128,140,169,194,206,218],"floor_reached":33,"playtime":4022,"items_purged":["Strike_R","Defend_R"],"score":335,"play_id":"c2dd96fe-7f3a-426f-8e22-db47537ecd3e","local_time":"20190726093344","is_ascension_mode":true,"campfire_choices":[{"floor":7,"key":"REST"},{"floor":15,"key":"REST"},{"floor":24,"key":"REST"},{"floor":29,"key":"REST"},{"floor":32,"key":"REST"}],"neow_cost":"NONE","seed_source_timestamp":423685477311063,"circlet_count":0,"master_deck":["Strike_R","Strike_R+1","Strike_R","Strike_R","Defend_R","Defend_R","Defend_R","Bash","Cleave","Clothesline+1","Pommel Strike","Armaments","Burning Pact","Impervious","Shrug It Off","True Grit+1","Reckless Charge","Metallicize","Thunderclap","Corruption"],"relics":["Burning Blood","Lantern","Pocketwatch","StoneCalendar","The Courier","Membership Card","Vajra","Whetstone","Lizard Tail","HandDrill","Paper Frog","Happy Flower","MawBank"],"potions_floor_usage":[6,13,14,23,23,23,23,23,25,27,30,33],"damage_taken":[{"damage":0,"enemies":"Small Slimes","floor":1,"turns":3},{"damage":7,"enemies":"Jaw Worm","floor":2,"turns":2},{"damage":1,"enemies":"Cultist","floor":3,"turns":3},{"damage":14,"enemies":"Looter","floor":4,"turns":4},{"damage":35,"enemies":"3 Sentries","floor":6,"turns":7},{"damage":28,"enemies":"Gremlin Nob","floor":8,"turns":4},{"damage":6,"enemies":"Lots of Slimes","floor":10,"turns":3},{"damage":25,"enemies":"3 Sentries","floor":13,"turns":6},{"damage":11,"enemies":"Large Slime","floor":14,"turns":4},{"damage":18,"enemies":"Slime Boss","floor":16,"turns":7},{"damage":13,"enemies":"Chosen","floor":18,"turns":5},{"damage":28,"enemies":"2 Thieves","floor":20,"turns":5},{"damage":50,"enemies":"Book of Stabbing","floor":23,"turns":7},{"damage":25,"enemies":"Shelled Parasite and Fungi","floor":25,"turns":7},{"damage":45,"enemies":"Centurion and Healer","floor":27,"turns":5},{"damage":10,"enemies":"Snake Plant","floor":28,"turns":3},{"damage":40,"enemies":"Sentry and Sphere","floor":30,"turns":7},{"damage":0,"enemies":"Snecko","floor":31,"turns":5},{"damage":44,"enemies":"Collector","floor":33,"turns":5}],"seed_played":"-243929296561561469","potions_obtained":[{"floor":2,"key":"SpeedPotion"},{"floor":8,"key":"SpeedPotion"},{"floor":10,"key":"Explosive Potion"},{"floor":13,"key":"Fire Potion"},{"floor":22,"key":"EntropicBrew"},{"floor":23,"key":"SkillPotion"},{"floor":28,"key":"Swift Potion"},{"floor":30,"key":"FearPotion"},{"floor":31,"key":"AttackPotion"}],"is_trial":false,"path_per_floor":["M","M","M","M","?","E","R","E","T","M","$","?","E","M","R","B",null,"M","$","M","$","?","E","R","M","T","M","M","R","M","M","R","B"],"character_chosen":"IRONCLAD","items_purchased":["Membership Card","Vajra","Swift Potion","HandDrill","Paper Frog"],"campfire_rested":5,"item_purchase_floors":[11,11,11,19,21],"current_hp_per_floor":[80,79,80,72,77,48,73,51,51,51,51,51,32,27,52,40,85,78,78,56,56,56,12,37,18,18,23,19,44,10,16,41,0],"gold":218,"neow_bonus":"RANDOM_COMMON_RELIC","is_prod":false,"is_daily":false,"chose_seed":false,"campfire_upgraded":0,"win_rate":0,"timestamp":1564151624,"path_taken":["M","M","M","M","?","E","R","E","T","M","$","?","E","M","R","BOSS","M","$","M","$","?","E","R","M","T","M","?","R","M","M","R","BOSS"],"build_version":"2019-07-17","purchased_purges":2,"victory":false,"max_hp_per_floor":[80,80,80,80,85,85,85,85,85,85,85,85,85,85,85,85,85,85,85,85,85,85,85,85,85,85,85,85,85,85,85,85,85],"card_choices":[{"not_picked":["Thunderclap","Body Slam"],"picked":"Cleave","floor":1},{"not_picked":["True Grit","Havoc","Berserk"],"picked":"SKIP","floor":2},{"not_picked":["Cleave","Dual Wield"],"picked":"Clothesline","floor":3},{"not_picked":["Havoc","Pummel"],"picked":"Pommel Strike","floor":4},{"not_picked":["Heavy Blade","Twin Strike","Sword Boomerang"],"picked":"SKIP","floor":6},{"not_picked":["Dark Embrace","Havoc"],"picked":"Armaments","floor":8},{"not_picked":["Cleave","Body Slam"],"picked":"Burning Pact","floor":10},{"not_picked":["Iron Wave","Whirlwind","Berserk"],"picked":"SKIP","floor":13},{"not_picked":["Second Wind","Clash","Havoc"],"picked":"SKIP","floor":14},{"not_picked":["Berserk","Brutality"],"picked":"Impervious","floor":16},{"not_picked":["Feel No Pain+1","Dual Wield+1","Wild Strike"],"picked":"SKIP","floor":18},{"not_picked":["Warcry+1","Heavy Blade"],"picked":"Shrug It Off","floor":20},{"not_picked":["Body Slam","Rage"],"picked":"True Grit+1","floor":23},{"not_picked":["Disarm","Anger+1"],"picked":"Reckless Charge","floor":25},{"not_picked":["Body Slam+1","Armaments"],"picked":"Metallicize","floor":27},{"not_picked":["Clothesline","Warcry"],"picked":"Thunderclap","floor":28},{"not_picked":["Demon Form","Fire Breathing+1"],"picked":"Corruption","floor":30},{"not_picked":["Warcry","Clash","Flex"],"picked":"SKIP","floor":31}],"player_experience":249638,"relics_obtained":[{"floor":6,"key":"Pocketwatch"},{"floor":8,"key":"StoneCalendar"},{"floor":9,"key":"The Courier"},{"floor":13,"key":"Whetstone"},{"floor":23,"key":"Happy Flower"},{"floor":26,"key":"MawBank"}],"event_choices":[{"damage_healed":0,"gold_gain":0,"player_choice":"Donut","damage_taken":0,"max_hp_gain":5,"max_hp_loss":0,"event_name":"Big Fish","floor":5,"gold_loss":0},{"damage_healed":0,"gold_gain":0,"player_choice":"Ignored","damage_taken":0,"max_hp_gain":0,"max_hp_loss":0,"event_name":"Shining Light","floor":12,"gold_loss":0},{"damage_healed":0,"gold_gain":0,"player_choice":"Got Potions","damage_taken":0,"max_hp_gain":0,"max_hp_loss":0,"event_name":"Lab","floor":22,"gold_loss":0}],"is_beta":false,"boss_relics":[{"not_picked":["Sozu","Runic Pyramid"],"picked":"Lizard Tail"}],"items_purged_floors":[11,19],"is_endless":false,"potions_floor_spawned":[2,8,10,13,23,28,30,31],"killed_by":"Collector","ascension_level":3}