{"gold_per_floor":[116,132,132,15,15,15,49,49,101,156,181,77,120,136,136,261,261,274,274,274,47,63,63],"floor_reached":23,"playtime":840,"items_purged":["Strike_R","Strike_R"],"score":334,"play_id":"c822a9c3-1f9b-4fb8-8441-7d34ad95193d","local_time":"20190812172533","is_ascension_mode":true,"campfire_choices":[{"data":"Hemokinesis","floor":6,"key":"SMITH"},{"data":"Bash","floor":8,"key":"SMITH"},{"data":"True Grit","floor":15,"key":"SMITH"}],"neow_cost":"NONE","seed_source_timestamp":28162788674800,"circlet_count":0,"master_deck":["AscendersBane","Strike_R+1","Defend_R","Defend_R","Defend_R","Defend_R","Bash+1","Madness","Hemokinesis+1","Shrug It Off","Metallicize+1","Clothesline","Rupture","Bloodletting","Flame Barrier","True Grit+1","Immolate","Inflame","Thunderclap"],"relics":["Burning Blood","Golden Idol","Bag of Preparation","MawBank","Meat on the Bone","Singing Bowl","Empty Cage"],"potions_floor_usage":[7,13,13,16,20,22,23],"damage_taken":[{"damage":14,"enemies":"Jaw Worm","floor":1,"turns":5},{"damage":8,"enemies":"Small Slimes","floor":2,"turns":4},{"damage":18,"enemies":"Gremlin Nob","floor":7,"turns":4},{"damage":26,"enemies":"Lagavulin","floor":10,"turns":6},{"damage":2,"enemies":"Cultist","floor":11,"turns":3},{"damage":26,"enemies":"Gremlin Nob","floor":13,"turns":5},{"damage":7,"enemies":"Large Slime","floor":14,"turns":6},{"damage":29,"enemies":"The Guardian","floor":16,"turns":11},{"damage":22,"enemies":"Chosen","floor":18,"turns":6},{"damage":0,"enemies":"3 Byrds","floor":20,"turns":1},{"damage":38,"enemies":"Centurion and Healer","floor":22,"turns":8},{"damage":57,"enemies":"Book of Stabbing","floor":23,"turns":6}],"seed_played":"2308179174440264286","potions_obtained":[{"floor":1,"key":"Poison Potion"},{"floor":10,"key":"BloodPotion"},{"floor":11,"key":"BloodPotion"},{"floor":13,"key":"Fire Potion"},{"floor":16,"key":"AttackPotion"},{"floor":18,"key":"BloodPotion"},{"floor":19,"key":"SmokeBomb"},{"floor":22,"key":"Weak Potion"}],"is_trial":false,"path_per_floor":["M","M","?","$","?","R","E","R","T","E","M","$","E","M","R","B",null,"M","?","M","$","M","E"],"character_chosen":"IRONCLAD","items_purchased":["Metallicize","Clothesline","Bloodletting","Inflame","Thunderclap"],"campfire_rested":0,"item_purchase_floors":[4,4,12,21,21],"current_hp_per_floor":[64,62,62,62,47,47,35,35,35,15,31,31,47,46,46,35,64,50,50,56,56,57,0],"gold":63,"neow_bonus":"RANDOM_COLORLESS","is_prod":false,"is_daily":false,"chose_seed":false,"campfire_upgraded":3,"win_rate":0,"timestamp":1565645133,"path_taken":["M","M","?","$","?","R","E","R","T","E","?","$","E","M","R","BOSS","M","?","M","$","M","E"],"build_version":"2019-07-17","purchased_purges":2,"victory":false,"max_hp_per_floor":[80,80,74,74,74,74,74,74,74,74,74,74,74,74,74,74,74,76,76,76,76,78,78],"card_choices":[{"not_picked":["Power Through","Heavy Blade"],"picked":"Hemokinesis","floor":1},{"not_picked":["Pommel Strike","Warcry"],"picked":"Shrug It Off","floor":2},{"not_picked":["Hemokinesis","Warcry","Clothesline"],"picked":"SKIP","floor":7},{"not_picked":["Exhume","Wild Strike","Barricade"],"picked":"SKIP","floor":10},{"not_picked":["Corruption","Havoc"],"picked":"Rupture","floor":11},{"not_picked":["Second Wind","Iron Wave"],"picked":"Flame Barrier","floor":13},{"not_picked":["Thunderclap","Bloodletting"],"picked":"True Grit","floor":14},{"not_picked":["Reaper","Brutality"],"picked":"Immolate","floor":16},{"not_picked":["Fire Breathing","Headbutt","Searing Blow"],"picked":"Singing Bowl","floor":18},{"not_picked":["Ghostly Armor","Warcry","Cleave"],"picked":"Singing Bowl","floor":22}],"player_experience":706233,"relics_obtained":[{"floor":7,"key":"Bag of Preparation"},{"floor":9,"key":"MawBank"},{"floor":10,"key":"Meat on the Bone"},{"floor":13,"key":"Singing Bowl"}],"event_choices":[{"damage_healed":0,"gold_gain":0,"player_choice":"Lose Max HP","damage_taken":0,"relics_obtained":["Golden Idol"],"max_hp_gain":0,"max_hp_loss":6,"event_name":"Golden Idol","floor":3,"gold_loss":0},{"damage_healed":0,"gold_gain":0,"player_choice":"Entered Light","damage_taken":15,"max_hp_gain":0,"max_hp_loss":0,"event_name":"Shining Light","floor":5,"gold_loss":0,"cards_upgraded":["Metallicize","Strike_R"]},{"damage_healed":0,"gold_gain":0,"player_choice":"Got Potions","damage_taken":0,"max_hp_gain":0,"max_hp_loss":0,"event_name":"Lab","floor":19,"gold_loss":0}],"is_beta":false,"boss_relics":[{"not_picked":["Tiny House","Pandora\u0027s Box"],"picked":"Empty Cage"}],"items_purged_floors":[12,21],"is_endless":false,"potions_floor_spawned":[1,10,11,13,16,18,20,22],"killed_by":"Book of Stabbing","ascension_level":12}