{"path_per_floor":["M","?","M","M","$","R","M","?","T","T","R","?","?","M","R","B",null,"M","?","M","$","?","R","?","R","T","?","M","M","?"],"character_chosen":"DEFECT","items_purchased":["Dark Shackles","Reinforced Body","Conserve Battery","Block Potion","Mind Blast"],"gold_per_floor":[116,116,128,138,8,8,22,22,47,117,117,174,174,187,187,307,345,360,360,383,181,181,181,104,104,104,104,123,141,141,141],"floor_reached":31,"campfire_rested":4,"playtime":1755,"item_purchase_floors":[5,5,21,21,21],"current_hp_per_floor":[85,85,79,69,69,69,62,50,50,50,76,65,65,55,81,23,94,70,70,60,60,36,65,65,94,94,94,46,8,8,0],"items_purged":[],"gold":141,"score":248,"play_id":"33092190-68fb-4626-a256-be9e59c755d9","local_time":"20180617114927","is_prod":false,"is_daily":false,"chose_seed":false,"is_ascension_mode":false,"campfire_upgraded":1,"win_rate":0.0,"timestamp":1529232567,"campfire_choices":[{"data":"Reinforced Body","floor":6,"key":"SMITH"},{"floor":11,"key":"REST"},{"floor":15,"key":"REST"},{"floor":23,"key":"REST"},{"floor":25,"key":"REST"}],"path_taken":["M","?","M","M","$","R","M","?","T","?","R","?","?","M","R","BOSS","M","?","M","$","?","R","?","R","T","?","?","M","?","M"],"build_version":"2018-06-14v2","seed_source_timestamp":232161263648026,"purchased_purges":0,"victory":false,"master_deck":["Strike_B+1","Strike_B+1","Strike_B+1","Strike_B+1","Defend_B+1","Defend_B+1","Defend_B+1","Defend_B+1","Zap+1","Dualcast","Tempest+1","Compile Driver","Sweeping Beam+1","Dark Shackles","Reinforced Body+1","Barrage","Electrodynamics","Leap","Multi-Cast","Force Field","Streamline","Rebound","Conserve Battery","Mind Blast","Trip","Leap","Leap+1"],"max_hp_per_floor":[89,89,89,89,89,89,89,89,89,89,89,89,89,89,89,89,94,99,99,99,99,99,99,99,99,99,99,99,99,99,99],"relics":["Cracked Core","War Paint","Vajra","Matryoshka","Anchor","Golden Idol","Tiny House","Mummified Hand","Regal Pillow"],"card_choices":[{"not_picked":["Glacier","Coolheaded"],"picked":"Tempest","floor":1},{"not_picked":["Fusion","Steam"],"picked":"Compile Driver","floor":3},{"not_picked":["Go for the Eyes","Chill"],"picked":"Sweeping Beam","floor":4},{"not_picked":["Coolheaded","Hologram"],"picked":"Barrage","floor":7},{"not_picked":["Reprogram","Streamline"],"picked":"Electrodynamics","floor":12},{"not_picked":["Aggregate","Rebound"],"picked":"Leap","floor":14},{"not_picked":["All For One","Electrodynamics"],"picked":"Multi-Cast","floor":16},{"not_picked":["Lockon","Steam"],"picked":"Force Field","floor":17},{"not_picked":["White Noise+1","Stack+1"],"picked":"Streamline","floor":18},{"not_picked":["Heatsinks","FTL"],"picked":"Rebound","floor":20},{"not_picked":["Undo","Go for the Eyes"],"picked":"Leap","floor":28},{"not_picked":["Ball Lightning+1","Coolheaded+1"],"picked":"Leap+1","floor":29}],"player_experience":29762,"potions_floor_usage":[18,18,18],"damage_taken":[{"damage":4,"enemies":"Jaw Worm","floor":1,"turns":3},{"damage":6,"enemies":"2 Louse","floor":3,"turns":2},{"damage":10,"enemies":"Cultist","floor":4,"turns":3},{"damage":7,"enemies":"3 Louse","floor":7,"turns":2},{"damage":11,"enemies":"Gremlin Nob","floor":12,"turns":5},{"damage":10,"enemies":"Exordium Wildlife","floor":14,"turns":4},{"damage":58,"enemies":"The Guardian","floor":16,"turns":11},{"damage":34,"enemies":"Shell Parasite","floor":18,"turns":9},{"damage":10,"enemies":"2 Thieves","floor":20,"turns":2},{"damage":48,"enemies":"3 Cultists","floor":28,"turns":7},{"damage":38,"enemies":"Sentry and Sphere","floor":29,"turns":6},{"damage":11,"enemies":"Cultist and Chosen","floor":31,"turns":5}],"relics_obtained":[{"floor":9,"key":"Vajra"},{"floor":10,"key":"Matryoshka"},{"floor":12,"key":"Anchor"},{"floor":26,"key":"Mummified Hand"},{"floor":26,"key":"Regal Pillow"}],"event_choices":[{"event_name":"Living Wall","player_choice":"Grow","floor":2,"damage_taken":0},{"event_name":"Scrap Ooze","player_choice":"success","floor":8,"damage_taken":12},{"event_name":"Dead Adventurer","player_choice":"Searched \u00272\u0027 times","floor":12,"damage_taken":0},{"event_name":"Golden Idol","player_choice":"Take Wound","floor":13,"damage_taken":0},{"event_name":"Fountain of Cleansing","player_choice":"Removed Curse","floor":19,"damage_taken":0},{"event_name":"Knowing Skull","player_choice":"CARD POTION ","floor":22,"damage_taken":0},{"event_name":"Drug Dealer","player_choice":"Got JAXXED","floor":24,"damage_taken":0},{"event_name":"Back to Basics","player_choice":"Simplicity","floor":27,"damage_taken":0},{"event_name":"Bonfire Elementals","player_choice":"SPECIAL","floor":30,"damage_taken":0}],"boss_relics":[{"not_picked":["Calling Bell","Nuclear Battery"],"picked":"Tiny House"}],"items_purged_floors":[],"is_endless":false,"potions_floor_spawned":[4,12,12,14,18,29],"seed_played":"-5334890855023047417","killed_by":"Cultist and Chosen","ascension_level":0,"potions_obtained":[{"floor":4,"key":"Regen Potion"},{"floor":12,"key":"Fruit Juice"},{"floor":12,"key":"SpeedPotion"},{"floor":17,"key":"SteroidPotion"},{"floor":18,"key":"AttackPotion"}],"is_trial":false}