{"gold_per_floor":[110,110,110,36,36,69,69,85,85,85,10,23,23,23,23,128,128,53,53],"floor_reached":19,"playtime":1009,"items_purged":["Strike_G"],"score":161,"play_id":"390d8fc6-5915-42d3-aecd-079d45f08c9c","local_time":"20180628103623","is_ascension_mode":false,"campfire_choices":[{"data":"Noxious Fumes","floor":7,"key":"SMITH"},{"data":"Dagger Spray","floor":10,"key":"SMITH"},{"data":"Leg Sweep","floor":13,"key":"SMITH"},{"floor":15,"key":"REST"}],"neow_cost":"NONE","seed_source_timestamp":807223883366348,"circlet_count":0,"master_deck":["Defend_G+1","Defend_G","Defend_G+1","Defend_G","Defend_G","Strike_G","Survivor","Neutralize","Leg Sweep+1","Noxious Fumes+1","Sucker Punch","Dagger Spray+1","Grand Finale"],"relics":["Ring of the Snake","Blood Vial","Boot","Snecko Eye"],"potions_floor_usage":[16],"damage_taken":[{"damage":10,"enemies":"Small Slimes","floor":1,"turns":4},{"damage":8,"enemies":"Lagavulin","floor":6,"turns":12},{"damage":0,"enemies":"2 Louse","floor":8,"turns":4},{"damage":0,"enemies":"Jaw Worm","floor":12,"turns":3},{"damage":8,"enemies":"The Guardian","floor":16,"turns":10},{"damage":1,"enemies":"2 Thieves","floor":18,"turns":5},{"damage":18,"enemies":"Shell Parasite","floor":19,"turns":3}],"seed_played":"6307441158244898726","potions_obtained":[{"floor":6,"key":"SmokeBomb"},{"floor":8,"key":"SpeedPotion"},{"floor":12,"key":"SkillPotion"}],"is_trial":false,"path_per_floor":["M","?","?","$","?","E","R","M","T","R","$","M","R","?","R","B",null,"M"],"character_chosen":"THE_SILENT","items_purchased":["Noxious Fumes"],"campfire_rested":1,"item_purchase_floors":[4],"current_hp_per_floor":[60,53,53,53,53,45,45,47,47,47,47,49,49,35,56,50,70,69,52],"gold":53,"neow_bonus":"REMOVE_CARD","is_prod":false,"is_daily":false,"chose_seed":false,"campfire_upgraded":3,"win_rate":0,"timestamp":1530178583,"path_taken":["M","?","?","$","?","E","R","M","T","R","?","M","R","?","R","BOSS","M","M"],"build_version":"2018-06-21v2","purchased_purges":1,"victory":false,"max_hp_per_floor":[70,70,70,70,70,70,70,70,70,70,70,70,70,70,70,70,70,70,70],"card_choices":[{"not_picked":["Flying Knee","Sucker Punch"],"picked":"Leg Sweep","floor":1},{"not_picked":["Concentrate","Flechettes"],"picked":"Sucker Punch","floor":6},{"not_picked":["Sucker Punch","Skewer"],"picked":"Dagger Spray","floor":8},{"not_picked":["PiercingWail","Distraction","Noxious Fumes"],"picked":"SKIP","floor":12},{"not_picked":["Storm of Steel","Burst"],"picked":"Grand Finale","floor":16},{"not_picked":["Deflect","Underhanded Strike","Finisher"],"picked":"SKIP","floor":18}],"player_experience":205951,"relics_obtained":[{"floor":6,"key":"Blood Vial"},{"floor":9,"key":"Boot"}],"event_choices":[{"event_name":"Golden Wing","player_choice":"Card Removal","floor":2,"damage_taken":0},{"event_name":"Living Wall","player_choice":"Forget","floor":3,"damage_taken":0},{"event_name":"Liars Game","player_choice":"disagreed","floor":5,"damage_taken":0},{"event_name":"Shining Light","player_choice":"Entered Light","floor":14,"damage_taken":0}],"boss_relics":[{"not_picked":["White Beast Statue","Eternal Feather"],"picked":"Snecko Eye"}],"items_purged_floors":[11],"is_endless":false,"potions_floor_spawned":[6,8,12],"killed_by":"Shell Parasite","ascension_level":0}