{"gold_per_floor":[110,122,133,133,145,145,176,192,217,235,252,285,460,480,480,582,582,595,595,37,57,57,57,84,100,100,131,150,150,150,150,150,255,255,270,281,300,313,141,170,170,204,231,248,296,307,307,338,338,338],"floor_reached":50,"playtime":3453,"items_purged":["Doubt","Writhe"],"score":758,"play_id":"4ea9886e-02bc-41f1-bd8a-f2506a3b9e71","local_time":"20190717111053","is_ascension_mode":true,"campfire_choices":[{"data":"Neutralize","floor":6,"key":"SMITH"},{"data":"Footwork","floor":15,"key":"SMITH"},{"data":"Unload","floor":23,"key":"SMITH"},{"data":"Adrenaline","floor":29,"key":"SMITH"},{"data":"Well Laid Plans","floor":32,"key":"SMITH"},{"floor":41,"key":"REST"},{"floor":49,"key":"REST"}],"neow_cost":"NONE","seed_source_timestamp":50497508728300,"circlet_count":0,"master_deck":["Strike_G","Strike_G","Strike_G","Defend_G","Defend_G","Defend_G","Survivor","Neutralize+1","Cloak And Dagger+1","Dagger Spray","Choke+1","Dash","Flying Knee","Bouncing Flask","Backstab","Leg Sweep","Footwork+1","Unload+1","Poisoned Stab+1","Outmaneuver+1","Backflip+1","Caltrops","Backflip+1","Adrenaline+1","Well Laid Plans+1","Footwork","Bouncing Flask","Corpse Explosion","Calculated Gamble+1","Noxious Fumes","Cloak And Dagger+1","Footwork","Infinite Blades+1","Setup+1","Normality","Noxious Fumes+1"],"relics":["Ring of the Snake","NeowsBlessing","Potion Belt","Dream Catcher","Strawberry","Astrolabe","Bag of Marbles","Bottled Tornado","Oddly Smooth Stone","Sundial","Meat on the Bone","Darkstone Periapt","Cursed Key","War Paint","Letter Opener","Happy Flower","Prayer Wheel","Bottled Lightning"],"potions_floor_usage":[12,16,24,24,24,27,33,42,42,42,44,50],"damage_taken":[{"damage":0,"enemies":"Cultist","floor":1,"turns":1},{"damage":0,"enemies":"2 Louse","floor":2,"turns":1},{"damage":0,"enemies":"Small Slimes","floor":3,"turns":1},{"damage":12,"enemies":"Blue Slaver","floor":5,"turns":4},{"damage":25,"enemies":"Lagavulin","floor":7,"turns":9},{"damage":0,"enemies":"Looter","floor":8,"turns":3},{"damage":1,"enemies":"Gremlin Gang","floor":10,"turns":4},{"damage":0,"enemies":"Blue Slaver","floor":11,"turns":3},{"damage":22,"enemies":"3 Sentries","floor":12,"turns":7},{"damage":1,"enemies":"3 Louse","floor":14,"turns":3},{"damage":2,"enemies":"The Guardian","floor":16,"turns":14},{"damage":12,"enemies":"Chosen","floor":18,"turns":5},{"damage":0,"enemies":"Shell Parasite","floor":21,"turns":6},{"damage":0,"enemies":"Gremlin Leader","floor":24,"turns":6},{"damage":4,"enemies":"Cultist and Chosen","floor":25,"turns":6},{"damage":30,"enemies":"Book of Stabbing","floor":27,"turns":9},{"damage":2,"enemies":"Snake Plant","floor":28,"turns":4},{"damage":58,"enemies":"Champ","floor":33,"turns":19},{"damage":1,"enemies":"Orb Walker","floor":35,"turns":3},{"damage":6,"enemies":"3 Shapes","floor":36,"turns":5},{"damage":16,"enemies":"Writhing Mass","floor":37,"turns":6},{"damage":11,"enemies":"Maw","floor":38,"turns":8},{"damage":22,"enemies":"Nemesis","floor":40,"turns":7},{"damage":50,"enemies":"Reptomancer","floor":42,"turns":8},{"damage":13,"enemies":"4 Shapes","floor":44,"turns":5},{"damage":24,"enemies":"2 Orb Walkers","floor":45,"turns":4},{"damage":0,"enemies":"Transient","floor":46,"turns":5},{"damage":11,"enemies":"Nemesis","floor":48,"turns":7},{"damage":70,"enemies":"Time Eater","floor":50,"turns":9}],"seed_played":"-3220408509001304351","potions_obtained":[{"floor":5,"key":"EssenceOfSteel"},{"floor":7,"key":"SpeedPotion"},{"floor":8,"key":"Regen Potion"},{"floor":11,"key":"EssenceOfSteel"},{"floor":12,"key":"Strength Potion"},{"floor":21,"key":"Explosive Potion"},{"floor":27,"key":"Fire Potion"},{"floor":37,"key":"Weak Potion"},{"floor":38,"key":"Fire Potion"},{"floor":40,"key":"Regen Potion"},{"floor":42,"key":"Explosive Potion"},{"floor":46,"key":"Fire Potion"},{"floor":48,"key":"SneckoOil"}],"is_trial":false,"path_per_floor":["M","M","M","?","M","R","E","M","T","M","M","E","?","M","R","B",null,"M","?","$","M","$","R","E","M","T","E","M","R","?","?","R","B",null,"M","M","M","M","$","E","R","E","T","M","?","M","?","E","R","B"],"character_chosen":"THE_SILENT","items_purchased":["Bottled Tornado","Oddly Smooth Stone","Caltrops","Footwork"],"campfire_rested":2,"item_purchase_floors":[20,20,20,39],"current_hp_per_floor":[70,70,70,70,58,58,33,33,33,32,32,32,32,31,31,29,77,65,65,65,65,65,65,65,61,61,43,41,41,66,66,66,20,77,76,70,54,43,43,33,56,33,39,38,26,38,38,39,63,0],"gold":338,"neow_bonus":"THREE_ENEMY_KILL","is_prod":false,"is_daily":false,"chose_seed":false,"campfire_upgraded":5,"win_rate":0,"timestamp":1563376253,"path_taken":["M","?","M","?","?","R","E","M","T","M","M","E","?","M","R","BOSS","M","?","$","M","$","R","E","M","T","E","M","R","?","?","R","BOSS","M","?","M","M","$","E","R","E","T","M","?","M","?","E","R","BOSS"],"build_version":"2019-07-05","purchased_purges":2,"victory":false,"max_hp_per_floor":[70,70,70,70,70,70,70,70,70,70,70,77,77,77,77,77,77,77,77,77,77,77,77,77,77,77,77,77,77,77,77,77,77,77,77,77,77,77,77,77,77,77,83,83,83,83,83,83,83,83],"card_choices":[{"not_picked":["Dagger Spray","Deflect"],"picked":"Cloak And Dagger","floor":1},{"not_picked":["Slice","Quick Slash"],"picked":"Dagger Spray","floor":2},{"not_picked":["Accuracy","Blade Dance"],"picked":"Choke","floor":3},{"not_picked":["Blade Dance","Heel Hook"],"picked":"Dash","floor":5},{"not_picked":["Masterful Stab","Blade Dance"],"picked":"Flying Knee","floor":7},{"not_picked":["Infinite Blades","Prepared"],"picked":"Bouncing Flask","floor":8},{"not_picked":["Backflip","Underhanded Strike"],"picked":"Backstab","floor":10},{"not_picked":["Dagger Throw","Acrobatics","Finisher"],"picked":"SKIP","floor":11},{"not_picked":["Accuracy","Setup"],"picked":"Leg Sweep","floor":12},{"not_picked":["Well Laid Plans","Backflip"],"picked":"Footwork","floor":14},{"not_picked":["Tools of the Trade","Phantasmal Killer"],"picked":"Unload","floor":16},{"not_picked":["Blade Dance","Reflex","Bouncing Flask+1"],"picked":"SKIP","floor":18},{"not_picked":["Quick Slash","Sucker Punch","Bane"],"picked":"SKIP","floor":21},{"not_picked":["Quick Slash","Eviscerate+1"],"picked":"Backflip","floor":24},{"not_picked":["Setup","Flying Knee"],"picked":"Adrenaline","floor":25},{"not_picked":["Cloak And Dagger","Finisher"],"picked":"Well Laid Plans","floor":27},{"not_picked":["Distraction","Backflip"],"picked":"Footwork","floor":28},{"not_picked":["Unload","Phantasmal Killer"],"picked":"Corpse Explosion","floor":33},{"not_picked":["Bane","Blade Dance","Dagger Throw+1"],"picked":"SKIP","floor":35},{"not_picked":["Dagger Throw","Backflip"],"picked":"Calculated Gamble+1","floor":36},{"not_picked":["Sucker Punch","Dagger Spray+1"],"picked":"Noxious Fumes","floor":37},{"not_picked":["Outmaneuver","Dagger Spray"],"picked":"Cloak And Dagger+1","floor":38},{"not_picked":["Corpse Explosion","Cloak And Dagger+1","Finisher+1"],"picked":"SKIP","floor":40},{"not_picked":["Endless Agony+1","PiercingWail"],"picked":"Infinite Blades+1","floor":41},{"not_picked":["Dagger Spray+1","Dodge and Roll"],"picked":"Setup+1","floor":42},{"not_picked":["Acrobatics+1","Slice","Infinite Blades+1"],"picked":"SKIP","floor":44},{"not_picked":["Sucker Punch+1","Dagger Spray+1","Cloak And Dagger"],"picked":"SKIP","floor":46},{"not_picked":["Underhanded Strike+1","Deadly Poison","Outmaneuver+1"],"picked":"SKIP","floor":46},{"not_picked":["Underhanded Strike+1","Outmaneuver+1","Blade Dance"],"picked":"SKIP","floor":48},{"not_picked":["Infinite Blades+1","Poisoned Stab+1"],"picked":"Noxious Fumes+1","floor":49}],"player_experience":377171,"relics_obtained":[{"floor":7,"key":"Potion Belt"},{"floor":9,"key":"Dream Catcher"},{"floor":12,"key":"Strawberry"},{"floor":24,"key":"Sundial"},{"floor":26,"key":"Meat on the Bone"},{"floor":27,"key":"Darkstone Periapt"},{"floor":40,"key":"War Paint"},{"floor":42,"key":"Letter Opener"},{"floor":43,"key":"Happy Flower"},{"floor":45,"key":"Prayer Wheel"},{"floor":48,"key":"Bottled Lightning"}],"event_choices":[{"damage_healed":0,"gold_gain":0,"player_choice":"Upgraded","damage_taken":0,"max_hp_gain":0,"max_hp_loss":0,"event_name":"Upgrade Shrine","floor":4,"gold_loss":0,"cards_upgraded":["Choke"]},{"damage_healed":0,"gold_gain":175,"player_choice":"AGREE","damage_taken":0,"max_hp_gain":0,"max_hp_loss":0,"event_name":"Liars Game","floor":13,"gold_loss":0,"cards_obtained":["Doubt"]},{"damage_healed":0,"gold_gain":0,"player_choice":"Opened","damage_taken":0,"relics_obtained":["Bag of Marbles"],"max_hp_gain":0,"max_hp_loss":0,"event_name":"The Mausoleum","floor":19,"gold_loss":0,"cards_obtained":["Writhe"]},{"damage_healed":25,"gold_gain":0,"player_choice":"Heal","damage_taken":0,"max_hp_gain":0,"max_hp_loss":0,"event_name":"The Library","floor":30,"gold_loss":0},{"damage_healed":0,"gold_gain":0,"cards_transformed":["Defend_G"],"player_choice":"Transformed","damage_taken":0,"max_hp_gain":0,"max_hp_loss":0,"event_name":"Transmorgrifier","floor":31,"gold_loss":0,"cards_obtained":["Bouncing Flask"]},{"damage_healed":0,"gold_gain":0,"player_choice":"Fight","damage_taken":0,"max_hp_gain":0,"max_hp_loss":0,"event_name":"Mysterious Sphere","floor":45,"gold_loss":0},{"damage_healed":0,"gold_gain":0,"player_choice":"Ignored","damage_taken":0,"max_hp_gain":0,"max_hp_loss":0,"event_name":"SecretPortal","floor":47,"gold_loss":0}],"is_beta":false,"boss_relics":[{"not_picked":["Calling Bell","Orrery"],"picked":"Astrolabe"},{"not_picked":["Sozu","Runic Dome"],"picked":"Cursed Key"}],"items_purged_floors":[20,39],"is_endless":false,"potions_floor_spawned":[5,7,8,11,12,21,27,37,38,40,42,46,48],"killed_by":"Time Eater","ascension_level":4}