{"gold_per_floor":[113,38,38,38,50,50,82,102,102,134,134,164,182,207,207,306,306,319,35,29,49,0,0,14,48,101,176,193,193,211,228,228,323,323,333,96,113,131,22,22,36,36,36,36,36,36,36,50,50,50],"floor_reached":50,"playtime":6418,"items_purged":["Strike_G","Strike_G"],"score":633,"play_id":"3c5d70ec-4d2e-4b0b-8804-efdc4311322b","local_time":"20181019130132","is_ascension_mode":true,"campfire_choices":[{"data":"Neutralize","floor":6.0,"key":"SMITH"},{"floor":11.0,"key":"REST"},{"floor":15.0,"key":"REST"},{"data":"Footwork","floor":23.0,"key":"SMITH"},{"data":"Footwork","floor":29.0,"key":"SMITH"},{"floor":32.0,"key":"REST"},{"data":"After Image","floor":40.0,"key":"SMITH"},{"data":"Noxious Fumes","floor":44,"key":"SMITH"},{"data":"Noxious Fumes","floor":46,"key":"SMITH"},{"floor":49,"key":"REST"}],"neow_cost":"NONE","seed_source_timestamp":0,"circlet_count":0,"master_deck":["Defend_G","Defend_G","Defend_G","Defend_G","Strike_G","Survivor","Neutralize+1","Flying Knee","Flying Knee","Flying Knee","Noxious Fumes+1","PiercingWail","Endless Agony","Flying Knee","Flying Knee","Glass Knife","Noxious Fumes+1","Footwork+1","Footwork+1","After Image+1","Dodge and Roll","Deflect+1","Dagger Spray+1","Bane","Backstab","Poisoned Stab","After Image","Footwork+1","Outmaneuver+1","Poisoned Stab","Adrenaline","Poisoned Stab+1","Finisher","Normality","Bandage Up","Quick Slash"],"special_seed":0,"relics":["Ring of the Snake","Meat on the Bone","Thread and Needle","Letter Opener","Calipers","The Courier","Odd Mushroom","Empty Cage","Mercury Hourglass","Orichalcum","Cursed Key","Mango","Ginger","Sundial"],"potions_floor_usage":[50],"damage_taken":[{"damage":0.0,"enemies":"2 Louse","floor":1.0,"turns":2.0},{"damage":0.0,"enemies":"Small Slimes","floor":5.0,"turns":4.0},{"damage":34.0,"enemies":"3 Sentries","floor":7.0,"turns":10.0},{"damage":0.0,"enemies":"Jaw Worm","floor":8.0,"turns":4.0},{"damage":0.0,"enemies":"Lagavulin","floor":10.0,"turns":8.0},{"damage":9.0,"enemies":"3 Sentries","floor":12.0,"turns":9.0},{"damage":15.0,"enemies":"Gremlin Gang","floor":13.0,"turns":5.0},{"damage":21.0,"enemies":"The Mushroom Lair","floor":14.0,"turns":6.0},{"damage":8.0,"enemies":"The Guardian","floor":16.0,"turns":15.0},{"damage":20.0,"enemies":"Shell Parasite","floor":18.0,"turns":7.0},{"damage":8.0,"enemies":"2 Thieves","floor":20.0,"turns":4.0},{"damage":5.0,"enemies":"Snake Plant","floor":21.0,"turns":7.0},{"damage":4.0,"enemies":"Chosen and Byrds","floor":24.0,"turns":8.0},{"damage":3.0,"enemies":"Book of Stabbing","floor":25.0,"turns":10.0},{"damage":0.0,"enemies":"Centurion and Healer","floor":28.0,"turns":8.0},{"damage":18.0,"enemies":"Snecko","floor":30.0,"turns":6.0},{"damage":0.0,"enemies":"Shelled Parasite and Fungi","floor":31.0,"turns":6.0},{"damage":1.0,"enemies":"Collector","floor":33.0,"turns":11.0},{"damage":5.0,"enemies":"Orb Walker","floor":35.0,"turns":4.0},{"damage":0.0,"enemies":"3 Shapes","floor":37.0,"turns":6.0},{"damage":0.0,"enemies":"Transient","floor":38.0,"turns":5.0},{"damage":15.0,"enemies":"4 Shapes","floor":41.0,"turns":4.0},{"damage":6,"enemies":"Mind Bloom Boss Battle","floor":42,"turns":8},{"damage":33,"enemies":"3 Darklings","floor":48,"turns":5},{"damage":82,"enemies":"Time Eater","floor":50,"turns":14}],"seed_played":"-1428083793496536770","potions_obtained":[{"floor":0.0,"key":"LiquidBronze"},{"floor":0.0,"key":"Fire Potion"},{"floor":0.0,"key":"Weak Potion"},{"floor":1.0,"key":"GhostInAJar"},{"floor":8.0,"key":"SkillPotion"},{"floor":14.0,"key":"GamblersBrew"},{"floor":24.0,"key":"Dexterity Potion"},{"floor":25.0,"key":"Regen Potion"},{"floor":31.0,"key":"SkillPotion"},{"floor":33.0,"key":"Fire Potion"},{"floor":37.0,"key":"SkillPotion"},{"floor":42,"key":"Fruit Juice"}],"is_trial":false,"path_per_floor":["M","$","?","$","M","R","E","M","T","E","R","E","M","?","R","B",null,"M","$","M","M","?","R","M","E","T","?","M","R","M","M","R","B",null,"M","$","M","M","$","R","M","?","T","R","?","R","?","M","R"],"character_chosen":"THE_SILENT","items_purchased":["Footwork","Footwork","After Image","Mango","Adrenaline"],"campfire_rested":4,"item_purchase_floors":[19,19,19,36,39],"current_hp_per_floor":[70,70,58,58,58,58,36,36,36,36,57,48,45,36,57,49,70,50,50,42,37,37,37,45,42,42,35,47,47,43,43,64,63,70,65,79,79,79,79,79,64,58,58,58,58,58,58,41,66,0],"gold":50,"neow_bonus":"THREE_SMALL_POTIONS","is_prod":false,"is_daily":false,"chose_seed":false,"campfire_upgraded":6,"win_rate":0,"timestamp":1539950492,"path_taken":["M","$","?","$","?","R","E","M","T","E","R","E","M","?","R","BOSS","M","$","M","M","?","R","M","E","T","?","M","R","?","M","R","BOSS","M","$","M","M","$","R","M","?","T","R","?","R","?","M","R","BOSS"],"build_version":"2018-10-18","purchased_purges":2,"victory":false,"max_hp_per_floor":[70,70,70,70,70,70,70,70,70,70,70,70,70,70,70,70,70,70,70,70,70,70,70,70,70,70,70,70,70,70,70,70,70,70,70,84,84,84,84,84,84,84,84,84,84,84,84,84,84,89],"card_choices":[{"not_picked":["Slice","Sucker Punch"],"picked":"Flying Knee","floor":1.0},{"not_picked":["Blade Dance","Slice"],"picked":"Flying Knee","floor":5.0},{"not_picked":["Dodge and Roll","Catalyst"],"picked":"Flying Knee","floor":7.0},{"not_picked":["Dagger Throw","Deadly Poison"],"picked":"Noxious Fumes","floor":8.0},{"not_picked":["Storm of Steel","Blur"],"picked":"PiercingWail","floor":10.0},{"not_picked":["Dodge and Roll","Skewer"],"picked":"Endless Agony","floor":12.0},{"not_picked":["Deadly Poison","Accuracy"],"picked":"Flying Knee","floor":13.0},{"not_picked":["Eviscerate","Infinite Blades"],"picked":"Flying Knee","floor":14.0},{"not_picked":["Envenom","Corpse Explosion"],"picked":"Glass Knife","floor":16.0},{"not_picked":["Acrobatics","Reflex"],"picked":"Noxious Fumes","floor":18.0},{"not_picked":["Calculated Gamble","Quick Slash","Blade Dance"],"picked":"SKIP","floor":20.0},{"not_picked":["Concentrate","Quick Slash"],"picked":"Dodge and Roll","floor":21.0},{"not_picked":["Outmaneuver","Deadly Poison"],"picked":"Deflect+1","floor":24.0},{"not_picked":["Quick Slash","Outmaneuver"],"picked":"Dagger Spray+1","floor":25.0},{"not_picked":["Predator","Setup"],"picked":"Bane","floor":28.0},{"not_picked":["Underhanded Strike+1","Bouncing Flask"],"picked":"Backstab","floor":30.0},{"not_picked":["Wraith Form v2","Deadly Poison"],"picked":"Poisoned Stab","floor":31.0},{"not_picked":["Venomology","Unload"],"picked":"After Image","floor":33.0},{"not_picked":["Terror","Underhanded Strike"],"picked":"Footwork+1","floor":35.0},{"not_picked":["Concentrate+1","Acrobatics+1"],"picked":"Outmaneuver+1","floor":37.0},{"not_picked":["Blade Dance","PiercingWail"],"picked":"Poisoned Stab","floor":38.0},{"not_picked":["Deadly Poison","Underhanded Strike+1"],"picked":"Poisoned Stab+1","floor":41.0},{"not_picked":["Dash+1","Bullet Time"],"picked":"Finisher","floor":42},{"not_picked":["Dark Shackles","Secret Technique"],"picked":"Bandage Up","floor":45},{"not_picked":["Sucker Punch","Calculated Gamble+1"],"picked":"Quick Slash","floor":48}],"player_experience":175015,"relics_obtained":[{"floor":7.0,"key":"Thread and Needle"},{"floor":9.0,"key":"Letter Opener"},{"floor":10.0,"key":"Calipers"},{"floor":12.0,"key":"The Courier"},{"floor":14.0,"key":"Odd Mushroom"},{"floor":25.0,"key":"Mercury Hourglass"},{"floor":26.0,"key":"Orichalcum"},{"floor":42,"key":"Ginger"},{"floor":43,"key":"Sundial"}],"event_choices":[{"event_name":"Scrap Ooze","player_choice":"success","floor":3.0,"damage_taken":12.0},{"event_name":"Mushrooms","player_choice":"Fought Mushrooms","floor":14.0,"damage_taken":0.0},{"event_name":"Masked Bandits","player_choice":"Paid Fearfully","floor":22.0,"damage_taken":0.0},{"event_name":"FaceTrader","player_choice":"Touch","floor":27.0,"damage_taken":0.0},{"damage_healed":0,"gold_gain":0,"player_choice":"Fight","damage_taken":0,"max_hp_gain":0,"max_hp_loss":0,"event_name":"MindBloom","floor":42,"gold_loss":0},{"damage_healed":0,"gold_gain":0,"player_choice":"Memory 1","damage_taken":0,"max_hp_gain":0,"max_hp_loss":0,"event_name":"SensoryStone","floor":45,"gold_loss":0},{"cards_removed":["Defend_G"],"damage_healed":0,"gold_gain":0,"player_choice":"Removed Skill","damage_taken":0,"max_hp_gain":0,"max_hp_loss":0,"event_name":"Falling","floor":47,"gold_loss":0}],"is_beta":false,"boss_relics":[{"not_picked":["Calling Bell","Ectoplasm"],"picked":"Empty Cage"},{"not_picked":["Orrery","Runic Pyramid"],"picked":"Cursed Key"}],"items_purged_floors":[2,19],"is_endless":false,"potions_floor_spawned":[1,8,14,24,25,31,33,37,42],"killed_by":"Time Eater","ascension_level":2}