{"gold_per_floor":[210,160,160,39,39,39,39,64,64,77,77,88,88,88,88,88],"floor_reached":16,"playtime":791,"items_purged":[],"score":106,"play_id":"e0b055dd-3c9d-405f-a7fb-03a77cad4bbc","local_time":"20190815161133","is_ascension_mode":true,"campfire_choices":[{"data":"Shockwave","floor":7,"key":"SMITH"},{"floor":13,"key":"REST"},{"data":"Shrug It Off","floor":15,"key":"SMITH"}],"neow_cost":"NONE","seed_source_timestamp":21870887697259,"circlet_count":0,"master_deck":["Strike_R","Strike_R","Strike_R","Strike_R","Defend_R","Defend_R","Defend_R","Defend_R","Bash+1","Shockwave+1","Shrug It Off+1","Shrug It Off+1"],"relics":["Burning Blood","Letter Opener","Pear","Ornamental Fan"],"potions_floor_usage":[],"damage_taken":[{"damage":7,"enemies":"2 Louse","floor":1,"turns":4},{"damage":61,"enemies":"3 Sentries","floor":8,"turns":16},{"damage":4,"enemies":"Small Slimes","floor":10,"turns":4},{"damage":4,"enemies":"Jaw Worm","floor":12,"turns":5},{"damage":65,"enemies":"The Guardian","floor":16,"turns":18}],"seed_played":"4378579826091940040","potions_obtained":[{"floor":8,"key":"SpeedPotion"}],"is_trial":false,"path_per_floor":["M","?","?","$","T","$","R","E","T","M","?","M","R","$","R","B"],"character_chosen":"IRONCLAD","items_purchased":["Shockwave","Shrug It Off"],"campfire_rested":1,"item_purchase_floors":[4,4],"current_hp_per_floor":[79,79,79,79,79,79,79,34,34,36,36,38,65,65,65,0],"gold":88,"neow_bonus":"HUNDRED_GOLD","is_prod":false,"is_daily":false,"chose_seed":false,"campfire_upgraded":2,"win_rate":0,"timestamp":1565881893,"path_taken":["M","?","?","$","?","?","R","E","T","M","?","M","R","$","R","BOSS"],"build_version":"2019-07-17","purchased_purges":0,"victory":false,"max_hp_per_floor":[80,80,80,80,80,80,80,90,90,90,90,90,90,90,90,90],"card_choices":[{"not_picked":["Havoc","Heavy Blade","Cleave"],"picked":"SKIP","floor":1},{"not_picked":["Infernal Blade","Searing Blow","Fire Breathing"],"picked":"SKIP","floor":8},{"not_picked":["Anger","Cleave"],"picked":"Shrug It Off","floor":10},{"not_picked":["Body Slam","Clothesline","Iron Wave"],"picked":"SKIP","floor":12}],"player_experience":381958,"relics_obtained":[{"floor":5,"key":"Letter Opener"},{"floor":8,"key":"Pear"},{"floor":9,"key":"Ornamental Fan"}],"event_choices":[{"cards_removed":["Strike_R"],"damage_healed":0,"gold_gain":0,"player_choice":"Card Removal","damage_taken":0,"max_hp_gain":0,"max_hp_loss":0,"event_name":"The Cleric","floor":2,"gold_loss":50},{"damage_healed":0,"gold_gain":0,"player_choice":"Grow","damage_taken":0,"max_hp_gain":0,"max_hp_loss":0,"event_name":"Living Wall","floor":3,"gold_loss":0,"cards_upgraded":["Bash"]},{"damage_healed":0,"gold_gain":0,"player_choice":"Forge","damage_taken":0,"max_hp_gain":0,"max_hp_loss":0,"event_name":"Accursed Blacksmith","floor":11,"gold_loss":0,"cards_upgraded":["Shrug It Off"]}],"is_beta":false,"boss_relics":[],"items_purged_floors":[],"is_endless":false,"potions_floor_spawned":[8],"killed_by":"The Guardian","ascension_level":2}