{"gold_per_floor":[119,119,70,90,90,118,118,145,145,57,57,57,71,34,34,139,139,154,154,13,29,10,10,21,41,41,140,18,18,36,49,49,146,146,161,181,181,193,193,193,207,239,239,257,268,268,35,49,49,49],"floor_reached":51,"playtime":9113,"items_purged":["Strike_G","Strike_G","Strike_G"],"score":742,"play_id":"b416111a-a6e4-4eb8-a4d1-044c99646a2f","local_time":"20181009191237","is_ascension_mode":true,"campfire_choices":[{"data":"Caltrops","floor":7,"key":"SMITH"},{"floor":12,"key":"REST"},{"floor":15,"key":"REST"},{"data":"Footwork","floor":23,"key":"SMITH"},{"floor":32,"key":"REST"},{"data":"Footwork","floor":40,"key":"SMITH"},{"floor":49,"key":"REST"}],"neow_cost":"NONE","seed_source_timestamp":756963399921935,"circlet_count":0,"master_deck":["Defend_G","Defend_G","Defend_G","Defend_G","Defend_G","Survivor","Neutralize","Dagger Spray","PiercingWail","Caltrops+1","Dagger Throw","Footwork+1","PiercingWail","Cloak And Dagger","Adrenaline","Flying Knee+1","Necronomicurse","Footwork+1","Slice+1","Backflip","Outmaneuver","Caltrops","Footwork+1","Adrenaline","Sucker Punch","After Image","Footwork","Outmaneuver+1","Magnetism","Slice+1","Prepared+1","Adrenaline","Noxious Fumes","Discovery","Cloak And Dagger+1"],"relics":["Ring of the Snake","Gambling Chip","Boot","The Courier","Runic Pyramid","Necronomicon","Ninja Scroll","MutagenicStrength","Lizard Tail","Mercury Hourglass"],"potions_floor_usage":[6,16,33,36,41,42,44,44,50],"damage_taken":[{"damage":4,"enemies":"Jaw Worm","floor":1,"turns":6},{"damage":0,"enemies":"Small Slimes","floor":4,"turns":3},{"damage":25,"enemies":"3 Sentries","floor":6,"turns":11},{"damage":42,"enemies":"Gremlin Nob","floor":8,"turns":6},{"damage":1,"enemies":"2 Louse","floor":13,"turns":2},{"damage":23,"enemies":"Hexaghost","floor":16,"turns":14},{"damage":8,"enemies":"Spheric Guardian","floor":18,"turns":6},{"damage":0,"enemies":"3 Byrds","floor":21,"turns":2},{"damage":1,"enemies":"Snake Plant","floor":24,"turns":4},{"damage":2,"enemies":"Sentry and Sphere","floor":25,"turns":8},{"damage":10,"enemies":"Centurion and Healer","floor":30,"turns":10},{"damage":0,"enemies":"Snake Plant","floor":31,"turns":3},{"damage":0,"enemies":"Collector","floor":33,"turns":18},{"damage":1,"enemies":"Orb Walker","floor":35,"turns":5},{"damage":0,"enemies":"3 Shapes","floor":36,"turns":7},{"damage":0,"enemies":"Reptomancer","floor":38,"turns":8},{"damage":0,"enemies":"Maw","floor":41,"turns":11},{"damage":2,"enemies":"4 Shapes","floor":42,"turns":8},{"damage":35,"enemies":"Transient","floor":44,"turns":5},{"damage":5,"enemies":"3 Darklings","floor":45,"turns":6},{"damage":0,"enemies":"Reptomancer","floor":48,"turns":9},{"damage":43,"enemies":"Donu and Deca","floor":50,"turns":15}],"seed_played":"-8956524725113505071","potions_obtained":[{"floor":1,"key":"Fire Potion"},{"floor":8,"key":"Swift Potion"},{"floor":18,"key":"Dexterity Potion"},{"floor":25,"key":"Swift Potion"},{"floor":31,"key":"Weak Potion"},{"floor":35,"key":"Strength Potion"},{"floor":38,"key":"SteroidPotion"},{"floor":42,"key":"Weak Potion"},{"floor":48,"key":"Dexterity Potion"}],"is_trial":false,"path_per_floor":["M","?","$","M","?","E","R","E","T","$","?","R","M","$","R","B",null,"M","?","$","M","$","R","M","M","T","?","$","?","M","M","R","B",null,"M","M","?","M","?","R","M","M","T","M","M","?","$","M","R","B"],"character_chosen":"THE_SILENT","items_purchased":["Dagger Spray","Footwork","Cloak And Dagger","Footwork","Backflip","Caltrops","Footwork","Noxious Fumes","Discovery"],"campfire_rested":4,"item_purchase_floors":[3,10,14,20,22,28,28,47,47],"current_hp_per_floor":[66,71,71,71,71,46,46,4,4,4,4,26,25,25,47,24,75,67,51,51,51,51,51,50,48,48,48,48,48,38,38,60,60,75,74,74,74,74,74,74,74,72,72,37,32,32,32,32,54,11],"gold":49,"neow_bonus":"REMOVE_CARD","is_prod":false,"is_daily":false,"chose_seed":false,"campfire_upgraded":3,"win_rate":0,"timestamp":1539108757,"path_taken":["M","?","$","M","?","E","R","E","T","$","?","R","M","$","R","BOSS","M","?","$","M","$","R","M","M","T","?","?","?","?","?","R","BOSS","M","M","?","M","?","R","?","M","T","M","M","?","$","M","R","BOSS"],"build_version":"2018-10-04v2","purchased_purges":3,"victory":true,"max_hp_per_floor":[70,75,75,75,75,75,75,75,75,75,75,75,75,75,75,75,75,75,75,75,75,75,75,75,75,75,75,75,75,75,75,75,75,75,75,75,75,75,75,75,75,75,75,75,75,75,75,75,75,75],"card_choices":[{"not_picked":["Expertise","Infinite Blades","Catalyst"],"picked":"SKIP","floor":1},{"not_picked":["Sucker Punch","Blur"],"picked":"PiercingWail","floor":4},{"not_picked":["Backflip","Escape Plan"],"picked":"Caltrops","floor":6},{"not_picked":["Outmaneuver","Heel Hook"],"picked":"Dagger Throw","floor":8},{"not_picked":["Acrobatics","Dagger Throw"],"picked":"PiercingWail","floor":13},{"not_picked":["Die Die Die","Envenom"],"picked":"Adrenaline","floor":16},{"not_picked":["Poisoned Stab+1","Sucker Punch+1"],"picked":"Flying Knee+1","floor":18},{"not_picked":["Deadly Poison","All Out Attack+1"],"picked":"Slice+1","floor":21},{"not_picked":["Riddle With Holes","Acrobatics","Skewer"],"picked":"SKIP","floor":24},{"not_picked":["Underhanded Strike+1","Infinite Blades"],"picked":"Outmaneuver","floor":25},{"not_picked":["Blade Dance+1","Dagger Spray+1"],"picked":"Adrenaline","floor":30},{"not_picked":["Blur","Bane+1"],"picked":"Sucker Punch","floor":31},{"not_picked":["Storm of Steel","Doppelganger"],"picked":"After Image","floor":33},{"not_picked":["Bane+1","Poisoned Stab"],"picked":"Footwork","floor":35},{"not_picked":["Poisoned Stab+1","Dagger Spray+1"],"picked":"Outmaneuver+1","floor":36},{"not_picked":["Outmaneuver","Underhanded Strike","Poisoned Stab"],"picked":"SKIP","floor":38},{"not_picked":["Secret Technique","Impatience"],"picked":"Magnetism","floor":39},{"not_picked":["Dagger Throw+1","Bane+1","Bouncing Flask+1"],"picked":"SKIP","floor":41},{"not_picked":["Dagger Throw+1","Bane+1","Poisoned Stab"],"picked":"SKIP","floor":42},{"not_picked":["Tactician+1","All Out Attack+1"],"picked":"Slice+1","floor":44},{"not_picked":["Choke+1","Quick Slash+1"],"picked":"Prepared+1","floor":45},{"not_picked":["Tactician","Endless Agony+1"],"picked":"Cloak And Dagger+1","floor":48}],"player_experience":151946,"relics_obtained":[{"floor":6,"key":"Gambling Chip"},{"floor":8,"key":"Boot"},{"floor":9,"key":"The Courier"},{"floor":19,"key":"Necronomicon"},{"floor":26,"key":"Ninja Scroll"},{"floor":43,"key":"Mercury Hourglass"}],"event_choices":[{"event_name":"Big Fish","player_choice":"Donut","floor":2,"damage_taken":0},{"event_name":"Liars Game","player_choice":"disagreed","floor":5,"damage_taken":0},{"event_name":"Upgrade Shrine","player_choice":"Upgraded","floor":11,"damage_taken":0},{"event_name":"Cursed Tome","player_choice":"Obtained Book","floor":19,"damage_taken":0},{"event_name":"Nest","player_choice":"Stole From Cult","floor":27,"damage_taken":0},{"event_name":"Drug Dealer","player_choice":"Inject Mutagens","floor":29,"damage_taken":0},{"event_name":"Tomb of Lord Red Mask","player_choice":"Ignored","floor":37,"damage_taken":0},{"event_name":"SensoryStone","player_choice":"Memory 1","floor":39,"damage_taken":0},{"event_name":"Transmorgrifier","player_choice":"Transform","floor":46,"damage_taken":0}],"is_beta":false,"boss_relics":[{"not_picked":["HoveringKite","Ring of the Serpent"],"picked":"Runic Pyramid"},{"not_picked":["Calling Bell","Tiny House"],"picked":"Lizard Tail"}],"items_purged_floors":[10,20,47],"is_endless":false,"potions_floor_spawned":[1,8,18,25,31,35,38,42,48],"ascension_level":1}