{"path_per_floor":["M","$","M","?","?","R","?","R","T","M","R","$","M","M","R"],"character_chosen":"THE_SILENT","items_purchased":["Dagger Spray","Footwork","Tough Bandages","Meat on the Bone","Madness","Deflect"],"gold_per_floor":[114,32,49,149,324,324,324,324,624,636,636,4,24,43,43,43],"floor_reached":16,"campfire_rested":2,"playtime":1095,"item_purchase_floors":[2,2,12,12,12,12],"current_hp_per_floor":[67,67,61,61,61,61,66,75,75,75,75,75,65,65,75,2],"items_purged":[],"gold":43,"score":90,"play_id":"90df8bd4-d19e-4996-b1ee-1691d057b41c","local_time":"20180622223943","is_prod":false,"is_daily":false,"chose_seed":false,"is_ascension_mode":false,"campfire_upgraded":2,"win_rate":0.0,"timestamp":1529703583,"campfire_choices":[{"data":"Sucker Punch","floor":6,"key":"SMITH"},{"floor":8,"key":"REST"},{"data":"Dagger Spray","floor":11,"key":"SMITH"},{"floor":15,"key":"REST"}],"path_taken":["M","$","M","?","?","R","?","R","T","M","R","$","M","M","R","BOSS"],"build_version":"2018-06-21","seed_source_timestamp":332128697755208,"purchased_purges":0,"circlet_count":0,"victory":false,"master_deck":["Defend_G","Defend_G","Defend_G","Defend_G","Defend_G","Strike_G","Strike_G","Strike_G","Strike_G","Strike_G","Survivor","Neutralize","Sucker Punch+1","Dagger Spray+1","Footwork","Underhanded Strike","Doubt","Deflect","Madness","Deflect","Backflip","Underhanded Strike"],"max_hp_per_floor":[70,70,70,70,70,70,75,75,75,75,75,75,75,75,75,75],"relics":["Lizard Tail","Old Coin","Tough Bandages","Meat on the Bone"],"card_choices":[{"not_picked":["Outmaneuver","Expertise"],"picked":"Sucker Punch","floor":1},{"not_picked":["Backflip","Infinite Blades"],"picked":"Underhanded Strike","floor":3},{"not_picked":["PiercingWail","Underhanded Strike"],"picked":"Deflect","floor":10},{"not_picked":["Reflex","Acrobatics"],"picked":"Backflip","floor":13},{"not_picked":["Poisoned Stab","Deflect"],"picked":"Underhanded Strike","floor":14}],"player_experience":66590,"potions_floor_usage":[],"damage_taken":[{"damage":3,"enemies":"2 Louse","floor":1,"turns":3},{"damage":6,"enemies":"Cultist","floor":3,"turns":4},{"damage":0,"enemies":"Small Slimes","floor":10,"turns":3},{"damage":10,"enemies":"Looter","floor":13,"turns":4},{"damage":0,"enemies":"Lots of Slimes","floor":14,"turns":1},{"damage":114,"enemies":"Hexaghost","floor":16,"turns":17}],"relics_obtained":[{"floor":9,"key":"Old Coin"}],"event_choices":[{"event_name":"Wheel of Change","player_choice":"Gold","floor":4,"damage_taken":0},{"event_name":"Liars Game","player_choice":"agreed","floor":5,"damage_taken":0},{"event_name":"Big Fish","player_choice":"Donut","floor":7,"damage_taken":0}],"boss_relics":[],"items_purged_floors":[],"is_endless":false,"potions_floor_spawned":[3,10,13],"seed_played":"-4700333285191821477","killed_by":"Hexaghost","ascension_level":0,"potions_obtained":[{"floor":3,"key":"AttackPotion"},{"floor":10,"key":"Regen Potion"},{"floor":13,"key":"GhostInAJar"}],"is_trial":false}