{"gold_per_floor":[112,112,112,287,2,2,29,29,29,29,29,56,73,93,93,198,198,217,217,217,217,228,228],"floor_reached":23,"playtime":1089,"items_purged":["Regret"],"score":185,"play_id":"7937a1b0-0de3-4a53-b68a-54648fce3dc1","local_time":"20190808193248","is_ascension_mode":false,"campfire_choices":[{"data":"Zap","floor":6,"key":"SMITH"},{"data":"Loop","floor":8,"key":"SMITH"},{"data":"Ball Lightning","floor":10,"key":"SMITH"},{"floor":15,"key":"REST"}],"neow_cost":"NONE","seed_source_timestamp":459204943329080,"circlet_count":0,"master_deck":["Strike_B","Strike_B","Strike_B","Strike_B","Defend_B","Defend_B","Defend_B","Defend_B","Zap+1","Dualcast","Ball Lightning+1","Doom and Gloom","Loop+1","Go for the Eyes","Capacitor","Melter","Machine Learning","Auto Shields","Leap+1"],"relics":["Cracked Core","PreservedInsect","Letter Opener","Toolbox","Matryoshka","Happy Flower","Juzu Bracelet","Odd Mushroom","Fusion Hammer"],"potions_floor_usage":[16,23,23],"damage_taken":[{"damage":6,"enemies":"Jaw Worm","floor":1,"turns":3},{"damage":16,"enemies":"Lagavulin","floor":7,"turns":4},{"damage":13,"enemies":"The Mushroom Lair","floor":12,"turns":3},{"damage":0,"enemies":"Small Slimes","floor":13,"turns":2},{"damage":0,"enemies":"2 Louse","floor":14,"turns":2},{"damage":30,"enemies":"The Guardian","floor":16,"turns":9},{"damage":28,"enemies":"Shell Parasite","floor":18,"turns":5},{"damage":10,"enemies":"3 Byrds","floor":22,"turns":3},{"damage":29,"enemies":"Masked Bandits","floor":23,"turns":3}],"seed_played":"7058329930521661102","potions_obtained":[{"floor":1,"key":"Weak Potion"},{"floor":12,"key":"SkillPotion"},{"floor":14,"key":"SpeedPotion"},{"floor":16,"key":"SteroidPotion"}],"is_trial":false,"path_per_floor":["M","?","?","?","$","R","E","R","T","R","$","?","M","M","R","B",null,"M","?","?","?","M","?"],"character_chosen":"DEFECT","items_purchased":["Toolbox"],"campfire_rested":1,"item_purchase_floors":[5],"current_hp_per_floor":[69,69,51,51,51,51,35,35,35,35,35,22,22,22,44,14,75,47,33,33,33,23,0],"gold":228,"neow_bonus":"THREE_CARDS","is_prod":false,"is_daily":false,"chose_seed":false,"campfire_upgraded":3,"win_rate":0.0,"timestamp":1565285568,"path_taken":["M","?","?","?","$","R","E","R","T","R","$","?","M","M","R","BOSS","M","?","?","?","M","?"],"build_version":"2019-07-17","purchased_purges":1,"victory":false,"max_hp_per_floor":[75,75,75,75,75,75,75,75,75,75,75,75,75,75,75,75,75,75,80,80,80,80,80],"card_choices":[{"not_picked":["Conserve Battery","Leap"],"picked":"Ball Lightning","floor":0},{"not_picked":["Chill","Melter"],"picked":"Doom and Gloom","floor":1},{"not_picked":["Gash","Defragment"],"picked":"Loop","floor":7},{"not_picked":["Leap","Darkness"],"picked":"Go for the Eyes","floor":12},{"not_picked":["Barrage","Chill"],"picked":"Capacitor","floor":13},{"not_picked":["Fusion","Cold Snap"],"picked":"Melter","floor":14},{"not_picked":["Fission","Reboot"],"picked":"Machine Learning","floor":16},{"not_picked":["Skim","Go for the Eyes"],"picked":"Auto Shields","floor":18},{"not_picked":["Static Discharge","Barrage"],"picked":"Leap+1","floor":22}],"player_experience":44977,"relics_obtained":[{"floor":7,"key":"Matryoshka"},{"floor":9,"key":"Happy Flower"},{"floor":9,"key":"Juzu Bracelet"},{"floor":12,"key":"Odd Mushroom"}],"event_choices":[{"damage_healed":0,"gold_gain":0,"player_choice":"Box","damage_taken":0,"relics_obtained":["PreservedInsect"],"max_hp_gain":0,"max_hp_loss":0,"event_name":"Big Fish","floor":2,"gold_loss":0,"cards_obtained":["Regret"]},{"damage_healed":0,"gold_gain":0,"player_choice":"Success","damage_taken":18,"relics_obtained":["Letter Opener"],"max_hp_gain":0,"max_hp_loss":0,"event_name":"Scrap Ooze","floor":3,"gold_loss":0},{"damage_healed":0,"gold_gain":175,"player_choice":"AGREE","damage_taken":0,"max_hp_gain":0,"max_hp_loss":0,"event_name":"Liars Game","floor":4,"gold_loss":0,"cards_obtained":["Doubt"]},{"damage_healed":0,"gold_gain":0,"player_choice":"Fought Mushrooms","damage_taken":0,"max_hp_gain":0,"max_hp_loss":0,"event_name":"Mushrooms","floor":12,"gold_loss":0},{"damage_healed":0,"gold_gain":0,"player_choice":"Shed Blood","damage_taken":19,"max_hp_gain":5,"max_hp_loss":0,"event_name":"Forgotten Altar","floor":19,"gold_loss":0},{"cards_removed":["Doubt"],"damage_healed":0,"gold_gain":0,"player_choice":"Elegance","damage_taken":0,"max_hp_gain":0,"max_hp_loss":0,"event_name":"Back to Basics","floor":20,"gold_loss":0},{"damage_healed":0,"gold_gain":0,"player_choice":"Ignored","damage_taken":0,"max_hp_gain":0,"max_hp_loss":0,"event_name":"Ghosts","floor":21,"gold_loss":0},{"damage_healed":0,"gold_gain":0,"player_choice":"Fought Bandits","damage_taken":0,"max_hp_gain":0,"max_hp_loss":0,"event_name":"Masked Bandits","floor":23,"gold_loss":0}],"is_beta":false,"boss_relics":[{"not_picked":["Black Star","FrozenCore"],"picked":"Fusion Hammer"}],"items_purged_floors":[5],"is_endless":false,"potions_floor_spawned":[1,12,14,16,22],"killed_by":"Masked Bandits","ascension_level":0}