{"gold_per_floor":[113,26,26,26,40,40,75,100,100,100,119,119,195,209,209,333,333,303,73,172,186,113,113,132,132],"floor_reached":25,"playtime":1637,"items_purged":[],"score":241,"play_id":"702cdc88-5add-4070-9a80-0ef58acb567e","local_time":"20181203014450","is_ascension_mode":true,"campfire_choices":[{"data":"Footwork","floor":6,"key":"SMITH"},{"floor":10,"key":"REST"},{"floor":12,"key":"REST"},{"data":"Caltrops","floor":15,"key":"SMITH"},{"data":"Footwork","floor":23,"key":"SMITH"}],"neow_cost":"NONE","seed_source_timestamp":376277598015542,"circlet_count":0,"master_deck":["Survivor","Neutralize","Sucker Punch","Footwork+1","Flying Knee","Caltrops+1","Sucker Punch","Predator","Leg Sweep","Glass Knife","Backflip","Leg Sweep","Quick Slash","Cloak And Dagger","Flying Knee","Predator","Endless Agony","PiercingWail","Dagger Spray","Poisoned Stab","Well Laid Plans","Cloak And Dagger","Footwork+1","Backflip"],"relics":["Ring of the Snake","Golden Idol","Kunai","Torii","Pandora\u0027s Box","Oddly Smooth Stone"],"potions_floor_usage":[1,5,16,16,18,25],"damage_taken":[{"damage":0,"enemies":"2 Louse","floor":1,"turns":2},{"damage":0,"enemies":"Jaw Worm","floor":5,"turns":5},{"damage":34,"enemies":"Gremlin Nob","floor":7,"turns":5},{"damage":0,"enemies":"Cultist","floor":8,"turns":3},{"damage":9,"enemies":"Exordium Wildlife","floor":11,"turns":6},{"damage":0,"enemies":"Red Slaver","floor":14,"turns":4},{"damage":30,"enemies":"Slime Boss","floor":16,"turns":17},{"damage":1,"enemies":"2 Thieves","floor":18,"turns":2},{"damage":11,"enemies":"Shell Parasite","floor":21,"turns":8},{"damage":0,"enemies":"Centurion and Healer","floor":24,"turns":8},{"damage":59,"enemies":"Slavers","floor":25,"turns":5}],"seed_played":"-4286825639082065032","potions_obtained":[{"floor":0,"key":"Fire Potion"},{"floor":0,"key":"SmokeBomb"},{"floor":0,"key":"AttackPotion"},{"floor":7,"key":"LiquidBronze"},{"floor":11,"key":"Swift Potion"},{"floor":16,"key":"Dexterity Potion"}],"is_trial":false,"path_per_floor":["M","$","?","?","M","R","E","M","T","R","M","R","?","M","R","B",null,"M","$","?","M","$","R","M","E"],"character_chosen":"THE_SILENT","items_purchased":["Footwork","Flying Knee","Well Laid Plans","Oddly Smooth Stone","Footwork"],"campfire_rested":2,"item_purchase_floors":[2,2,19,19,22],"current_hp_per_floor":[70,70,53,53,53,53,19,19,19,40,31,52,52,52,52,22,70,69,69,69,58,58,58,58,0],"gold":132,"neow_bonus":"THREE_SMALL_POTIONS","is_prod":false,"is_daily":false,"chose_seed":false,"campfire_upgraded":3,"win_rate":0,"timestamp":1543801490,"path_taken":["M","$","?","?","M","R","E","?","T","R","M","R","?","M","R","BOSS","M","$","?","M","$","R","M","E"],"build_version":"2018-11-15","purchased_purges":0,"victory":false,"max_hp_per_floor":[70,70,70,70,70,70,70,70,70,70,70,70,70,70,70,70,70,70,70,70,70,70,70,70,70],"card_choices":[{"not_picked":["Choke","Slice"],"picked":"Sucker Punch","floor":1},{"not_picked":["Flechettes","Burst"],"picked":"Caltrops","floor":5},{"not_picked":["Setup","Catalyst"],"picked":"Sucker Punch","floor":7},{"not_picked":["Tactician","Outmaneuver"],"picked":"Predator","floor":8},{"not_picked":["Concentrate","Dagger Throw","Accuracy"],"picked":"SKIP","floor":11},{"not_picked":["Calculated Gamble","Dagger Spray"],"picked":"Leg Sweep","floor":14},{"not_picked":["Bullet Time","Doppelganger"],"picked":"Glass Knife","floor":16},{"not_picked":["Accuracy","Underhanded Strike"],"picked":"Cloak And Dagger","floor":21},{"not_picked":["Bane","Underhanded Strike"],"picked":"Backflip","floor":24}],"player_experience":257550,"relics_obtained":[{"floor":7,"key":"Kunai"},{"floor":9,"key":"Torii"}],"event_choices":[{"damage_healed":0,"gold_gain":0,"player_choice":"Take Damage","damage_taken":17,"relics_obtained":["Golden Idol"],"max_hp_gain":0,"max_hp_loss":0,"event_name":"Golden Idol","floor":3,"gold_loss":0},{"damage_healed":0,"gold_gain":0,"player_choice":"Ignored","damage_taken":0,"max_hp_gain":0,"max_hp_loss":0,"event_name":"Liars Game","floor":4,"gold_loss":0},{"damage_healed":0,"gold_gain":76,"player_choice":"Gained Gold","damage_taken":0,"max_hp_gain":0,"max_hp_loss":0,"event_name":"Golden Wing","floor":13,"gold_loss":0},{"damage_healed":0,"gold_gain":99,"player_choice":"Stole From Cult","damage_taken":0,"max_hp_gain":0,"max_hp_loss":0,"event_name":"Nest","floor":20,"gold_loss":0}],"is_beta":false,"boss_relics":[{"not_picked":["Black Star","Calling Bell"],"picked":"Pandora\u0027s Box"}],"items_purged_floors":[],"is_endless":false,"potions_floor_spawned":[7,11,14,16],"killed_by":"Slavers","ascension_level":4}