{"gold_per_floor":[110,110,60,60,160,160,191,6,29,29,43,82,100,115,115,246,246,264,283,35,58,77,77,77],"floor_reached":24,"playtime":2809,"items_purged":[],"score":279,"play_id":"1d524eb9-788e-43f5-bdd7-8602ce48f6f8","local_time":"20190813213203","is_ascension_mode":true,"campfire_choices":[{"data":"Zap","floor":6.0,"key":"SMITH"},{"floor":15.0,"key":"REST"},{"floor":23,"key":"REST"}],"neow_cost":"NONE","seed_source_timestamp":207597978098487,"circlet_count":0,"master_deck":["Strike_B","Strike_B","Strike_B","Strike_B","Defend_B+1","Defend_B","Defend_B","Defend_B+1","Zap+1","Dualcast","Ball Lightning","Gash","Self Repair","Tempest","Gash","Tempest","Sweeping Beam","Creative AI","Gash","Go for the Eyes","Conserve Battery","FTL","Beam Cell","Cold Snap","Gash+1","Heatsinks","Conserve Battery","FTL"],"special_seed":0,"relics":["Cracked Core","Golden Idol","Cables","PreservedInsect","Art of War","War Paint","Orrery","Membership Card"],"potions_floor_usage":[21,22],"damage_taken":[{"damage":0.0,"enemies":"2 Louse","floor":1.0,"turns":2.0},{"damage":11.0,"enemies":"Lagavulin","floor":7.0,"turns":5.0},{"damage":0.0,"enemies":"Cultist","floor":11.0,"turns":2.0},{"damage":0.0,"enemies":"Gremlin Nob","floor":12.0,"turns":2.0},{"damage":0.0,"enemies":"Small Slimes","floor":13.0,"turns":2.0},{"damage":21.0,"enemies":"Gremlin Gang","floor":14.0,"turns":3.0},{"damage":38.0,"enemies":"Hexaghost","floor":16.0,"turns":8.0},{"damage":18.0,"enemies":"3 Byrds","floor":18.0,"turns":4.0},{"damage":15.0,"enemies":"Shell Parasite","floor":19.0,"turns":6.0},{"damage":42,"enemies":"Shelled Parasite and Fungi","floor":21,"turns":7},{"damage":5,"enemies":"Cultist and Chosen","floor":22,"turns":6},{"damage":40,"enemies":"Centurion and Healer","floor":24,"turns":4}],"seed_played":"3412614027268668365","potions_obtained":[{"floor":0.0,"key":"SmokeBomb"},{"floor":0.0,"key":"SkillPotion"},{"floor":0.0,"key":"Energy Potion"},{"floor":1.0,"key":"Weak Potion"},{"floor":13.0,"key":"Ancient Potion"},{"floor":16.0,"key":"GamblersBrew"},{"floor":19.0,"key":"FocusPotion"}],"is_trial":false,"path_per_floor":["M","?","$","?","?","R","E","$","T","$","M","E","M","M","R","B",null,"M","M","$","M","M","R","M"],"character_chosen":"DEFECT","items_purchased":["Gash","Self Repair","PreservedInsect","Membership Card","Heatsinks"],"campfire_rested":2,"item_purchase_floors":[3,8,8,20,20],"current_hp_per_floor":[75,68,68,50,50,50,39,39,39,39,46,53,53,39,61,23,75,57,49,49,14,16,38,0],"gold":77,"neow_bonus":"THREE_SMALL_POTIONS","is_prod":false,"is_daily":false,"chose_seed":false,"campfire_upgraded":1,"win_rate":0,"timestamp":1565728323,"path_taken":["M","?","?","?","?","R","E","$","T","$","M","E","M","M","R","BOSS","M","?","$","M","M","R","M"],"build_version":"2019-07-17","purchased_purges":0,"victory":false,"max_hp_per_floor":[75,75,75,75,75,75,75,75,75,75,75,75,75,75,75,75,75,75,75,75,75,75,75,75],"card_choices":[{"not_picked":["Steam","Compile Driver"],"picked":"Ball Lightning","floor":1.0},{"not_picked":["Rip and Tear","Streamline","Blizzard"],"picked":"SKIP","floor":7.0},{"not_picked":["Recycle","Seek"],"picked":"Tempest","floor":11.0},{"not_picked":["Conserve Battery","Ball Lightning"],"picked":"Gash","floor":12.0},{"not_picked":["Rebound","Consume"],"picked":"Tempest","floor":13.0},{"not_picked":["Hologram","Chaos"],"picked":"Sweeping Beam","floor":14.0},{"not_picked":["Multi-Cast","Electrodynamics"],"picked":"Creative AI","floor":16.0},{"not_picked":["Coolheaded","Stack"],"picked":"Gash","floor":17.0},{"not_picked":["Sweeping Beam","Loop"],"picked":"Go for the Eyes","floor":17.0},{"not_picked":["Undo","Barrage"],"picked":"Conserve Battery","floor":17.0},{"not_picked":["Compile Driver","Leap"],"picked":"FTL","floor":17.0},{"not_picked":["Force Field","Multi-Cast"],"picked":"Beam Cell","floor":17.0},{"not_picked":["Sweeping Beam+1","Barrage"],"picked":"Cold Snap","floor":18.0},{"not_picked":["Leap+1","Coolheaded"],"picked":"Gash+1","floor":19.0},{"not_picked":["Heatsinks","Consume"],"picked":"Conserve Battery","floor":21},{"not_picked":["Compile Driver+1","Go for the Eyes"],"picked":"FTL","floor":22}],"player_experience":319693,"relics_obtained":[{"floor":7.0,"key":"Cables"},{"floor":9.0,"key":"Art of War"},{"floor":12.0,"key":"War Paint"}],"event_choices":[{"damage_healed":0.0,"max_hp_gain":0.0,"max_hp_loss":0.0,"gold_gain":0.0,"event_name":"Wheel of Change","player_choice":"Damaged","floor":2.0,"gold_loss":0.0,"damage_taken":7.0},{"damage_healed":0.0,"max_hp_gain":0.0,"max_hp_loss":0.0,"gold_gain":0.0,"event_name":"Golden Idol","player_choice":"Take Damage","floor":4.0,"gold_loss":0.0,"damage_taken":18.0,"relics_obtained":["Golden Idol"]},{"damage_healed":0.0,"max_hp_gain":0.0,"max_hp_loss":0.0,"gold_gain":100.0,"event_name":"Golden Shrine","player_choice":"Pray","floor":5.0,"gold_loss":0.0,"damage_taken":0.0}],"is_beta":false,"boss_relics":[{"not_picked":["Fusion Hammer","Busted Crown"],"picked":"Orrery"}],"items_purged_floors":[],"is_endless":false,"potions_floor_spawned":[1,13,16,19],"killed_by":"Centurion and Healer","ascension_level":2}