{"gold_per_floor":[110,128,93,7,7,7,40,40,112,112,124,124,155,174,174,272,272,284,64,64,77,1,1,27,27,53,53,85,85,60,60,60,157,157,168,92,140,153,53,53,68,99,151,26,0,0,0,10,10,10],"floor_reached":50,"playtime":2951,"items_purged":["Strike_R","Strike_R","Shame"],"score":714,"play_id":"67f3af7a-e9bf-418e-a7e5-e6349f4658be","local_time":"20190721135834","is_ascension_mode":true,"campfire_choices":[{"data":"Intimidate","floor":6,"key":"SMITH"},{"data":"Flame Barrier","floor":8,"key":"SMITH"},{"data":"Dropkick","floor":10,"key":"SMITH"},{"data":"Anger","floor":12,"key":"SMITH"},{"data":"Inflame","floor":15,"key":"SMITH"},{"data":"Limit Break","floor":23,"key":"SMITH"},{"data":"Burning Pact","floor":25,"key":"SMITH"},{"data":"Battle Trance","floor":27,"key":"SMITH"},{"data":"Armaments","floor":29,"key":"SMITH"},{"data":"True Grit","floor":32,"key":"SMITH"},{"data":"Bandage Up","floor":40,"key":"SMITH"},{"data":"Heavy Blade","floor":46,"key":"SMITH"},{"data":"Juggernaut","floor":49,"key":"SMITH"}],"neow_cost":"PERCENT_DAMAGE","seed_source_timestamp":406676610196500,"circlet_count":0,"master_deck":["Strike_R","Defend_R","Defend_R","Defend_R","Defend_R","Bash+1","Dropkick+1","Intimidate+1","Bandage Up+1","Flame Barrier+1","Anger+1","Inflame+1","Metallicize","Feed","Shrug It Off+1","Limit Break+1","Burning Pact+1","Battle Trance+1","Parasite","Armaments+1","True Grit+1","Juggernaut+1","Spot Weakness","Shrug It Off","Whirlwind","Rage+1","Heavy Blade+1","Writhe","Shockwave+1"],"relics":["Burning Blood","Kunai","Sundial","Happy Flower","Cursed Key","Dodecahedron","Centennial Puzzle","Peace Pipe","Enchiridion","Philosopher\u0027s Stone","Magic Flower","Darkstone Periapt","Blood Vial","Red Mask"],"potions_floor_usage":[16,24,28,35,42,42,48],"damage_taken":[{"damage":5,"enemies":"2 Louse","floor":1,"turns":4},{"damage":5,"enemies":"Cultist","floor":2,"turns":5},{"damage":52,"enemies":"3 Sentries","floor":7,"turns":12},{"damage":4,"enemies":"Jaw Worm","floor":11,"turns":3},{"damage":13,"enemies":"Lagavulin","floor":13,"turns":4},{"damage":0,"enemies":"Large Slime","floor":14,"turns":4},{"damage":14,"enemies":"Slime Boss","floor":16,"turns":12},{"damage":25,"enemies":"Shell Parasite","floor":18,"turns":5},{"damage":0,"enemies":"Chosen","floor":21,"turns":5},{"damage":6,"enemies":"Gremlin Leader","floor":24,"turns":6},{"damage":2,"enemies":"Book of Stabbing","floor":28,"turns":4},{"damage":52,"enemies":"Collector","floor":33,"turns":8},{"damage":0,"enemies":"Orb Walker","floor":35,"turns":3},{"damage":51,"enemies":"2 Orb Walkers","floor":37,"turns":5},{"damage":9,"enemies":"3 Shapes","floor":38,"turns":4},{"damage":23,"enemies":"Spire Growth","floor":41,"turns":5},{"damage":18,"enemies":"Reptomancer","floor":42,"turns":6},{"damage":4,"enemies":"Sphere and 2 Shapes","floor":48,"turns":6},{"damage":118,"enemies":"Time Eater","floor":50,"turns":8}],"seed_played":"-4198068285412588210","potions_obtained":[{"floor":1,"key":"LiquidBronze"},{"floor":14,"key":"SpeedPotion"},{"floor":21,"key":"Block Potion"},{"floor":24,"key":"AttackPotion"},{"floor":33,"key":"AttackPotion"},{"floor":37,"key":"SpeedPotion"},{"floor":41,"key":"Fire Potion"}],"is_trial":false,"path_per_floor":["M","M","?","$","?","R","E","R","T","R","M","R","E","M","R","B",null,"M","$","?","M","$","R","E","R","T","R","E","R","$","?","R","B",null,"M","$","?","M","$","R","M","E","T","$","?","R","?","M","R","B"],"character_chosen":"IRONCLAD","items_purchased":["Bandage Up","Limit Break","Battle Trance","True Grit","Spot Weakness"],"campfire_rested":0,"item_purchase_floors":[4,19,22,30,36],"current_hp_per_floor":[52,53,73,73,73,73,31,31,31,31,37,37,34,44,44,40,70,55,55,55,68,68,68,72,72,72,72,83,83,83,67,67,25,71,81,81,40,46,46,46,41,41,47,47,47,47,76,99,99,0],"gold":10,"neow_bonus":"REMOVE_TWO","is_prod":false,"is_daily":false,"chose_seed":false,"campfire_upgraded":13,"win_rate":0,"timestamp":1563731914,"path_taken":["M","M","?","$","?","R","E","R","T","R","M","R","E","M","R","BOSS","M","?","?","M","$","R","E","R","T","R","E","R","$","?","R","BOSS","M","$","?","M","$","R","M","E","T","$","?","R","?","M","R","BOSS"],"build_version":"2019-07-17","purchased_purges":3,"victory":false,"max_hp_per_floor":[80,80,80,80,80,80,80,80,80,80,80,80,80,80,80,80,80,80,80,80,83,83,83,83,83,83,83,86,86,86,86,86,86,86,86,86,86,86,86,86,86,86,92,92,92,92,98,102,102,102],"card_choices":[{"not_picked":["Disarm","Heavy Blade"],"picked":"Dropkick","floor":1},{"not_picked":["Flex","Wild Strike"],"picked":"Intimidate","floor":2},{"not_picked":["Heavy Blade","Reaper"],"picked":"Flame Barrier","floor":7},{"not_picked":["Twin Strike","Shrug It Off"],"picked":"Anger","floor":11},{"not_picked":["Iron Wave","Exhume"],"picked":"Inflame","floor":13},{"not_picked":["Anger","Ghostly Armor"],"picked":"Metallicize","floor":14},{"not_picked":["Dark Embrace","Fiend Fire"],"picked":"Feed","floor":16},{"not_picked":["Hemokinesis","Twin Strike"],"picked":"Shrug It Off+1","floor":18},{"not_picked":["Iron Wave","Thunderclap"],"picked":"Burning Pact","floor":21},{"not_picked":["Searing Blow","Rampage","Warcry"],"picked":"SKIP","floor":24},{"not_picked":["Barricade","Feed"],"picked":"Armaments","floor":28},{"not_picked":["Impervious","Berserk"],"picked":"Juggernaut","floor":33},{"not_picked":["Armaments+1","Flex","Headbutt+1"],"picked":"SKIP","floor":35},{"not_picked":["Pummel","Havoc+1"],"picked":"Shrug It Off","floor":37},{"not_picked":["Bloodletting","Iron Wave"],"picked":"Whirlwind","floor":38},{"not_picked":["Cleave","Clash+1"],"picked":"Rage+1","floor":41},{"not_picked":["Warcry+1","Pummel"],"picked":"Heavy Blade","floor":42},{"not_picked":["Pummel","Wild Strike"],"picked":"Shockwave+1","floor":48}],"player_experience":466916,"relics_obtained":[{"floor":7,"key":"Kunai"},{"floor":9,"key":"Sundial"},{"floor":13,"key":"Happy Flower"},{"floor":24,"key":"Dodecahedron"},{"floor":26,"key":"Centennial Puzzle"},{"floor":28,"key":"Peace Pipe"},{"floor":31,"key":"Enchiridion"},{"floor":37,"key":"Magic Flower"},{"floor":42,"key":"Darkstone Periapt"},{"floor":43,"key":"Blood Vial"}],"event_choices":[{"damage_healed":20,"gold_gain":0,"player_choice":"Healed","damage_taken":0,"max_hp_gain":0,"max_hp_loss":0,"event_name":"The Cleric","floor":3,"gold_loss":35},{"damage_healed":0,"gold_gain":0,"player_choice":"Upgraded","damage_taken":0,"max_hp_gain":0,"max_hp_loss":0,"event_name":"Upgrade Shrine","floor":5,"gold_loss":0,"cards_upgraded":["Bash"]},{"damage_healed":0,"gold_gain":0,"player_choice":"Obtained Book","damage_taken":16,"max_hp_gain":0,"max_hp_loss":0,"event_name":"Cursed Tome","floor":31,"gold_loss":0},{"damage_healed":0,"gold_gain":0,"player_choice":"Fight","damage_taken":0,"max_hp_gain":0,"max_hp_loss":0,"event_name":"Mysterious Sphere","floor":37,"gold_loss":0},{"damage_healed":0,"gold_gain":0,"player_choice":"Paid","damage_taken":0,"relics_obtained":["Red Mask"],"max_hp_gain":0,"max_hp_loss":0,"event_name":"Tomb of Lord Red Mask","floor":45,"gold_loss":26},{"damage_healed":23,"gold_gain":0,"player_choice":"Writhe","damage_taken":0,"max_hp_gain":0,"max_hp_loss":0,"event_name":"Winding Halls","floor":47,"gold_loss":0,"cards_obtained":["Writhe"]}],"is_beta":false,"boss_relics":[{"not_picked":["Coffee Dripper","Sozu"],"picked":"Cursed Key"},{"not_picked":["Pandora\u0027s Box","Tiny House"],"picked":"Philosopher\u0027s Stone"}],"items_purged_floors":[19,39,44],"is_endless":false,"potions_floor_spawned":[1,14,21,24,33,37,41],"killed_by":"Time Eater","ascension_level":7}