{"gold_per_floor":[111,186,199,21,32,32,32,58,58,83,83,83,83,108,108,205,205,218,218,133,58,40,40,59,59,59,74,94,127,127,162,162,263,263,278,278,298,31,41,41,441,441,441,453,453,453,465,475,475,475],"floor_reached":51,"playtime":3935,"items_purged":["Strike_R"],"score":768,"play_id":"987aa717-cf37-40b1-8197-7bc0ef0706bc","local_time":"20190815181611","is_ascension_mode":true,"campfire_choices":[{"data":"Flame Barrier","floor":6,"key":"SMITH"},{"floor":12,"key":"REST"},{"data":"Metallicize","floor":15,"key":"SMITH"},{"data":"Spot Weakness","floor":23,"key":"SMITH"},{"data":"Seeing Red","floor":25,"key":"SMITH"},{"floor":30,"key":"REST"},{"floor":32,"key":"REST"},{"data":"Entrench","floor":40,"key":"SMITH"},{"data":"Perfected Strike","floor":42,"key":"SMITH"},{"floor":46,"key":"REST"},{"floor":49,"key":"REST"}],"neow_cost":"PERCENT_DAMAGE","seed_source_timestamp":26158323192591,"circlet_count":0,"master_deck":["Strike_R","Strike_R","Strike_R","Defend_R","Defend_R","Defend_R","Defend_R","Bash","Metallicize+1","Perfected Strike+1","Armaments","Flame Barrier+1","Demon Form","Seeing Red+1","Necronomicurse","Spot Weakness+1","Armaments+1","Clumsy","Havoc+1","Havoc","Warcry+1","Flame Barrier+1","Sword Boomerang+1","Fire Breathing+1","Exhume+1","Entrench+1","Anger+1","Shame","Flame Barrier+1"],"special_seed":0,"relics":["Burning Blood","Blood Vial","Thread and Needle","Charon\u0027s Ashes","Lantern","Boot","Cursed Key","Necronomicon","Pen Nib","Singing Bowl","Ancient Tea Set","Torii","White Beast Statue","ClockworkSouvenir","Old Coin","Gremlin Horn"],"potions_floor_usage":[8,14,28,31,37,37,41,41,47,48,50,50],"damage_taken":[{"damage":1,"enemies":"2 Louse","floor":1,"turns":4},{"damage":7,"enemies":"Small Slimes","floor":3,"turns":6},{"damage":3,"enemies":"Cultist","floor":5,"turns":4},{"damage":18,"enemies":"3 Sentries","floor":8,"turns":11},{"damage":24,"enemies":"Gremlin Nob","floor":10,"turns":6},{"damage":6,"enemies":"Lagavulin","floor":14,"turns":6},{"damage":28,"enemies":"Hexaghost","floor":16,"turns":11},{"damage":0,"enemies":"3 Byrds","floor":18,"turns":3},{"damage":2,"enemies":"2 Thieves","floor":22,"turns":4},{"damage":2,"enemies":"Snecko","floor":24,"turns":6},{"damage":12,"enemies":"Snake Plant","floor":27,"turns":3},{"damage":14,"enemies":"3 Cultists","floor":28,"turns":6},{"damage":32,"enemies":"Gremlin Leader","floor":29,"turns":8},{"damage":31,"enemies":"Slavers","floor":31,"turns":6},{"damage":24,"enemies":"Automaton","floor":33,"turns":9},{"damage":0,"enemies":"3 Shapes","floor":35,"turns":7},{"damage":0,"enemies":"Orb Walker","floor":37,"turns":2},{"damage":36,"enemies":"3 Darklings","floor":39,"turns":5},{"damage":0,"enemies":"Mind Bloom Boss Battle","floor":41,"turns":4},{"damage":67,"enemies":"Maw","floor":44,"turns":8},{"damage":1,"enemies":"Sphere and 2 Shapes","floor":47,"turns":5},{"damage":9,"enemies":"3 Darklings","floor":48,"turns":3},{"damage":93,"enemies":"Awakened One","floor":50,"turns":12}],"seed_played":"-6918376921828082646","potions_obtained":[{"floor":1,"key":"Energy Potion"},{"floor":10,"key":"SteroidPotion"},{"floor":22,"key":"Explosive Potion"},{"floor":29,"key":"PowerPotion"},{"floor":31,"key":"Dexterity Potion"},{"floor":33,"key":"Poison Potion"},{"floor":35,"key":"EssenceOfSteel"},{"floor":37,"key":"Poison Potion"},{"floor":39,"key":"SkillPotion"},{"floor":41,"key":"Strength Potion"},{"floor":44,"key":"Dexterity Potion"},{"floor":47,"key":"Ancient Potion"},{"floor":48,"key":"Strength Potion"}],"is_trial":false,"path_per_floor":["M","?","M","$","M","R","?","E","T","E","?","R","?","E","R","B",null,"M","?","?","$","M","R","M","R","T","M","M","E","R","E","R","B",null,"M","?","M","$","M","R","?","R","T","M","?","R","M","M","R","B",null],"character_chosen":"IRONCLAD","items_purchased":["Armaments","Blood Vial","Exhume","ClockworkSouvenir"],"campfire_rested":5,"item_purchase_floors":[4,4,38,38],"current_hp_per_floor":[77,66,65,65,70,70,75,65,65,49,49,79,79,81,81,61,101,101,85,85,85,91,91,97,97,97,93,87,63,93,70,100,85,103,103,103,103,103,73,73,81,81,81,24,24,55,64,63,95,10],"gold":475,"neow_bonus":"TWENTY_PERCENT_HP_BONUS","is_prod":false,"is_daily":false,"chose_seed":false,"campfire_upgraded":6,"win_rate":0,"timestamp":1565889371,"path_taken":["M","?","M","$","M","R","?","E","T","E","?","R","?","E","R","BOSS","M","?","?","$","?","R","M","R","T","M","M","E","R","E","R","BOSS","M","?","M","$","M","R","?","R","T","M","?","R","M","M","R","BOSS"],"build_version":"2019-07-17","purchased_purges":1,"victory":true,"max_hp_per_floor":[96,96,96,96,96,96,101,101,101,101,101,101,101,101,101,101,101,101,101,101,101,101,101,101,101,101,101,101,101,101,101,101,103,103,103,103,103,103,103,103,103,103,103,105,105,105,107,107,107,107],"card_choices":[{"not_picked":["True Grit","Twin Strike"],"picked":"Metallicize","floor":1},{"not_picked":["Fire Breathing","Sentinel"],"picked":"Perfected Strike","floor":3},{"not_picked":["Power Through","Headbutt"],"picked":"Flame Barrier","floor":5},{"not_picked":["Combust","Fire Breathing","Flex"],"picked":"SKIP","floor":8},{"not_picked":["Intimidate","Armaments"],"picked":"Demon Form","floor":10},{"not_picked":["Flex","Combust","Clothesline"],"picked":"SKIP","floor":14},{"not_picked":["Dual Wield","Flex"],"picked":"Seeing Red","floor":18},{"not_picked":["Iron Wave","Clash"],"picked":"Spot Weakness","floor":22},{"not_picked":["Pommel Strike","Sever Soul"],"picked":"Armaments+1","floor":24},{"not_picked":["Metallicize","Armaments"],"picked":"Havoc+1","floor":27},{"not_picked":["Clash","Warcry"],"picked":"Havoc","floor":28},{"not_picked":["Sword Boomerang+1","Cleave"],"picked":"Warcry+1","floor":29},{"not_picked":["Perfected Strike+1","Double Tap"],"picked":"Flame Barrier+1","floor":31},{"not_picked":["Limit Break","Demon Form","Bludgeon"],"picked":"Singing Bowl","floor":33},{"not_picked":["Iron Wave","Heavy Blade"],"picked":"Sword Boomerang+1","floor":35},{"not_picked":["Twin Strike","Headbutt+1"],"picked":"Fire Breathing+1","floor":37},{"not_picked":["Dropkick","Uppercut"],"picked":"Entrench","floor":39},{"not_picked":["Clothesline","Perfected Strike"],"picked":"Anger+1","floor":41},{"not_picked":["Shrug It Off","Uppercut","Anger+1"],"picked":"Singing Bowl","floor":44},{"not_picked":["Clash","Anger","True Grit+1"],"picked":"Singing Bowl","floor":47},{"not_picked":["Wild Strike+1","Brutality"],"picked":"Flame Barrier+1","floor":48}],"player_experience":386112,"relics_obtained":[{"floor":8,"key":"Thread and Needle"},{"floor":9,"key":"Charon\u0027s Ashes"},{"floor":10,"key":"Lantern"},{"floor":14,"key":"Boot"},{"floor":19,"key":"Necronomicon"},{"floor":26,"key":"Singing Bowl"},{"floor":29,"key":"Ancient Tea Set"},{"floor":31,"key":"Torii"},{"floor":41,"key":"Old Coin"},{"floor":43,"key":"Gremlin Horn"}],"event_choices":[{"damage_healed":0,"gold_gain":75,"player_choice":"Gather Gold","damage_taken":11,"max_hp_gain":0,"max_hp_loss":0,"event_name":"World of Goop","floor":2,"gold_loss":0},{"damage_healed":0,"gold_gain":0,"player_choice":"Donut","damage_taken":0,"max_hp_gain":5,"max_hp_loss":0,"event_name":"Big Fish","floor":7,"gold_loss":0},{"damage_healed":0,"gold_gain":0,"player_choice":"Ignored","damage_taken":0,"max_hp_gain":0,"max_hp_loss":0,"event_name":"Liars Game","floor":11,"gold_loss":0},{"cards_removed":["Strike_R"],"damage_healed":0,"gold_gain":0,"player_choice":"Offered Basic","damage_taken":0,"max_hp_gain":0,"max_hp_loss":0,"event_name":"Bonfire Elementals","floor":13,"gold_loss":0},{"damage_healed":0,"gold_gain":0,"player_choice":"Obtained Book","damage_taken":16,"max_hp_gain":0,"max_hp_loss":0,"event_name":"Cursed Tome","floor":19,"gold_loss":0},{"damage_healed":0,"gold_gain":0,"player_choice":"Obtained Relic","damage_taken":0,"relics_obtained":["Pen Nib"],"max_hp_gain":0,"max_hp_loss":0,"event_name":"Addict","floor":20,"gold_loss":85},{"damage_healed":0,"gold_gain":0,"player_choice":"Ignored","damage_taken":0,"max_hp_gain":0,"max_hp_loss":0,"event_name":"Tomb of Lord Red Mask","floor":36,"gold_loss":0},{"damage_healed":0,"gold_gain":0,"player_choice":"Fight","damage_taken":0,"max_hp_gain":0,"max_hp_loss":0,"event_name":"MindBloom","floor":41,"gold_loss":0},{"damage_healed":0,"gold_gain":0,"player_choice":"Forge","damage_taken":0,"max_hp_gain":0,"max_hp_loss":0,"event_name":"Accursed Blacksmith","floor":45,"gold_loss":0,"cards_upgraded":["Exhume"]}],"is_beta":false,"boss_relics":[{"not_picked":["Runic Pyramid","Ectoplasm"],"picked":"Cursed Key"},{"not_picked":["Calling Bell","Velvet Choker"],"picked":"White Beast Statue"}],"items_purged_floors":[21],"is_endless":false,"potions_floor_spawned":[1,10,22,29,31,33,35,37,39,41,44,47,48],"ascension_level":2}