{"gold_per_floor":[114,114,133,147,161,161,196,211,211,211,101,101,12,30,30,132,132,148,166,166],"floor_reached":20,"playtime":2540,"items_purged":["Strike_G"],"score":260,"play_id":"9c17a65e-4522-4f43-af1b-80f875ff29f3","local_time":"20190815111845","is_ascension_mode":true,"campfire_choices":[{"data":"Dagger Spray","floor":6.0,"key":"SMITH"},{"floor":12,"key":"REST"},{"data":"Neutralize","floor":15,"key":"SMITH"}],"neow_cost":"TEN_PERCENT_HP_LOSS","seed_source_timestamp":0,"circlet_count":0,"master_deck":["Strike_G","Strike_G","Defend_G","Defend_G","Defend_G","Defend_G","Survivor","Neutralize+1","Terror","Dagger Throw","Blur","Dagger Spray+1","Footwork","Well Laid Plans","Underhanded Strike","A Thousand Cuts","Envenom+1","Malaise+1","Skewer+1","Blade Dance+1"],"special_seed":0,"relics":["Ring of the Snake","Du-Vu Doll","CultistMask","Question Card","Gremlin Horn","Astrolabe"],"potions_floor_usage":[16,16,18,20],"damage_taken":[{"damage":2.0,"enemies":"Small Slimes","floor":1.0,"turns":4.0},{"damage":0.0,"enemies":"Cultist","floor":3.0,"turns":3.0},{"damage":1.0,"enemies":"2 Louse","floor":4.0,"turns":3.0},{"damage":18.0,"enemies":"Exordium Thugs","floor":5.0,"turns":8.0},{"damage":20.0,"enemies":"Gremlin Nob","floor":7.0,"turns":4.0},{"damage":2.0,"enemies":"3 Louse","floor":8.0,"turns":3.0},{"damage":0,"enemies":"Looter","floor":14,"turns":3},{"damage":0,"enemies":"Hexaghost","floor":16,"turns":13},{"damage":32,"enemies":"2 Thieves","floor":18,"turns":5},{"damage":13,"enemies":"Chosen","floor":19,"turns":8},{"damage":31,"enemies":"3 Cultists","floor":20,"turns":3}],"seed_played":"-299167669741463485","potions_obtained":[{"floor":1.0,"key":"FairyPotion"},{"floor":4.0,"key":"EssenceOfSteel"},{"floor":8.0,"key":"EssenceOfSteel"},{"floor":16,"key":"Swift Potion"},{"floor":18,"key":"SneckoOil"}],"is_trial":false,"path_per_floor":["M","?","M","M","M","R","E","M","T","?","$","R","$","M","R","B",null,"M","M","M"],"character_chosen":"THE_SILENT","items_purchased":["Footwork","Well Laid Plans","Swift Potion"],"campfire_rested":1,"item_purchase_floors":[11,13,13],"current_hp_per_floor":[61,61,61,60,42,42,22,20,20,20,20,38,38,38,38,38,63,31,18,0],"gold":166,"neow_bonus":"ONE_RARE_RELIC","is_prod":false,"is_daily":false,"chose_seed":false,"campfire_upgraded":2,"win_rate":0,"timestamp":1565885925,"path_taken":["M","?","M","M","M","R","E","?","T","?","$","R","$","M","R","BOSS","M","M","M"],"build_version":"2019-07-17","purchased_purges":1,"victory":false,"max_hp_per_floor":[63,63,63,63,63,63,63,63,63,63,63,63,63,63,63,63,63,63,63,63],"card_choices":[{"not_picked":["Reflex","Expertise"],"picked":"Terror","floor":1.0},{"not_picked":["Setup","Deadly Poison"],"picked":"Dagger Throw","floor":3.0},{"not_picked":["Footwork","Setup"],"picked":"Blur","floor":4.0},{"not_picked":["Prepared","Expertise"],"picked":"Dagger Spray","floor":5.0},{"not_picked":["Catalyst","Choke","Burst"],"picked":"SKIP","floor":7.0},{"not_picked":["Infinite Blades","Escape Plan","Cloak And Dagger","Endless Agony"],"picked":"SKIP","floor":8.0},{"not_picked":["Caltrops","Blade Dance","Flying Knee"],"picked":"Underhanded Strike","floor":14},{"not_picked":["Phantasmal Killer","Grand Finale","Wraith Form v2"],"picked":"A Thousand Cuts","floor":16},{"not_picked":["Crippling Poison","Leg Sweep","Finisher+1"],"picked":"Blade Dance+1","floor":18},{"not_picked":["Dagger Throw","Bane","Flying Knee","Tactician"],"picked":"SKIP","floor":19}],"player_experience":385198,"relics_obtained":[{"floor":7.0,"key":"Question Card"},{"floor":9.0,"key":"Gremlin Horn"}],"event_choices":[{"damage_healed":0.0,"max_hp_gain":0.0,"max_hp_loss":0.0,"gold_gain":0.0,"event_name":"FaceTrader","player_choice":"Trade","floor":2.0,"gold_loss":0.0,"damage_taken":0.0,"relics_obtained":["CultistMask"]},{"damage_healed":0.0,"max_hp_gain":0.0,"max_hp_loss":0.0,"gold_gain":0.0,"event_name":"Shining Light","player_choice":"Ignored","floor":10.0,"gold_loss":0.0,"damage_taken":0.0}],"is_beta":false,"boss_relics":[{"not_picked":["Runic Dome","Ectoplasm"],"picked":"Astrolabe"}],"items_purged_floors":[11],"is_endless":false,"potions_floor_spawned":[1,4,8,16,18],"killed_by":"3 Cultists","ascension_level":3}