{"gold_per_floor":[363,67,79,96,96,96,131,151,178,178,178,9,25,38,38,133,133,121,121,121,132,132,132],"floor_reached":23,"playtime":1071,"items_purged":["Strike_G"],"score":248,"play_id":"678bce6b-d7dd-48ef-a74a-97d8f9d60a58","local_time":"20181208221430","is_ascension_mode":true,"campfire_choices":[{"data":"Terror","floor":6,"key":"SMITH"},{"floor":10,"key":"REST"},{"data":"Well Laid Plans","floor":15,"key":"SMITH"}],"neow_cost":"TEN_PERCENT_HP_LOSS","seed_source_timestamp":115232490902285,"circlet_count":0,"master_deck":["Defend_G","Defend_G","Defend_G","Defend_G","Defend_G","Strike_G","Strike_G","Strike_G","Strike_G","Survivor","Neutralize","PiercingWail","A Thousand Cuts","Sucker Punch","Dagger Spray","Footwork","Terror+1","Backflip","Well Laid Plans+1","Bandage Up","Deflect","Backflip","Adrenaline","Dodge and Roll","Dodge and Roll"],"relics":["Ring of the Serpent","Art of War","Potion Belt","Pen Nib","MutagenicStrength"],"potions_floor_usage":[16,16,16],"damage_taken":[{"damage":0,"enemies":"Cultist","floor":1,"turns":4},{"damage":4,"enemies":"Small Slimes","floor":3,"turns":4},{"damage":2,"enemies":"Jaw Worm","floor":4,"turns":5},{"damage":22,"enemies":"Gremlin Nob","floor":7,"turns":5},{"damage":3,"enemies":"Blue Slaver","floor":8,"turns":4},{"damage":0,"enemies":"2 Fungi Beasts","floor":13,"turns":3},{"damage":0,"enemies":"Red Slaver","floor":14,"turns":4},{"damage":10,"enemies":"Hexaghost","floor":16,"turns":11},{"damage":12,"enemies":"2 Thieves","floor":18,"turns":4},{"damage":1,"enemies":"3 Byrds","floor":21,"turns":6},{"damage":55,"enemies":"Gremlin Leader","floor":23,"turns":10}],"seed_played":"3537388623851012906","potions_obtained":[{"floor":7,"key":"SteroidPotion"},{"floor":8,"key":"GhostInAJar"},{"floor":13,"key":"AttackPotion"}],"is_trial":false,"path_per_floor":["M","$","M","M","?","R","E","M","T","R","?","$","M","M","R","B",null,"M","$","?","M","?","E"],"character_chosen":"THE_SILENT","items_purchased":["A Thousand Cuts","Sucker Punch","Dagger Spray","Well Laid Plans","Bandage Up"],"campfire_rested":1,"item_purchase_floors":[2,2,2,12,12],"current_hp_per_floor":[63,63,59,57,57,57,35,32,32,50,38,38,38,42,42,36,56,48,48,48,51,51,0],"gold":132,"neow_bonus":"TWO_FIFTY_GOLD","is_prod":false,"is_daily":false,"chose_seed":false,"campfire_upgraded":2,"win_rate":0,"timestamp":1544307270,"path_taken":["M","$","M","M","?","R","E","M","T","R","?","$","M","M","R","BOSS","M","$","?","M","?","E"],"build_version":"2018-12-06","purchased_purges":1,"victory":false,"max_hp_per_floor":[63,63,63,63,63,63,63,63,63,63,63,63,63,63,63,63,63,63,63,63,63,63,63],"card_choices":[{"not_picked":["Dodge and Roll","Riddle With Holes"],"picked":"PiercingWail","floor":1},{"not_picked":["Dodge and Roll","All Out Attack"],"picked":"Footwork","floor":3},{"not_picked":["Backflip","Dagger Spray"],"picked":"Terror","floor":4},{"not_picked":["Dagger Spray","Catalyst","Deadly Poison"],"picked":"SKIP","floor":7},{"not_picked":["Choke","Outmaneuver"],"picked":"Backflip","floor":8},{"not_picked":["Dash","Reflex"],"picked":"Deflect","floor":13},{"not_picked":["Acrobatics","Cloak And Dagger"],"picked":"Backflip","floor":14},{"not_picked":["After Image","Glass Knife"],"picked":"Adrenaline","floor":16},{"not_picked":["Quick Slash","Acrobatics"],"picked":"Dodge and Roll","floor":18},{"not_picked":["Well Laid Plans+1","Sucker Punch"],"picked":"Dodge and Roll","floor":21}],"player_experience":292639,"relics_obtained":[{"floor":7,"key":"Art of War"},{"floor":9,"key":"Potion Belt"}],"event_choices":[{"damage_healed":0,"gold_gain":0,"player_choice":"Ignored","damage_taken":0,"max_hp_gain":0,"max_hp_loss":0,"event_name":"Liars Game","floor":5,"gold_loss":0},{"damage_healed":0,"gold_gain":0,"player_choice":"Success","damage_taken":12,"relics_obtained":["Pen Nib"],"max_hp_gain":0,"max_hp_loss":0,"event_name":"Scrap Ooze","floor":11,"gold_loss":0},{"damage_healed":0,"gold_gain":0,"player_choice":"Ignored","damage_taken":0,"max_hp_gain":0,"max_hp_loss":0,"event_name":"The Mausoleum","floor":20,"gold_loss":0},{"damage_healed":0,"gold_gain":0,"player_choice":"Inject Mutagens","damage_taken":0,"relics_obtained":["MutagenicStrength"],"max_hp_gain":0,"max_hp_loss":0,"event_name":"Drug Dealer","floor":22,"gold_loss":0}],"is_beta":false,"boss_relics":[{"not_picked":["Coffee Dripper","HoveringKite"],"picked":"Ring of the Serpent"}],"items_purged_floors":[2],"is_endless":false,"potions_floor_spawned":[7,8,13],"killed_by":"Gremlin Leader","ascension_level":6}