{"gold_per_floor":[16,16,16,26,44,79,79,111,111,111,121,1,19,50,50,152,152,172,16,16,16,32,59,59,84,110,110,138,138,237,257,257,356,356,375,93,0,11,11,38,38,63,63,96,96,96,112,43,43,43],"floor_reached":51,"playtime":3286,"items_purged":["Strike_R","Strike_R"],"score":1123,"play_id":"3925eeda-f172-43ca-b806-49b57109460f","local_time":"20190801123452","is_ascension_mode":true,"campfire_choices":[{"floor":7,"key":"REST"},{"data":"True Grit","floor":15,"key":"SMITH"},{"data":"Feel No Pain","floor":24,"key":"SMITH"},{"data":"Juggernaut","floor":27,"key":"SMITH"},{"data":"Armaments","floor":29,"key":"SMITH"},{"floor":32,"key":"REST"},{"data":"Demon Form","floor":41,"key":"SMITH"},{"floor":45,"key":"REST"},{"floor":49,"key":"REST"}],"neow_cost":"NO_GOLD","seed_source_timestamp":940409040367800,"circlet_count":0,"master_deck":["Strike_R","Defend_R","Defend_R","Defend_R+1","Defend_R","Bash","Pommel Strike","True Grit+1","Iron Wave","Cleave","Shrug It Off+1","Feel No Pain+1","Thunderclap","Burning Pact","Juggernaut+1","Warcry+1","Second Wind","Armaments+1","Reaper","Shrug It Off+1","Demon Form+1","Disarm+1","Flame Barrier","Seeing Red+1","Madness","Madness","True Grit+1","True Grit+1","Normality","Havoc","Sever Soul+1","Corruption+1","Evolve","Exhume"],"relics":["Burning Blood","Dodecahedron","Omamori","Turnip","Mummified Hand","WarpedTongs","Girya","Cursed Key","War Paint","Nilry\u0027s Codex","Juzu Bracelet","Red Skull","Art of War","Blood Vial","Sozu","Lantern","Red Mask","Torii","Happy Flower","Oddly Smooth Stone","Dream Catcher"],"potions_floor_usage":[8,16,16,16,22,23,33,40],"damage_taken":[{"damage":1,"enemies":"Cultist","floor":1,"turns":3},{"damage":5,"enemies":"Small Slimes","floor":4,"turns":7},{"damage":2,"enemies":"Jaw Worm","floor":5,"turns":3},{"damage":49,"enemies":"Lagavulin","floor":6,"turns":8},{"damage":32,"enemies":"Gremlin Nob","floor":8,"turns":4},{"damage":7,"enemies":"Gremlin Gang","floor":11,"turns":4},{"damage":0,"enemies":"2 Fungi Beasts","floor":13,"turns":3},{"damage":17,"enemies":"3 Sentries","floor":14,"turns":5},{"damage":14,"enemies":"Hexaghost","floor":16,"turns":14},{"damage":0,"enemies":"Chosen","floor":18,"turns":4},{"damage":12,"enemies":"2 Thieves","floor":22,"turns":3},{"damage":14,"enemies":"Gremlin Leader","floor":23,"turns":8},{"damage":12,"enemies":"Book of Stabbing","floor":25,"turns":7},{"damage":11,"enemies":"Gremlin Leader","floor":28,"turns":6},{"damage":0,"enemies":"Cultist and Chosen","floor":31,"turns":5},{"damage":11,"enemies":"Champ","floor":33,"turns":13},{"damage":3,"enemies":"Orb Walker","floor":35,"turns":4},{"damage":2,"enemies":"3 Shapes","floor":38,"turns":5},{"damage":29,"enemies":"Reptomancer","floor":40,"turns":7},{"damage":42,"enemies":"Nemesis","floor":42,"turns":8},{"damage":38,"enemies":"Reptomancer","floor":44,"turns":7},{"damage":32,"enemies":"Jaw Worm Horde","floor":47,"turns":5},{"damage":54,"enemies":"Time Eater","floor":50,"turns":11}],"seed_played":"-1952440569590151834","potions_obtained":[{"floor":4,"key":"Strength Potion"},{"floor":6,"key":"SteroidPotion"},{"floor":14,"key":"EssenceOfSteel"},{"floor":16,"key":"Energy Potion"},{"floor":18,"key":"Explosive Potion"},{"floor":22,"key":"Poison Potion"},{"floor":31,"key":"Weak Potion"},{"floor":33,"key":"GamblersBrew"}],"is_trial":false,"path_per_floor":["M","$","?","M","M","E","R","E","T","?","M","$","M","E","R","B",null,"M","$","?","?","M","E","R","E","T","R","E","R","?","M","R","B",null,"M","$","?","M","?","E","R","E","T","E","R","?","M","$","R","B",null],"character_chosen":"IRONCLAD","items_purchased":["Feel No Pain","Block Potion","Second Wind","Flame Barrier","Lantern","Evolve"],"campfire_rested":4,"item_purchase_floors":[12,12,19,36,36,48],"current_hp_per_floor":[77,77,65,66,70,27,51,25,25,25,24,24,30,19,19,11,63,69,69,69,53,47,39,39,33,33,33,28,28,28,36,60,57,74,79,79,79,80,70,67,67,41,41,19,43,43,40,40,64,67],"gold":43,"neow_bonus":"REMOVE_TWO","is_prod":false,"is_daily":false,"chose_seed":false,"campfire_upgraded":5,"win_rate":0,"timestamp":1564677292,"path_taken":["M","?","?","M","M","E","R","E","T","?","?","$","M","E","R","BOSS","M","$","?","?","M","E","R","E","T","R","E","R","?","M","R","BOSS","M","$","?","M","?","E","R","E","T","E","R","?","M","$","R","BOSS"],"build_version":"2019-07-17","purchased_purges":2,"victory":true,"max_hp_per_floor":[80,80,80,80,80,80,80,80,80,80,80,80,80,80,80,80,80,80,80,80,80,80,80,80,80,80,80,80,80,80,80,80,80,80,80,80,80,80,80,80,80,80,80,80,80,80,80,80,80,80],"card_choices":[{"not_picked":["Havoc","Evolve"],"picked":"Pommel Strike","floor":1},{"not_picked":["Anger","Pummel"],"picked":"Carnage","floor":4},{"not_picked":["Flex","Sword Boomerang"],"picked":"True Grit","floor":5},{"not_picked":["Sever Soul","Anger"],"picked":"Iron Wave","floor":6},{"not_picked":["Havoc","Sentinel"],"picked":"Cleave","floor":8},{"not_picked":["Headbutt","Hemokinesis"],"picked":"Shrug It Off","floor":11},{"not_picked":["Heavy Blade","Perfected Strike"],"picked":"Thunderclap","floor":13},{"not_picked":["Cleave","Flex"],"picked":"Burning Pact","floor":14},{"not_picked":["Dark Embrace","Fiend Fire"],"picked":"Juggernaut","floor":16},{"not_picked":["Uppercut","Perfected Strike"],"picked":"Warcry+1","floor":18},{"not_picked":["Rupture+1","Pommel Strike"],"picked":"Armaments","floor":22},{"not_picked":["Second Wind","Flex+1","Body Slam"],"picked":"SKIP","floor":23},{"not_picked":["Dropkick","Anger","Whirlwind"],"picked":"SKIP","floor":25},{"not_picked":["Pummel","Dropkick"],"picked":"Reaper","floor":28},{"not_picked":["Twin Strike+1","Body Slam"],"picked":"Shrug It Off+1","floor":31},{"not_picked":["Reaper","Feed"],"picked":"Demon Form","floor":33},{"not_picked":["Havoc","Heavy Blade"],"picked":"Disarm+1","floor":35},{"not_picked":["Armaments+1","Fire Breathing"],"picked":"Seeing Red+1","floor":38},{"not_picked":["Anger+1","Flame Barrier+1"],"picked":"True Grit+1","floor":40},{"not_picked":["Hemokinesis+1","Flame Barrier+1"],"picked":"True Grit+1","floor":42},{"not_picked":["Cleave","Sword Boomerang"],"picked":"Havoc","floor":44},{"not_picked":["Flex","Clash+1"],"picked":"Sever Soul+1","floor":45},{"not_picked":["Flex","Perfected Strike+1"],"picked":"Corruption+1","floor":47},{"not_picked":["Flex+1","Sentinel"],"picked":"Exhume","floor":49}],"player_experience":610828,"relics_obtained":[{"floor":6,"key":"Omamori"},{"floor":8,"key":"Turnip"},{"floor":9,"key":"Mummified Hand"},{"floor":14,"key":"Girya"},{"floor":21,"key":"Nilry\u0027s Codex"},{"floor":23,"key":"Juzu Bracelet"},{"floor":25,"key":"Red Skull"},{"floor":26,"key":"Art of War"},{"floor":28,"key":"Blood Vial"},{"floor":40,"key":"Torii"},{"floor":42,"key":"Happy Flower"},{"floor":43,"key":"Oddly Smooth Stone"},{"floor":44,"key":"Dream Catcher"}],"event_choices":[{"damage_healed":0,"gold_gain":0,"player_choice":"Success","damage_taken":12,"relics_obtained":["Dodecahedron"],"max_hp_gain":0,"max_hp_loss":0,"event_name":"Scrap Ooze","floor":3,"gold_loss":0},{"damage_healed":0,"gold_gain":0,"player_choice":"Rummage","damage_taken":0,"relics_obtained":["WarpedTongs"],"max_hp_gain":0,"max_hp_loss":0,"event_name":"Accursed Blacksmith","floor":10,"gold_loss":0,"cards_obtained":["Pain"]},{"damage_healed":0,"gold_gain":0,"player_choice":"Opened","damage_taken":0,"relics_obtained":["War Paint"],"max_hp_gain":0,"max_hp_loss":0,"event_name":"The Mausoleum","floor":20,"gold_loss":0},{"damage_healed":0,"gold_gain":0,"player_choice":"Obtained Book","damage_taken":16,"max_hp_gain":0,"max_hp_loss":0,"event_name":"Cursed Tome","floor":21,"gold_loss":0},{"damage_healed":0,"gold_gain":99,"player_choice":"Stole From Cult","damage_taken":0,"max_hp_gain":0,"max_hp_loss":0,"event_name":"Nest","floor":30,"gold_loss":0},{"damage_healed":0,"gold_gain":0,"player_choice":"Paid","damage_taken":0,"relics_obtained":["Red Mask"],"max_hp_gain":0,"max_hp_loss":0,"event_name":"Tomb of Lord Red Mask","floor":37,"gold_loss":93},{"damage_healed":0,"gold_gain":0,"player_choice":"Embrace Madness","damage_taken":10,"max_hp_gain":0,"max_hp_loss":0,"event_name":"Winding Halls","floor":39,"gold_loss":0,"cards_obtained":["Madness","Madness"]},{"cards_removed":["Carnage"],"damage_healed":0,"gold_gain":0,"player_choice":"Removed Attack","damage_taken":0,"max_hp_gain":0,"max_hp_loss":0,"event_name":"Falling","floor":46,"gold_loss":0}],"is_beta":false,"boss_relics":[{"not_picked":["Black Blood","Black Star"],"picked":"Cursed Key"},{"not_picked":["Orrery","Velvet Choker"],"picked":"Sozu"}],"items_purged_floors":[19,36],"is_endless":false,"potions_floor_spawned":[4,6,14,16,18,22,31,33,38,42,47],"ascension_level":9}