{"gold_per_floor":[361,206,206,217,229,229,229,229,311,329,329,353,105,130,130,258,258,279,298,3,102,117,117,117,117,117,44,44,83,106,129,129,250,250,274,607,617,627,63,63,63,76,76,101,101,115,0,13,13,13],"floor_reached":51,"playtime":4116,"items_purged":["Clumsy","Strike_G","Strike_G"],"score":920,"play_id":"41e83a08-2a47-4c95-853e-9d3eacaf1f27","local_time":"20180706004509","is_ascension_mode":true,"campfire_choices":[{"data":"Terror","floor":6,"key":"SMITH"},{"data":"Neutralize","floor":8,"key":"SMITH"},{"data":"All Out Attack","floor":11,"key":"SMITH"},{"data":"Malaise","floor":15,"key":"SMITH"},{"data":"Adrenaline","floor":23,"key":"SMITH"},{"data":"Noxious Fumes","floor":25,"key":"SMITH"},{"data":"Footwork","floor":28,"key":"SMITH"},{"floor":32,"key":"REST"},{"floor":40,"key":"REST"},{"floor":49,"key":"REST"}],"neow_cost":"CURSE","seed_source_timestamp":1459854350587113,"circlet_count":0,"master_deck":["Defend_G","Defend_G","Defend_G","Defend_G","Defend_G","Survivor","Neutralize+1","Backstab","All Out Attack+1","Bane","Dash","Terror+1","Malaise+1","Noxious Fumes+1","Predator","Poisoned Stab","Adrenaline+1","Sucker Punch","Footwork+1","Heel Hook","PiercingWail+1","Glass Knife","Backflip+1","Footwork","Bandage Up","Backflip","Endless Agony","Cloak And Dagger+1","Escape Plan","Caltrops+1","Noxious Fumes","Endless Agony+1","Flying Knee+1"],"relics":["Ring of the Snake","Tough Bandages","Sozu","Calipers","Dream Catcher","Ornamental Fan","Empty Cage","Shuriken","Meat on the Bone","Bird Faced Urn","Red Mask"],"potions_floor_usage":[31,33],"damage_taken":[{"damage":0,"enemies":"Small Slimes","floor":1,"turns":4},{"damage":0,"enemies":"Cultist","floor":4,"turns":3},{"damage":0,"enemies":"Jaw Worm","floor":5,"turns":3},{"damage":0,"enemies":"3 Louse","floor":10,"turns":2},{"damage":0,"enemies":"Blue Slaver","floor":12,"turns":2},{"damage":0,"enemies":"2 Fungi Beasts","floor":14,"turns":3},{"damage":13,"enemies":"The Guardian","floor":16,"turns":10},{"damage":1,"enemies":"Spheric Guardian","floor":18,"turns":4},{"damage":11,"enemies":"Shell Parasite","floor":19,"turns":5},{"damage":0,"enemies":"Snake Plant","floor":22,"turns":4},{"damage":9,"enemies":"Gremlin Leader","floor":29,"turns":6},{"damage":3,"enemies":"Cultist and Chosen","floor":30,"turns":6},{"damage":0,"enemies":"3 Cultists","floor":31,"turns":5},{"damage":48,"enemies":"Collector","floor":33,"turns":11},{"damage":7,"enemies":"3 Darklings","floor":35,"turns":5},{"damage":24,"enemies":"3 Shapes","floor":37,"turns":5},{"damage":7,"enemies":"Maw","floor":38,"turns":9},{"damage":0,"enemies":"4 Shapes","floor":42,"turns":5},{"damage":12,"enemies":"Nemesis","floor":44,"turns":9},{"damage":14,"enemies":"3 Darklings","floor":46,"turns":5},{"damage":12,"enemies":"Sphere and 2 Shapes","floor":48,"turns":6},{"damage":70,"enemies":"Awakened One","floor":50,"turns":14}],"seed_played":"-69203126985210719","potions_obtained":[{"floor":1,"key":"LiquidBronze"},{"floor":5,"key":"Fire Potion"}],"is_trial":false,"path_per_floor":["M","$","?","M","M","R","?","R","T","M","R","M","$","M","R","B",null,"M","M","$","?","M","R","?","R","T","$","R","E","M","M","R","B",null,"M","?","M","M","$","R","?","M","T","E","?","M","?","M","R","B"],"character_chosen":"THE_SILENT","items_purchased":["All Out Attack","Noxious Fumes","Predator","Calipers","Footwork","Shuriken","Bandage Up","Backflip","Endless Agony"],"campfire_rested":3,"item_purchase_floors":[2,13,13,20,27,39,39,39,39],"current_hp_per_floor":[63,63,63,63,63,63,63,63,63,63,63,63,63,63,63,50,61,60,49,49,49,49,49,49,49,49,49,49,40,37,37,56,8,51,44,44,20,13,13,32,32,36,36,40,40,38,38,40,59,13],"gold":13,"neow_bonus":"TWO_FIFTY_GOLD","is_prod":false,"is_daily":false,"chose_seed":false,"campfire_upgraded":7,"win_rate":0,"timestamp":1530834309,"path_taken":["M","$","?","M","M","R","?","R","T","?","R","M","$","M","R","BOSS","M","M","$","?","M","R","?","R","T","?","R","E","?","M","R","BOSS","M","?","M","?","$","R","?","?","T","E","?","M","?","M","R","BOSS"],"build_version":"2018-06-28","purchased_purges":3,"victory":true,"max_hp_per_floor":[70,70,70,70,70,70,65,65,65,65,65,65,65,65,65,65,65,65,65,65,65,65,65,65,65,65,65,65,65,65,65,65,65,65,65,65,65,65,65,65,65,65,65,65,65,65,65,65,65,65],"card_choices":[{"not_picked":["Deadly Poison","Prepared"],"picked":"Backstab","floor":1},{"not_picked":["Caltrops","Quick Slash"],"picked":"Dash","floor":4},{"not_picked":["Acrobatics","Glass Knife"],"picked":"Terror","floor":5},{"not_picked":["Dagger Throw","Dash","Slice"],"picked":"SKIP","floor":10},{"not_picked":["Dagger Spray","Finisher"],"picked":"Malaise","floor":12},{"not_picked":["Infinite Blades","Accuracy"],"picked":"Poisoned Stab","floor":14},{"not_picked":["Die Die Die","Doppelganger"],"picked":"Adrenaline","floor":16},{"not_picked":["Prepared","PiercingWail"],"picked":"Sucker Punch","floor":18},{"not_picked":["Poisoned Stab","Quick Slash","Prepared"],"picked":"SKIP","floor":19},{"not_picked":["Burst","Flechettes","Deadly Poison"],"picked":"SKIP","floor":22},{"not_picked":["Blade Dance","Bullet Time"],"picked":"Heel Hook","floor":29},{"not_picked":["Poisoned Stab","Dagger Throw","Dodge and Roll"],"picked":"SKIP","floor":30},{"not_picked":["Underhanded Strike+1","Dagger Throw+1","Predator"],"picked":"SKIP","floor":31},{"not_picked":["Dagger Throw+1","Quick Slash"],"picked":"PiercingWail+1","floor":32},{"not_picked":["Corpse Explosion","Phantasmal Killer"],"picked":"Glass Knife","floor":33},{"not_picked":["Dagger Throw","Poisoned Stab+1"],"picked":"Backflip+1","floor":35},{"not_picked":["Accuracy","Flying Knee+1"],"picked":"Footwork","floor":37},{"not_picked":["Sucker Punch+1","Deflect","Cloak And Dagger+1"],"picked":"SKIP","floor":38},{"not_picked":["Skewer+1","Well Laid Plans"],"picked":"Cloak And Dagger+1","floor":40},{"not_picked":["All Out Attack+1","Dagger Throw+1"],"picked":"Escape Plan","floor":42},{"not_picked":["Dagger Throw","Sucker Punch"],"picked":"Caltrops+1","floor":44},{"not_picked":["Deadly Poison+1","Backstab+1","Tactician"],"picked":"SKIP","floor":46},{"not_picked":["PiercingWail+1","Poisoned Stab"],"picked":"Endless Agony+1","floor":48},{"not_picked":["All Out Attack+1","Predator+1"],"picked":"Flying Knee+1","floor":49}],"player_experience":365584,"relics_obtained":[{"floor":9,"key":"Tough Bandages"},{"floor":26,"key":"Dream Catcher"},{"floor":29,"key":"Ornamental Fan"},{"floor":43,"key":"Meat on the Bone"},{"floor":44,"key":"Bird Faced Urn"}],"event_choices":[{"event_name":"Transmorgrifier","player_choice":"Transform","floor":3,"damage_taken":0},{"event_name":"Golden Idol","player_choice":"Lose Max HP","floor":7,"damage_taken":0},{"event_name":"Nest","player_choice":"Stole From Cult","floor":21,"damage_taken":0},{"event_name":"Drug Dealer","player_choice":"Ignored","floor":24,"damage_taken":0},{"event_name":"The Moai Head","player_choice":"Gave Idol","floor":36,"damage_taken":0},{"event_name":"Mysterious Sphere","player_choice":"Ignore","floor":41,"damage_taken":0},{"event_name":"Match and Keep!","player_choice":"1 cards matched","floor":45,"damage_taken":0},{"event_name":"Tomb of Lord Red Mask","player_choice":"Paid","floor":47,"damage_taken":0}],"boss_relics":[{"not_picked":["Orrery","Tiny House"],"picked":"Sozu"},{"not_picked":["Pandora\u0027s Box","Eternal Feather"],"picked":"Empty Cage"}],"items_purged_floors":[2,13,39],"is_endless":false,"potions_floor_spawned":[1,5,18,19,22,31,35,37,46],"ascension_level":8}