{"gold_per_floor":[210,220,220,237,8,8,41,116,143,68,68,78,97,112,112,214,214,226,226],"floor_reached":19,"playtime":1396,"items_purged":["Strike_R"],"score":211,"play_id":"2c443fa4-c640-4b71-a3d7-a9479f8ac0d4","local_time":"20190802072347","is_ascension_mode":true,"campfire_choices":[{"data":"Thunderclap","floor":6,"key":"SMITH"},{"data":"Bash","floor":11,"key":"SMITH"},{"data":"Armaments","floor":15,"key":"SMITH"}],"neow_cost":"NONE","seed_source_timestamp":1023172288048755,"circlet_count":0,"master_deck":["Strike_R","Strike_R","Strike_R","Strike_R","Defend_R","Defend_R","Defend_R","Defend_R","Bash+1","Thunderclap+1","Sever Soul","Rampage","Power Through","Armaments+1","Fiend Fire","Shrug It Off"],"special_seed":0,"relics":["Black Blood","Oddly Smooth Stone","Pen Nib","Bag of Preparation"],"potions_floor_usage":[7,16,16],"damage_taken":[{"damage":12,"enemies":"2 Louse","floor":1,"turns":4},{"damage":1,"enemies":"Cultist","floor":2,"turns":3},{"damage":0,"enemies":"Small Slimes","floor":4,"turns":3},{"damage":30,"enemies":"3 Sentries","floor":7,"turns":7},{"damage":15,"enemies":"Gremlin Gang","floor":12,"turns":3},{"damage":0,"enemies":"Large Slime","floor":13,"turns":3},{"damage":5,"enemies":"Looter","floor":14,"turns":3},{"damage":42,"enemies":"The Guardian","floor":16,"turns":10},{"damage":0,"enemies":"Chosen","floor":18,"turns":5},{"damage":13,"enemies":"3 Byrds","floor":19,"turns":4}],"seed_played":"17360924752010928","potions_obtained":[{"floor":1,"key":"PowerPotion"},{"floor":4,"key":"Strength Potion"},{"floor":7,"key":"FearPotion"},{"floor":14,"key":"LiquidBronze"}],"is_trial":false,"path_per_floor":["M","M","?","M","$","R","E","?","T","$","R","M","M","M","R","B",null,"M","M"],"character_chosen":"IRONCLAD","items_purchased":["Sever Soul","Oddly Smooth Stone"],"campfire_rested":0,"item_purchase_floors":[5,5],"current_hp_per_floor":[74,79,71,77,77,77,53,45,45,45,45,36,42,43,43,7,62,72,59],"gold":226,"neow_bonus":"HUNDRED_GOLD","is_prod":false,"is_daily":false,"chose_seed":false,"campfire_upgraded":3,"win_rate":0,"timestamp":1564748627,"path_taken":["M","M","?","M","?","R","E","?","T","$","R","?","M","M","R","BOSS","M","M"],"build_version":"2019-07-17","purchased_purges":1,"victory":false,"max_hp_per_floor":[80,80,80,80,80,80,80,80,80,80,80,80,80,80,80,80,80,80,80],"card_choices":[{"not_picked":["Corruption","Body Slam","Burning Pact"],"picked":"SKIP","floor":1},{"not_picked":["Evolve","Warcry"],"picked":"Thunderclap","floor":2},{"not_picked":["Flex","Armaments","Thunderclap"],"picked":"SKIP","floor":4},{"not_picked":["Perfected Strike","Havoc"],"picked":"Rampage","floor":7},{"not_picked":["Thunderclap","Body Slam","Warcry"],"picked":"SKIP","floor":12},{"not_picked":["Entrench","Armaments"],"picked":"Power Through","floor":13},{"not_picked":["Warcry","Havoc"],"picked":"Armaments","floor":14},{"not_picked":["Limit Break","Berserk"],"picked":"Fiend Fire","floor":16},{"not_picked":["Shockwave","Bloodletting+1"],"picked":"Shrug It Off","floor":18}],"player_experience":341860,"relics_obtained":[{"floor":7,"key":"Pen Nib"},{"floor":9,"key":"Bag of Preparation"}],"event_choices":[{"damage_healed":0,"gold_gain":0,"player_choice":"Damaged","damage_taken":8,"max_hp_gain":0,"max_hp_loss":0,"event_name":"Wheel of Change","floor":3,"gold_loss":0},{"damage_healed":0,"gold_gain":75,"player_choice":"Touch","damage_taken":8,"max_hp_gain":0,"max_hp_loss":0,"event_name":"FaceTrader","floor":8,"gold_loss":0}],"is_beta":false,"boss_relics":[{"not_picked":["Orrery","Black Star"],"picked":"Black Blood"}],"items_purged_floors":[10],"is_endless":false,"potions_floor_spawned":[1,4,7,14],"killed_by":"3 Byrds","ascension_level":5}