{"gold_per_floor":[117,6,20,20,20,52,52,70,116,116,41,74,74,89,89,187,187,187,187,187,187,87,87],"floor_reached":23,"playtime":808,"items_purged":["Regret","Strike_R+1"],"score":333,"play_id":"598fa86a-101c-44ff-8a8c-57a57225d6d7","local_time":"20190802083025","is_ascension_mode":true,"campfire_choices":[{"data":"Hemokinesis","floor":7,"key":"SMITH"},{"data":"Bash","floor":13,"key":"SMITH"},{"data":"Anger","floor":15,"key":"SMITH"}],"neow_cost":"NONE","seed_source_timestamp":1014632411963800,"circlet_count":0,"master_deck":["AscendersBane","Strike_R+1","Strike_R+1","Strike_R+1","Strike_R+1","Defend_R+1","Defend_R+1","Defend_R+1","Defend_R+1","Bash+1","Anger+1","Hemokinesis+1","Burning Pact","Impervious","Battle Trance","Offering","Sentinel","Impervious","Armaments+1","J.A.X."],"relics":["Burning Blood","NeowsBlessing","Bag of Preparation","Orichalcum","Boot","Molten Egg 2","Ectoplasm"],"potions_floor_usage":[14,16,16],"damage_taken":[{"damage":0,"enemies":"Jaw Worm","floor":1,"turns":1},{"damage":0,"enemies":"2 Louse","floor":3,"turns":1},{"damage":0,"enemies":"3 Sentries","floor":6,"turns":1},{"damage":5,"enemies":"Cultist","floor":8,"turns":3},{"damage":33,"enemies":"Lagavulin","floor":12,"turns":5},{"damage":10,"enemies":"Large Slime","floor":14,"turns":3},{"damage":46,"enemies":"The Guardian","floor":16,"turns":13},{"damage":8,"enemies":"Spheric Guardian","floor":18,"turns":4},{"damage":12,"enemies":"3 Byrds","floor":19,"turns":4},{"damage":59,"enemies":"Book of Stabbing","floor":23,"turns":6}],"seed_played":"-5809379059011044788","potions_obtained":[{"floor":3,"key":"Explosive Potion"},{"floor":6,"key":"Dexterity Potion"},{"floor":14,"key":"Explosive Potion"}],"is_trial":false,"path_per_floor":["M","$","M","?","$","E","R","M","T","?","$","E","R","M","R","B",null,"M","M","?","?","$","E"],"character_chosen":"IRONCLAD","items_purchased":["Hemokinesis","Burning Pact"],"campfire_rested":0,"item_purchase_floors":[2,2],"current_hp_per_floor":[78,78,80,80,80,80,80,80,80,80,80,53,53,49,49,9,62,60,54,54,54,54,0],"gold":87,"neow_bonus":"THREE_ENEMY_KILL","is_prod":false,"is_daily":false,"chose_seed":false,"campfire_upgraded":3,"win_rate":0,"timestamp":1564749025,"path_taken":["M","$","M","?","?","E","R","M","T","?","$","E","R","M","R","BOSS","M","M","?","?","$","E"],"build_version":"2019-07-17","purchased_purges":2,"victory":false,"max_hp_per_floor":[80,80,80,80,80,80,80,80,80,80,80,80,80,80,80,80,80,80,80,80,80,80,80],"card_choices":[{"not_picked":["Flex","Havoc"],"picked":"Anger","floor":1},{"not_picked":["Intimidate","Pommel Strike","Headbutt"],"picked":"SKIP","floor":3},{"not_picked":["Flex","Heavy Blade"],"picked":"Impervious","floor":6},{"not_picked":["Infernal Blade","Ghostly Armor"],"picked":"Battle Trance","floor":8},{"not_picked":["Disarm","Body Slam"],"picked":"Offering","floor":12},{"not_picked":["Second Wind","Cleave+1"],"picked":"Sentinel","floor":14},{"not_picked":["Fiend Fire+1","Dark Embrace"],"picked":"Impervious","floor":16},{"not_picked":["Perfected Strike+1","Combust","Flex"],"picked":"SKIP","floor":18},{"not_picked":["Heavy Blade+1","Wild Strike+1"],"picked":"Armaments+1","floor":19}],"player_experience":620557,"relics_obtained":[{"floor":6,"key":"Orichalcum"},{"floor":9,"key":"Boot"},{"floor":12,"key":"Molten Egg 2"}],"event_choices":[{"damage_healed":0,"gold_gain":0,"player_choice":"Box","damage_taken":0,"relics_obtained":["Bag of Preparation"],"max_hp_gain":0,"max_hp_loss":0,"event_name":"Big Fish","floor":4,"gold_loss":0,"cards_obtained":["Regret"]},{"damage_healed":0,"gold_gain":0,"player_choice":"0 cards matched","damage_taken":0,"max_hp_gain":0,"max_hp_loss":0,"event_name":"Match and Keep!","floor":10,"gold_loss":0,"cards_obtained":[]},{"damage_healed":0,"gold_gain":0,"player_choice":"Obtain J.A.X.","damage_taken":0,"max_hp_gain":0,"max_hp_loss":0,"event_name":"Drug Dealer","floor":20,"gold_loss":0,"cards_obtained":["J.A.X."]},{"damage_healed":0,"gold_gain":0,"player_choice":"Simplicity","damage_taken":0,"max_hp_gain":0,"max_hp_loss":0,"event_name":"Back to Basics","floor":21,"gold_loss":0,"cards_upgraded":["Strike_R","Strike_R","Strike_R","Strike_R","Strike_R","Defend_R","Defend_R","Defend_R","Defend_R"]}],"is_beta":false,"boss_relics":[{"not_picked":["Tiny House","Calling Bell"],"picked":"Ectoplasm"}],"items_purged_floors":[11,22],"is_endless":false,"potions_floor_spawned":[3,6,14],"killed_by":"Book of Stabbing","ascension_level":10}