{"gold_per_floor":[113,113,213,228,240,240,266,266,266,266,297,307,307,75,75,146,146,158,128,141,141,158,191,191,226,526,558,558,574,584,406,406,478,478,492,492,512,531,548,548],"floor_reached":40,"playtime":2727,"items_purged":["Strike_B","Strike_B"],"score":775,"play_id":"880f092c-1774-4f59-bcb3-09a2ecd0d233","local_time":"20190812123155","is_ascension_mode":true,"campfire_choices":[{"data":"Go for the Eyes","floor":6,"key":"SMITH"},{"data":"Reinforced Body","floor":8,"key":"SMITH"},{"data":"Multi-Cast","floor":10,"key":"SMITH"},{"data":"Zap","floor":13,"key":"SMITH"},{"data":"Discovery","floor":15,"key":"SMITH"},{"floor":28,"key":"REST"},{"data":"Rainbow","floor":32,"key":"SMITH"}],"neow_cost":"NONE","seed_source_timestamp":8657533697400,"circlet_count":0,"master_deck":["AscendersBane","Strike_B","Strike_B","Defend_B","Defend_B","Defend_B","Defend_B","Zap+1","Dualcast","Reinforced Body+1","Go for the Eyes+1","Ball Lightning","Multi-Cast+1","Cold Snap","Compile Driver","Glacier","Discovery+1","Echo Form","Turbo+1","Hologram","Coolheaded","BootSequence","Leap+1","Doom and Gloom+1","Recycle","Rainbow+1","Biased Cognition","Chill"],"relics":["Cracked Core","NeowsBlessing","Turnip","Letter Opener","Orichalcum","Philosopher\u0027s Stone","Bird Faced Urn","Pantograph","Dream Catcher","Old Coin","Torii","Black Star"],"potions_floor_usage":[16,18,18,22,25,25,27,33,35,39,40],"damage_taken":[{"damage":0,"enemies":"Cultist","floor":1,"turns":1},{"damage":0,"enemies":"2 Louse","floor":4,"turns":1},{"damage":0,"enemies":"Jaw Worm","floor":5,"turns":1},{"damage":33,"enemies":"3 Sentries","floor":7,"turns":8},{"damage":10,"enemies":"Lagavulin","floor":11,"turns":6},{"damage":0,"enemies":"Looter","floor":12,"turns":3},{"damage":4,"enemies":"The Guardian","floor":16,"turns":14},{"damage":0,"enemies":"3 Byrds","floor":18,"turns":2},{"damage":0,"enemies":"Spheric Guardian","floor":20,"turns":4},{"damage":0,"enemies":"Snake Plant","floor":22,"turns":5},{"damage":34,"enemies":"Slavers","floor":23,"turns":7},{"damage":21,"enemies":"Gremlin Leader","floor":25,"turns":10},{"damage":17,"enemies":"Slavers","floor":27,"turns":9},{"damage":0,"enemies":"3 Cultists","floor":29,"turns":4},{"damage":1,"enemies":"Centurion and Healer","floor":30,"turns":10},{"damage":1,"enemies":"Champ","floor":33,"turns":13},{"damage":1,"enemies":"3 Darklings","floor":35,"turns":3},{"damage":13,"enemies":"Orb Walker","floor":37,"turns":4},{"damage":10,"enemies":"Maw","floor":38,"turns":8},{"damage":28,"enemies":"Writhing Mass","floor":39,"turns":5},{"damage":60,"enemies":"Nemesis","floor":40,"turns":9}],"seed_played":"5567811410986498249","potions_obtained":[{"floor":5,"key":"SpeedPotion"},{"floor":11,"key":"EssenceOfSteel"},{"floor":16,"key":"LiquidBronze"},{"floor":19,"key":"SteroidPotion"},{"floor":19,"key":"GamblersBrew"},{"floor":23,"key":"AttackPotion"},{"floor":24,"key":"Dexterity Potion"},{"floor":24,"key":"PowerPotion"},{"floor":25,"key":"Energy Potion"},{"floor":29,"key":"Explosive Potion"},{"floor":30,"key":"EssenceOfSteel"},{"floor":33,"key":"Regen Potion"},{"floor":37,"key":"SneckoOil"}],"is_trial":false,"path_per_floor":["M","?","?","M","M","R","E","R","T","R","E","M","R","$","R","B",null,"M","?","M","?","M","E","?","E","T","E","R","M","M","$","R","B",null,"M","?","M","M","M","E"],"character_chosen":"DEFECT","items_purchased":["Glacier","Discovery","Rainbow"],"campfire_rested":1,"item_purchase_floors":[14,14,31],"current_hp_per_floor":[64,69,69,69,69,69,36,36,36,36,26,26,26,26,26,22,63,63,63,63,63,69,37,37,20,20,3,25,27,54,54,54,76,76,75,75,63,59,35,0],"gold":548,"neow_bonus":"THREE_ENEMY_KILL","is_prod":false,"is_daily":false,"chose_seed":false,"campfire_upgraded":6,"win_rate":0,"timestamp":1565627515,"path_taken":["M","?","?","?","M","R","E","R","T","R","E","M","R","$","R","BOSS","M","?","?","?","M","E","?","E","T","E","R","M","?","$","R","BOSS","M","?","M","M","M","E"],"build_version":"2019-07-17","purchased_purges":2,"victory":false,"max_hp_per_floor":[71,76,76,76,76,76,76,76,76,76,76,76,76,76,76,76,76,76,76,76,76,76,76,76,76,76,76,76,76,76,76,76,76,76,76,76,76,76,76,76],"card_choices":[{"not_picked":["Ball Lightning","Undo"],"picked":"Reinforced Body","floor":1},{"not_picked":["Lockon","Beam Cell"],"picked":"Go for the Eyes","floor":4},{"not_picked":["Stack","Undo"],"picked":"Ball Lightning","floor":5},{"not_picked":["Hologram","Scrape"],"picked":"Multi-Cast","floor":7},{"not_picked":["Skim","Steam"],"picked":"Cold Snap","floor":11},{"not_picked":["Streamline","Barrage"],"picked":"Compile Driver","floor":12},{"not_picked":["Hyperbeam","Meteor Strike"],"picked":"Echo Form","floor":16},{"not_picked":["Hologram","Gash"],"picked":"Turbo+1","floor":18},{"not_picked":["Rip and Tear","Barrage"],"picked":"Hologram","floor":20},{"not_picked":["Auto Shields","Cold Snap"],"picked":"Coolheaded","floor":22},{"not_picked":["Coolheaded","Double Energy"],"picked":"BootSequence","floor":23},{"not_picked":["Sweeping Beam","Redo"],"picked":"Leap+1","floor":25},{"not_picked":["White Noise","Fusion+1"],"picked":"Doom and Gloom+1","floor":27},{"not_picked":["Sunder","Chill"],"picked":"Recycle","floor":29},{"not_picked":["Static Discharge","Gash","Sweeping Beam"],"picked":"SKIP","floor":30},{"not_picked":["Seek","Creative AI"],"picked":"Biased Cognition","floor":33},{"not_picked":["Gash+1","Auto Shields","Streamline+1"],"picked":"SKIP","floor":35},{"not_picked":["Streamline","Coolheaded","Barrage"],"picked":"SKIP","floor":37},{"not_picked":["Coolheaded","Compile Driver","Fusion"],"picked":"SKIP","floor":38},{"not_picked":["Beam Cell","Force Field"],"picked":"Chill","floor":39}],"player_experience":696077,"relics_obtained":[{"floor":7,"key":"Turnip"},{"floor":9,"key":"Letter Opener"},{"floor":11,"key":"Orichalcum"},{"floor":23,"key":"Pantograph"},{"floor":25,"key":"Dream Catcher"},{"floor":26,"key":"Old Coin"},{"floor":27,"key":"Torii"}],"event_choices":[{"damage_healed":0,"gold_gain":0,"player_choice":"Donut","damage_taken":0,"max_hp_gain":5,"max_hp_loss":0,"event_name":"Big Fish","floor":2,"gold_loss":0},{"damage_healed":0,"gold_gain":100,"player_choice":"Pray","damage_taken":0,"max_hp_gain":0,"max_hp_loss":0,"event_name":"Golden Shrine","floor":3,"gold_loss":0},{"damage_healed":0,"gold_gain":0,"player_choice":"Bought 2 Potions","damage_taken":0,"max_hp_gain":0,"max_hp_loss":0,"event_name":"The Woman in Blue","floor":19,"gold_loss":0},{"damage_healed":0,"gold_gain":0,"player_choice":"Opened","damage_taken":0,"relics_obtained":["Bird Faced Urn"],"max_hp_gain":0,"max_hp_loss":0,"event_name":"The Mausoleum","floor":21,"gold_loss":0},{"damage_healed":0,"gold_gain":0,"player_choice":"Got Potions","damage_taken":0,"max_hp_gain":0,"max_hp_loss":0,"event_name":"Lab","floor":24,"gold_loss":0},{"damage_healed":0,"gold_gain":0,"player_choice":"Ignored","damage_taken":0,"max_hp_gain":0,"max_hp_loss":0,"event_name":"Tomb of Lord Red Mask","floor":36,"gold_loss":0}],"is_beta":false,"boss_relics":[{"not_picked":["Astrolabe","Runic Pyramid"],"picked":"Philosopher\u0027s Stone"},{"not_picked":["Fusion Hammer","White Beast Statue"],"picked":"Black Star"}],"items_purged_floors":[14,31],"is_endless":false,"potions_floor_spawned":[5,11,16,23,25,29,30,33,37],"killed_by":"Nemesis","ascension_level":14}