{"gold_per_floor":[217,19,19,31,45,45,72,72,97,97,197,214,241,261,261,362,362,381,392,410,410,390,409,409,121,167,178,195,230,230,246,246,351,351,361,461,461,461,461,461,481,508,520,532,544,584,596,192,192,192],"floor_reached":51,"playtime":3216,"items_purged":["Strike_B","Strike_B","Strike_B"],"score":1225,"play_id":"62e9400a-df24-4d35-9168-256f2b74384c","local_time":"20190727200521","is_ascension_mode":true,"campfire_choices":[{"data":"Zap","floor":6,"key":"SMITH"},{"data":"Biased Cognition","floor":8,"key":"SMITH"},{"data":"Steam","floor":10,"key":"SMITH"},{"data":"Glacier","floor":15,"key":"SMITH"},{"data":"Capacitor","floor":24,"key":"SMITH"},{"data":"Hologram","floor":30,"key":"SMITH"},{"floor":32,"key":"REST"},{"data":"Undo","floor":40,"key":"SMITH"},{"data":"Seek","floor":44,"key":"SMITH"},{"data":"Electrodynamics","floor":47,"key":"SMITH"},{"data":"Secret Technique","floor":49,"key":"SMITH"}],"neow_cost":"NONE","seed_source_timestamp":535488244973900,"circlet_count":0,"master_deck":["AscendersBane","Strike_B","Defend_B","Defend_B","Defend_B","Defend_B","Zap+1","Dualcast","Ball Lightning","Biased Cognition+1","Steam+1","Glacier+1","Compile Driver+1","Core Surge+1","Doom and Gloom","Coolheaded+1","Hologram+1","Capacitor+1","Self Repair","Undo+1","Loop+1","Electrodynamics+1","Leap+1","Go for the Eyes+1","Seek+1","Hologram+1","Fusion","Coolheaded","Secret Technique+1"],"relics":["Cracked Core","Meat on the Bone","Whetstone","Blood Vial","Vajra","Lizard Tail","PreservedInsect","Happy Flower","Centennial Puzzle","Coffee Dripper","FossilizedHelix","MawBank","Anchor","Oddly Smooth Stone"],"potions_floor_usage":[16,18,20,31,35,36,50],"damage_taken":[{"damage":1,"enemies":"Cultist","floor":1,"turns":3},{"damage":6,"enemies":"2 Louse","floor":4,"turns":2},{"damage":7,"enemies":"Jaw Worm","floor":5,"turns":3},{"damage":35,"enemies":"Gremlin Nob","floor":7,"turns":4},{"damage":1,"enemies":"Red Slaver","floor":12,"turns":2},{"damage":0,"enemies":"Lagavulin","floor":13,"turns":5},{"damage":8,"enemies":"Blue Slaver","floor":14,"turns":2},{"damage":11,"enemies":"The Guardian","floor":16,"turns":9},{"damage":0,"enemies":"Chosen","floor":18,"turns":4},{"damage":22,"enemies":"Shell Parasite","floor":19,"turns":8},{"damage":16,"enemies":"Centurion and Healer","floor":20,"turns":11},{"damage":20,"enemies":"3 Cultists","floor":23,"turns":4},{"damage":7,"enemies":"Snake Plant","floor":27,"turns":5},{"damage":32,"enemies":"Shelled Parasite and Fungi","floor":28,"turns":4},{"damage":78,"enemies":"Slavers","floor":29,"turns":6},{"damage":29,"enemies":"Cultist and Chosen","floor":31,"turns":8},{"damage":32,"enemies":"Champ","floor":33,"turns":11},{"damage":11,"enemies":"Orb Walker","floor":35,"turns":4},{"damage":1,"enemies":"Mind Bloom Boss Battle","floor":36,"turns":8},{"damage":11,"enemies":"3 Shapes","floor":41,"turns":2},{"damage":10,"enemies":"Nemesis","floor":42,"turns":9},{"damage":0,"enemies":"Giant Head","floor":46,"turns":7},{"damage":8,"enemies":"Time Eater","floor":50,"turns":13}],"seed_played":"-9124653270271677112","potions_obtained":[{"floor":4,"key":"Swift Potion"},{"floor":5,"key":"Dexterity Potion"},{"floor":16,"key":"Fire Potion"},{"floor":18,"key":"SpeedPotion"},{"floor":22,"key":"FairyPotion"},{"floor":29,"key":"AttackPotion"},{"floor":33,"key":"Block Potion"},{"floor":35,"key":"SpeedPotion"},{"floor":36,"key":"SteroidPotion"}],"is_trial":false,"path_per_floor":["M","$","T","M","M","R","E","R","T","R","?","M","E","M","R","B",null,"M","M","M","?","?","M","R","$","T","M","M","E","R","M","R","B",null,"M","?","?","?","?","R","M","E","T","R","?","E","R","$","R","B",null],"character_chosen":"DEFECT","items_purchased":["Biased Cognition","Steam","Undo","PreservedInsect","Fusion","Coolheaded","Secret Technique"],"campfire_rested":1,"item_purchase_floors":[2,2,25,25,48,48,48],"current_hp_per_floor":[67,67,67,61,54,54,31,31,31,31,31,44,46,40,40,43,67,69,49,47,47,47,41,41,41,41,55,37,35,35,27,49,38,66,64,72,72,72,72,72,63,62,62,62,62,71,71,71,71,72],"gold":192,"neow_bonus":"HUNDRED_GOLD","is_prod":false,"is_daily":false,"chose_seed":false,"campfire_upgraded":10,"win_rate":0,"timestamp":1564272321,"path_taken":["M","$","?","M","M","R","E","R","T","R","?","?","E","M","R","BOSS","M","M","?","?","?","M","R","$","T","M","M","E","R","M","R","BOSS","M","?","?","?","?","R","?","E","T","R","?","E","R","$","R","BOSS"],"build_version":"2019-07-17","purchased_purges":3,"victory":true,"max_hp_per_floor":[75,75,75,75,75,75,75,75,75,75,75,75,75,75,75,75,75,75,75,75,75,75,75,75,75,75,75,75,75,75,75,75,75,75,75,75,75,75,75,75,75,75,75,75,75,75,75,75,75,75],"card_choices":[{"not_picked":["Rebound","Gash"],"picked":"Ball Lightning","floor":1},{"not_picked":["Genetic Algorithm","Undo"],"picked":"Glacier","floor":4},{"not_picked":["Blizzard","Turbo"],"picked":"Compile Driver","floor":5},{"not_picked":["Conserve Battery","Heatsinks"],"picked":"Core Surge","floor":7},{"not_picked":["Streamline","Heatsinks","Ball Lightning"],"picked":"SKIP","floor":12},{"not_picked":["Cold Snap","BootSequence"],"picked":"Doom and Gloom","floor":13},{"not_picked":["Chaos","FTL","Beam Cell"],"picked":"SKIP","floor":14},{"not_picked":["Cold Snap","Static Discharge"],"picked":"Coolheaded+1","floor":18},{"not_picked":["Streamline","Gash","Steam"],"picked":"SKIP","floor":19},{"not_picked":["Tempest","Hello World"],"picked":"Hologram","floor":20},{"not_picked":["Doom and Gloom","Storm"],"picked":"Self Repair","floor":23},{"not_picked":["Cold Snap+1","Undo","Consume"],"picked":"SKIP","floor":27},{"not_picked":["Doom and Gloom","Gash","Ball Lightning"],"picked":"SKIP","floor":28},{"not_picked":["Doom and Gloom","Gash","Ball Lightning"],"picked":"SKIP","floor":28},{"not_picked":["Storm","Rebound+1"],"picked":"Loop+1","floor":29},{"not_picked":["Streamline","Sweeping Beam+1","Force Field+1"],"picked":"SKIP","floor":31},{"not_picked":["Amplify","Buffer"],"picked":"Electrodynamics","floor":33},{"not_picked":["Double Energy","Stack+1","Force Field+1"],"picked":"SKIP","floor":35},{"not_picked":["Scrape","Loop"],"picked":"Leap+1","floor":36},{"not_picked":["Cold Snap+1","Stack+1"],"picked":"Go for the Eyes","floor":41},{"not_picked":["Sunder+1","Turbo"],"picked":"Seek","floor":42},{"not_picked":["Undo+1","Stack+1"],"picked":"Hologram+1","floor":46}],"player_experience":547332,"relics_obtained":[{"floor":3,"key":"Meat on the Bone"},{"floor":7,"key":"Whetstone"},{"floor":9,"key":"Blood Vial"},{"floor":13,"key":"Vajra"},{"floor":26,"key":"Happy Flower"},{"floor":29,"key":"Centennial Puzzle"},{"floor":36,"key":"FossilizedHelix"},{"floor":42,"key":"MawBank"},{"floor":43,"key":"Anchor"},{"floor":46,"key":"Oddly Smooth Stone"}],"event_choices":[{"damage_healed":0,"gold_gain":100,"player_choice":"Pray","damage_taken":0,"max_hp_gain":0,"max_hp_loss":0,"event_name":"Golden Shrine","floor":11,"gold_loss":0},{"damage_healed":0,"gold_gain":0,"player_choice":"Read","damage_taken":0,"max_hp_gain":0,"max_hp_loss":0,"event_name":"The Library","floor":21,"gold_loss":0,"cards_obtained":["Capacitor"]},{"damage_healed":0,"gold_gain":0,"player_choice":"Bought 1 Potion","damage_taken":0,"max_hp_gain":0,"max_hp_loss":0,"event_name":"The Woman in Blue","floor":22,"gold_loss":0},{"damage_healed":0,"gold_gain":0,"player_choice":"Fight","damage_taken":0,"max_hp_gain":0,"max_hp_loss":0,"event_name":"MindBloom","floor":36,"gold_loss":0},{"damage_healed":0,"gold_gain":0,"player_choice":"Ignored","damage_taken":0,"max_hp_gain":0,"max_hp_loss":0,"event_name":"Tomb of Lord Red Mask","floor":37,"gold_loss":0},{"damage_healed":0,"gold_gain":0,"player_choice":"Ignored","damage_taken":0,"max_hp_gain":0,"max_hp_loss":0,"event_name":"Mysterious Sphere","floor":38,"gold_loss":0},{"damage_healed":0,"gold_gain":0,"player_choice":"Memory 1","damage_taken":0,"max_hp_gain":0,"max_hp_loss":0,"event_name":"SensoryStone","floor":39,"gold_loss":0},{"damage_healed":0,"gold_gain":0,"player_choice":"Forge","damage_taken":0,"max_hp_gain":0,"max_hp_loss":0,"event_name":"Accursed Blacksmith","floor":45,"gold_loss":0,"cards_upgraded":["Go for the Eyes"]}],"is_beta":false,"boss_relics":[{"not_picked":["Fusion Hammer","White Beast Statue"],"picked":"Lizard Tail"},{"not_picked":["Eternal Feather","Astrolabe"],"picked":"Coffee Dripper"}],"items_purged_floors":[2,25,48],"is_endless":false,"potions_floor_spawned":[4,5,13,16,18,28,29,33,35,36,42],"ascension_level":11}