{"path_per_floor":["M","?","?","M","M","R","?","?","T","R","E","?","T","M","R","B",null],"character_chosen":"IRONCLAD","items_purchased":[],"gold_per_floor":[114,114,114,126,139,139,239,204,204,204,239,199,199,216,216,318,318,318],"floor_reached":18,"campfire_rested":1,"playtime":1389,"item_purchase_floors":[],"current_hp_per_floor":[80,85,68,68,74,74,74,85,85,85,77,77,77,59,84,52,85,0],"items_purged":[],"gold":318,"score":158,"play_id":"300daff5-9e27-4ee6-9f10-65f8ac004e7a","local_time":"20180616183032","is_prod":false,"is_daily":false,"chose_seed":false,"is_ascension_mode":false,"campfire_upgraded":2,"win_rate":0.0,"timestamp":1529170232,"campfire_choices":[{"data":"Cleave","floor":6,"key":"SMITH"},{"data":"Strike_R","floor":10,"key":"SMITH"},{"floor":15,"key":"REST"}],"path_taken":["M","?","?","M","M","R","?","?","T","R","E","?","?","M","R","BOSS","M"],"build_version":"2018-06-14v2","seed_source_timestamp":170181381149475,"purchased_purges":0,"victory":false,"master_deck":["Strike_R","Strike_R","Strike_R+1","Strike_R","Strike_R","Defend_R","Defend_R+1","Defend_R","Defend_R+1","Bash","Limit Break","Cleave+1","Barricade","Feel No Pain","Blood for Blood","Blood for Blood","Impervious"],"max_hp_per_floor":[80,85,85,85,85,85,85,85,85,85,85,85,85,85,85,85,85,85],"relics":["Burning Blood","Bottled Tornado","Ginger","Pantograph","Philosopher\u0027s Stone"],"card_choices":[{"not_picked":["Pommel Strike","Twin Strike"],"picked":"Cleave","floor":1},{"not_picked":["Heavy Blade","Clash"],"picked":"Barricade","floor":4},{"not_picked":["Headbutt","Clash"],"picked":"Feel No Pain","floor":5},{"not_picked":["Dark Embrace","Spot Weakness"],"picked":"Blood for Blood","floor":11},{"not_picked":["Second Wind","Feel No Pain"],"picked":"Blood for Blood","floor":14},{"not_picked":["Limit Break","Juggernaut"],"picked":"Impervious","floor":16}],"player_experience":14367,"potions_floor_usage":[16,16,16],"damage_taken":[{"damage":0,"enemies":"Small Slimes","floor":1,"turns":4},{"damage":6,"enemies":"Jaw Worm","floor":4,"turns":5},{"damage":0,"enemies":"2 Louse","floor":5,"turns":2},{"damage":14,"enemies":"3 Sentries","floor":11,"turns":10},{"damage":24,"enemies":"Gremlin Gang","floor":14,"turns":4},{"damage":47,"enemies":"The Guardian","floor":16,"turns":14},{"damage":87,"enemies":"3 Byrds","floor":18,"turns":3}],"relics_obtained":[{"floor":9,"key":"Bottled Tornado"},{"floor":11,"key":"Ginger"},{"floor":13,"key":"Pantograph"}],"event_choices":[{"event_name":"Big Fish","player_choice":"Donut","floor":2,"damage_taken":0},{"event_name":"Shining Light","player_choice":"Entered Light","floor":3,"damage_taken":0},{"event_name":"Golden Shrine","player_choice":"Pray","floor":7,"damage_taken":0},{"event_name":"The Cleric","player_choice":"Healed","floor":8,"damage_taken":0},{"event_name":"The Woman in Blue","player_choice":"Bought 3 Potions","floor":12,"damage_taken":0}],"boss_relics":[{"not_picked":["Lizard Tail","Busted Crown"],"picked":"Philosopher\u0027s Stone"}],"items_purged_floors":[],"is_endless":false,"potions_floor_spawned":[14],"seed_played":"-7064850283764334457","killed_by":"3 Byrds","ascension_level":0,"potions_obtained":[{"floor":12,"key":"Strength Potion"},{"floor":12,"key":"Block Potion"},{"floor":12,"key":"LiquidBronze"},{"floor":14,"key":"BloodPotion"}],"is_trial":false}