{"gold_per_floor":[118,130,130,130,6,6,37,50,50,105,122,122,135,211,211,307,357,372,372,156,174,174,206,206,217,217,217,228,244,278,164,164,263,263,281,503,228,228,43,61,61,80,80,107,107,44,44,60,60,60],"floor_reached":51,"playtime":3223,"items_purged":["Strike_G","Strike_G"],"score":1048,"play_id":"a096642e-03ea-47a0-bdd6-93246dfeb912","local_time":"20181208212558","is_ascension_mode":true,"campfire_choices":[{"data":"Leg Sweep","floor":6.0,"key":"SMITH"},{"floor":15.0,"key":"REST"},{"data":"Footwork","floor":27,"key":"SMITH"},{"data":"Envenom","floor":32,"key":"SMITH"},{"data":"Malaise","floor":41,"key":"SMITH"},{"data":"Footwork","floor":45,"key":"SMITH"},{"data":"Footwork","floor":47,"key":"SMITH"},{"data":"Footwork","floor":49,"key":"SMITH"}],"neow_cost":"NONE","seed_source_timestamp":0,"circlet_count":0,"master_deck":["Defend_G+1","Defend_G+1","Defend_G+1","Defend_G+1","Defend_G+1","Survivor","Neutralize+1","Dagger Spray","Leg Sweep+1","Flying Knee","Footwork+1","Backstab","Flying Knee","Envenom+1","Die Die Die","Bane","PiercingWail","Well Laid Plans","Footwork+1","Cloak And Dagger","Escape Plan+1","Bite","Bite","Bite","Bite","Bite","Slice+1","Poisoned Stab","Infinite Blades","Footwork+1","Malaise+1","Noxious Fumes+1","Noxious Fumes","Footwork+1","Infinite Blades","Noxious Fumes","Deflect","Noxious Fumes","Infinite Blades","Infinite Blades","Slice","Accuracy","Footwork"],"special_seed":0,"relics":["Ring of the Snake","The Courier","Mummified Hand","Boot","Paper Crane","Tiny House","Pen Nib","Bottled Tornado","Red Mask","Oddly Smooth Stone","Philosopher\u0027s Stone","Dead Branch","Ornamental Fan","Strawberry"],"potions_floor_usage":[50,50,50],"damage_taken":[{"damage":0.0,"enemies":"Small Slimes","floor":1.0,"turns":5.0},{"damage":0.0,"enemies":"Jaw Worm","floor":2.0,"turns":5.0},{"damage":16.0,"enemies":"3 Sentries","floor":7.0,"turns":11.0},{"damage":0.0,"enemies":"2 Louse","floor":8.0,"turns":3.0},{"damage":1.0,"enemies":"Exordium Wildlife","floor":11.0,"turns":2.0},{"damage":1.0,"enemies":"3 Louse","floor":13.0,"turns":3.0},{"damage":0.0,"enemies":"The Guardian","floor":16.0,"turns":17.0},{"damage":8.0,"enemies":"2 Thieves","floor":18.0,"turns":4.0},{"damage":0.0,"enemies":"3 Byrds","floor":21.0,"turns":3.0},{"damage":23.0,"enemies":"Slavers","floor":23.0,"turns":8.0},{"damage":3,"enemies":"Centurion and Healer","floor":25,"turns":10},{"damage":11,"enemies":"Snecko","floor":28,"turns":7},{"damage":7,"enemies":"Snake Plant","floor":29,"turns":5},{"damage":8,"enemies":"Masked Bandits","floor":30,"turns":6},{"damage":6,"enemies":"Champ","floor":33,"turns":17},{"damage":10,"enemies":"Orb Walker","floor":35,"turns":4},{"damage":1,"enemies":"3 Darklings","floor":40,"turns":6},{"damage":14,"enemies":"Sphere and 2 Shapes","floor":42,"turns":6},{"damage":0,"enemies":"Giant Head","floor":44,"turns":8},{"damage":0,"enemies":"Maw","floor":48,"turns":6},{"damage":45,"enemies":"Time Eater","floor":50,"turns":12}],"seed_played":"-1193793720859852716","potions_obtained":[{"floor":1.0,"key":"Energy Potion"},{"floor":7.0,"key":"PowerPotion"},{"floor":11.0,"key":"AttackPotion"},{"floor":17.0,"key":"GamblersBrew"},{"floor":21.0,"key":"AttackPotion"},{"floor":23,"key":"Energy Potion"},{"floor":25,"key":"Weak Potion"},{"floor":40,"key":"GhostInAJar"}],"is_trial":false,"path_per_floor":["M","M","?","?","$","R","E","M","T","?","M","?","M","T","R","B",null,"M","?","$","M","?","E","E","?","M","T","R","M","M","?","$","R","B",null,"M","?","$","?","$","M","R","M","T","E","R","$","R","M","R","B",null],"character_chosen":"THE_SILENT","items_purchased":["Flying Knee","Well Laid Plans","Footwork","Cloak And Dagger","Oddly Smooth Stone","Noxious Fumes","Footwork","Infinite Blades","Noxious Fumes","Deflect","Noxious Fumes","Infinite Blades","Infinite Blades","Accuracy"],"campfire_rested":1,"item_purchase_floors":[5,20,20,20,31,37,37,37,37,37,39,39,39,46],"current_hp_per_floor":[70,70,56,56,56,56,40,40,40,40,39,36,35,35,56,56,72,64,64,64,64,52,37,37,52,52,52,45,42,46,46,46,52,52,42,42,42,42,42,47,47,41,41,58,58,58,58,59,59,24],"gold":60,"neow_bonus":"UPGRADE_CARD","is_prod":false,"is_daily":false,"chose_seed":false,"campfire_upgraded":7,"win_rate":0,"timestamp":1544304358,"path_taken":["M","M","?","?","?","R","E","M","T","?","M","?","M","?","R","BOSS","M","?","$","M","?","E","?","M","T","R","M","M","?","$","R","BOSS","M","?","$","?","$","?","R","M","T","E","R","?","R","M","R","BOSS"],"build_version":"2018-12-06","purchased_purges":2,"victory":true,"max_hp_per_floor":[70,70,70,70,70,70,70,70,70,70,70,70,70,70,70,70,75,75,75,75,75,52,52,52,52,52,52,52,52,52,52,52,52,52,52,52,52,52,52,52,52,52,52,59,59,59,59,59,59,59],"card_choices":[{"not_picked":["Escape Plan","Dagger Throw"],"picked":"Dagger Spray","floor":1.0},{"not_picked":["Backstab","Infinite Blades"],"picked":"Leg Sweep","floor":2.0},{"not_picked":["PiercingWail","Acrobatics"],"picked":"Footwork","floor":7.0},{"not_picked":["Flying Knee","Dagger Throw"],"picked":"Backstab","floor":8.0},{"not_picked":["Quick Slash","Eviscerate"],"picked":"Flying Knee","floor":11.0},{"not_picked":["Acrobatics","Infinite Blades"],"picked":"Envenom","floor":13.0},{"not_picked":["Bullet Time","Tools of the Trade"],"picked":"Die Die Die","floor":16.0},{"not_picked":["Quick Slash","Acrobatics"],"picked":"Bane","floor":17.0},{"not_picked":["Setup","Dagger Spray"],"picked":"PiercingWail","floor":18.0},{"not_picked":["Dagger Spray","Riddle With Holes"],"picked":"Escape Plan+1","floor":21.0},{"not_picked":["Bouncing Flask+1","Accuracy+1","Eviscerate"],"picked":"SKIP","floor":23},{"not_picked":["Leg Sweep+1","Blade Dance"],"picked":"Slice+1","floor":25},{"not_picked":["Outmaneuver+1","Doppelganger"],"picked":"Poisoned Stab","floor":28},{"not_picked":["Prepared","Choke+1"],"picked":"Infinite Blades","floor":29},{"not_picked":["Crippling Poison+1","Sucker Punch"],"picked":"Footwork","floor":30},{"not_picked":["Night Terror","Envenom"],"picked":"Malaise","floor":33},{"not_picked":["Dagger Throw+1","Outmaneuver+1"],"picked":"Noxious Fumes+1","floor":35},{"not_picked":["PiercingWail+1","Eviscerate"],"picked":"Slice","floor":40},{"not_picked":["Dash","Bane+1","Well Laid Plans+1"],"picked":"SKIP","floor":42},{"not_picked":["Bane","Calculated Gamble","Outmaneuver+1"],"picked":"SKIP","floor":44},{"not_picked":["Predator","Burst"],"picked":"Footwork","floor":48}],"player_experience":289416,"relics_obtained":[{"floor":7.0,"key":"The Courier"},{"floor":9.0,"key":"Mummified Hand"},{"floor":14.0,"key":"Paper Crane"},{"floor":23,"key":"Pen Nib"},{"floor":26,"key":"Bottled Tornado"},{"floor":30,"key":"Red Mask"},{"floor":43,"key":"Ornamental Fan"},{"floor":44,"key":"Strawberry"}],"event_choices":[{"damage_healed":0.0,"max_hp_gain":0.0,"max_hp_loss":0.0,"gold_gain":0.0,"event_name":"Shining Light","player_choice":"Entered Light","floor":3.0,"gold_loss":0.0,"damage_taken":14.0,"cards_upgraded":["Defend_G","Strike_G"]},{"damage_healed":0.0,"max_hp_gain":0.0,"max_hp_loss":0.0,"gold_gain":0.0,"event_name":"Liars Game","player_choice":"Ignored","floor":4.0,"gold_loss":0.0,"damage_taken":0.0},{"damage_healed":0.0,"max_hp_gain":0.0,"max_hp_loss":0.0,"gold_gain":55.0,"event_name":"Golden Wing","player_choice":"Gained Gold","floor":10.0,"gold_loss":0.0,"damage_taken":0.0},{"damage_healed":0.0,"max_hp_gain":0.0,"max_hp_loss":0.0,"gold_gain":0.0,"event_name":"Scrap Ooze","player_choice":"Success","floor":12.0,"gold_loss":0.0,"damage_taken":3.0,"relics_obtained":["Boot"]},{"damage_healed":0.0,"max_hp_gain":0.0,"max_hp_loss":0.0,"gold_gain":0.0,"event_name":"Cursed Tome","player_choice":"Ignored","floor":19.0,"gold_loss":0.0,"damage_taken":0.0},{"damage_healed":0.0,"max_hp_gain":0.0,"max_hp_loss":23.0,"gold_gain":0.0,"event_name":"Vampires","player_choice":"Became a vampire","floor":22.0,"gold_loss":0.0,"damage_taken":0.0,"cards_obtained":["Bite","Bite","Bite","Bite","Bite"]},{"damage_healed":0,"gold_gain":0,"player_choice":"Simplicity","damage_taken":0,"max_hp_gain":0,"max_hp_loss":0,"event_name":"Back to Basics","floor":24,"gold_loss":0,"cards_upgraded":["Defend_G","Defend_G","Defend_G","Defend_G"]},{"damage_healed":0,"gold_gain":0,"player_choice":"Fought Bandits","damage_taken":0,"max_hp_gain":0,"max_hp_loss":0,"event_name":"Masked Bandits","floor":30,"gold_loss":0},{"damage_healed":0,"gold_gain":222,"player_choice":"Wore Mask","damage_taken":0,"max_hp_gain":0,"max_hp_loss":0,"event_name":"Tomb of Lord Red Mask","floor":36,"gold_loss":0},{"damage_healed":0,"gold_gain":0,"player_choice":"Gave Potion","damage_taken":0,"relics_obtained":["Dead Branch"],"max_hp_gain":0,"max_hp_loss":0,"event_name":"WeMeetAgain","floor":38,"gold_loss":0}],"is_beta":false,"boss_relics":[{"not_picked":["White Beast Statue","Ectoplasm"],"picked":"Tiny House"},{"not_picked":["Velvet Choker","Runic Pyramid"],"picked":"Philosopher\u0027s Stone"}],"items_purged_floors":[5,20],"is_endless":false,"potions_floor_spawned":[1,7,11,21,23,25,33,40,48],"ascension_level":5}