{"gold_per_floor":[111,111,61,61,78,112,112,112,137,137,147,173,48,48,48,147,147,160,160,160,180,195,195,195,57,107,32,32,52,52,65,65,161,161,173,173,173,48,68,68,80,80,131,131,147,200,133,152,152,152],"floor_reached":50,"playtime":3509,"items_purged":["Pain","Regret","Brutality"],"score":471,"play_id":"ea46ffee-7e21-43bd-a2bf-d8d7676781d0","local_time":"20190806214327","is_ascension_mode":false,"campfire_choices":[{"data":"1","floor":8,"key":"LIFT"},{"data":"2","floor":15,"key":"LIFT"},{"data":"Heavy Blade","floor":23,"key":"SMITH"},{"data":"Seeing Red","floor":28,"key":"SMITH"},{"data":"Armaments","floor":30,"key":"SMITH"},{"floor":32,"key":"REST"},{"data":"Madness","floor":40,"key":"SMITH"},{"data":"Shockwave","floor":42,"key":"SMITH"},{"floor":44,"key":"REST"},{"floor":49,"key":"REST"}],"neow_cost":"NONE","seed_source_timestamp":425510559493420,"circlet_count":0,"master_deck":["Defend_R","Defend_R","Defend_R","Defend_R","Fire Breathing","Rampage","Shockwave+1","Armaments+1","Heavy Blade+1","Rampage","Disarm","Cleave","Demon Form","Seeing Red+1","Brutality+1","Cleave+1","Carnage+1","Shrug It Off+1","Madness+1","Madness","Pommel Strike+1","Ghostly Armor+1","Heavy Blade+1","Ghostly Armor"],"relics":["Burning Blood","Girya","Thread and Needle","Happy Flower","WarpedTongs","Dodecahedron","Ice Cream","Calling Bell","Omamori","Darkstone Periapt","Peace Pipe","Blood Vial","Astrolabe","Boot","Mango"],"potions_floor_usage":[12,16,33,33,46,50,50],"damage_taken":[{"damage":13,"enemies":"2 Louse","floor":1,"turns":4},{"damage":0,"enemies":"Small Slimes","floor":5,"turns":4},{"damage":39,"enemies":"Gremlin Nob","floor":6,"turns":5},{"damage":2,"enemies":"Jaw Worm","floor":11,"turns":4},{"damage":5,"enemies":"Lagavulin","floor":12,"turns":5},{"damage":36,"enemies":"Slime Boss","floor":16,"turns":11},{"damage":14,"enemies":"Shell Parasite","floor":18,"turns":5},{"damage":9,"enemies":"Chosen","floor":21,"turns":6},{"damage":21,"enemies":"Centurion and Healer","floor":22,"turns":5},{"damage":6,"enemies":"Shelled Parasite and Fungi","floor":29,"turns":7},{"damage":10,"enemies":"Sentry and Sphere","floor":31,"turns":4},{"damage":41,"enemies":"Collector","floor":33,"turns":8},{"damage":9,"enemies":"3 Shapes","floor":35,"turns":3},{"damage":9,"enemies":"3 Darklings","floor":39,"turns":6},{"damage":22,"enemies":"Transient","floor":41,"turns":5},{"damage":10,"enemies":"4 Shapes","floor":45,"turns":4},{"damage":53,"enemies":"2 Orb Walkers","floor":46,"turns":5},{"damage":15,"enemies":"3 Darklings","floor":48,"turns":5},{"damage":81,"enemies":"Donu and Deca","floor":50,"turns":6}],"seed_played":"2074953518018434122","potions_obtained":[{"floor":1,"key":"Strength Potion"},{"floor":5,"key":"Explosive Potion"},{"floor":18,"key":"FearPotion"},{"floor":29,"key":"Poison Potion"},{"floor":31,"key":"Fire Potion"},{"floor":45,"key":"LiquidBronze"},{"floor":48,"key":"Strength Potion"}],"is_trial":false,"path_per_floor":["M","?","?","?","M","E","?","R","T","?","M","E","$","T","R","B",null,"M","?","?","M","M","R","?","$","T","?","R","M","R","M","R","B",null,"M","?","?","$","M","R","M","R","T","R","M","?","$","M","R","B"],"character_chosen":"IRONCLAD","items_purchased":["Cleave","Seeing Red","Ghostly Armor"],"campfire_rested":3,"item_purchase_floors":[13,25,47],"current_hp_per_floor":[73,73,73,66,72,39,39,39,39,39,43,44,44,44,44,14,80,72,72,72,69,54,54,54,54,54,54,54,56,56,54,78,45,80,77,67,67,67,66,66,52,52,52,76,74,43,43,36,64,0],"gold":152,"neow_bonus":"TRANSFORM_CARD","is_prod":false,"is_daily":false,"chose_seed":false,"campfire_upgraded":5,"win_rate":0.0,"timestamp":1565120607,"path_taken":["M","?","?","?","?","E","?","R","T","?","?","E","$","?","R","BOSS","M","?","?","M","M","R","?","$","T","?","R","?","R","M","R","BOSS","M","?","?","$","M","R","M","R","T","R","M","?","$","M","R","BOSS"],"build_version":"2019-07-17","purchased_purges":3,"victory":false,"max_hp_per_floor":[80,80,80,80,80,80,80,80,80,80,80,80,80,80,80,80,80,80,80,80,80,80,80,80,80,80,80,80,80,80,80,80,80,80,80,80,80,80,80,80,80,80,80,80,80,94,94,94,94,94],"card_choices":[{"not_picked":["Iron Wave","Spot Weakness"],"picked":"Rampage","floor":1},{"not_picked":["Metallicize","Sword Boomerang"],"picked":"Shockwave","floor":5},{"not_picked":["Shrug It Off","Heavy Blade"],"picked":"Armaments","floor":6},{"not_picked":["Blood for Blood","Perfected Strike"],"picked":"Rampage","floor":11},{"not_picked":["Bloodletting","Feed"],"picked":"Disarm","floor":12},{"not_picked":["Bludgeon","Juggernaut"],"picked":"Demon Form","floor":16},{"not_picked":["Pummel","Cleave+1","Headbutt"],"picked":"SKIP","floor":18},{"not_picked":["Body Slam+1","Cleave","Bloodletting"],"picked":"SKIP","floor":21},{"not_picked":["Metallicize","Armaments","Warcry"],"picked":"SKIP","floor":22},{"not_picked":["Barricade","Headbutt+1","Second Wind+1"],"picked":"SKIP","floor":29},{"not_picked":["Rampage","Clash","Perfected Strike"],"picked":"SKIP","floor":31},{"not_picked":["Reaper","Fiend Fire"],"picked":"Brutality","floor":33},{"not_picked":["Heavy Blade","Thunderclap+1"],"picked":"Shrug It Off+1","floor":35},{"not_picked":["Seeing Red","Sword Boomerang"],"picked":"Pommel Strike+1","floor":39},{"not_picked":["Twin Strike","True Grit"],"picked":"Ghostly Armor+1","floor":41},{"not_picked":["Sever Soul+1","Headbutt+1"],"picked":"Heavy Blade+1","floor":45},{"not_picked":["Twin Strike","Demon Form","Clothesline"],"picked":"SKIP","floor":48}],"player_experience":20566,"relics_obtained":[{"floor":6,"key":"Thread and Needle"},{"floor":9,"key":"Happy Flower"},{"floor":12,"key":"Dodecahedron"},{"floor":14,"key":"Ice Cream"},{"floor":17,"key":"Omamori"},{"floor":17,"key":"Darkstone Periapt"},{"floor":17,"key":"Peace Pipe"},{"floor":26,"key":"Blood Vial"},{"floor":43,"key":"Boot"},{"floor":46,"key":"Mango"}],"event_choices":[{"damage_healed":0,"gold_gain":0,"player_choice":"Box","damage_taken":0,"relics_obtained":["Girya"],"max_hp_gain":0,"max_hp_loss":0,"event_name":"Big Fish","floor":2,"gold_loss":0,"cards_obtained":["Regret"]},{"cards_removed":["Regret"],"damage_healed":0,"gold_gain":0,"player_choice":"Card Removal","damage_taken":0,"max_hp_gain":0,"max_hp_loss":0,"event_name":"The Cleric","floor":3,"gold_loss":50},{"cards_removed":["Strike_R"],"damage_healed":0,"gold_gain":0,"player_choice":"Card Removal","damage_taken":7,"max_hp_gain":0,"max_hp_loss":0,"event_name":"Golden Wing","floor":4,"gold_loss":0},{"damage_healed":0,"gold_gain":0,"cards_transformed":["Strike_R"],"player_choice":"Change","damage_taken":0,"max_hp_gain":0,"max_hp_loss":0,"event_name":"Living Wall","floor":7,"gold_loss":0,"cards_obtained":["Heavy Blade"]},{"damage_healed":0,"gold_gain":0,"player_choice":"Rummage","damage_taken":0,"relics_obtained":["WarpedTongs"],"max_hp_gain":0,"max_hp_loss":0,"event_name":"Accursed Blacksmith","floor":10,"gold_loss":0,"cards_obtained":["Pain"]},{"cards_removed":["Shame"],"damage_healed":0,"gold_gain":0,"player_choice":"Elegance","damage_taken":0,"max_hp_gain":0,"max_hp_loss":0,"event_name":"Back to Basics","floor":19,"gold_loss":0},{"damage_healed":0,"gold_gain":0,"player_choice":"Ignored","damage_taken":0,"max_hp_gain":0,"max_hp_loss":0,"event_name":"Vampires","floor":20,"gold_loss":0},{"damage_healed":0,"gold_gain":0,"cards_transformed":["Strike_R","Strike_R"],"player_choice":"Became Test Subject","damage_taken":0,"max_hp_gain":0,"max_hp_loss":0,"event_name":"Drug Dealer","floor":24,"gold_loss":0,"cards_obtained":["Barricade","Dropkick"]},{"cards_removed":["Injury"],"damage_healed":0,"gold_gain":0,"player_choice":"Gave Gold","damage_taken":0,"max_hp_gain":0,"max_hp_loss":0,"event_name":"Beggar","floor":27,"gold_loss":75},{"damage_healed":0,"gold_gain":0,"player_choice":"Embrace Madness","damage_taken":10,"max_hp_gain":0,"max_hp_loss":0,"event_name":"Winding Halls","floor":36,"gold_loss":0,"cards_obtained":["Madness","Madness"]},{"damage_healed":0,"gold_gain":0,"player_choice":"Ignored","damage_taken":0,"max_hp_gain":0,"max_hp_loss":0,"event_name":"Tomb of Lord Red Mask","floor":37,"gold_loss":0},{"damage_healed":0,"gold_gain":0,"player_choice":"Fight","damage_taken":0,"max_hp_gain":0,"max_hp_loss":0,"event_name":"Mysterious Sphere","floor":46,"gold_loss":0}],"is_beta":false,"boss_relics":[{"not_picked":["Velvet Choker","Cursed Key"],"picked":"Calling Bell"},{"not_picked":["Mark of Pain","Fusion Hammer"],"picked":"Astrolabe"}],"items_purged_floors":[13,25,38],"is_endless":false,"potions_floor_spawned":[1,5,18,29,31,45,48],"killed_by":"Donu and Deca","ascension_level":0}