{"gold_per_floor":[115,115,129,140,154,154,180,34,34,48,48,64,98,113,113,184,184,201,300,316,329,329],"floor_reached":22,"playtime":1086,"items_purged":[],"score":330,"play_id":"89850786-836b-4e3f-9bfe-2a6b27c3cf58","local_time":"20190801111823","is_ascension_mode":true,"campfire_choices":[{"data":"Go for the Eyes","floor":6,"key":"SMITH"},{"floor":11,"key":"REST"},{"data":"Capacitor","floor":15,"key":"SMITH"}],"neow_cost":"NONE","seed_source_timestamp":938027682284300,"circlet_count":0,"master_deck":["AscendersBane","Strike_B","Strike_B","Strike_B","Strike_B","Defend_B","Defend_B","Defend_B","Defend_B","Zap","Dualcast","Leap","Conserve Battery","Go for the Eyes+1","White Noise","Seek","Capacitor+1","Consume","Coolheaded","Cold Snap","Fusion","Darkness","Echo Form","Defragment","Redo","Auto Shields"],"relics":["Cracked Core","DataDisk","Bottled Lightning","Ornamental Fan","Art of War","Cursed Key"],"potions_floor_usage":[7,12,16],"damage_taken":[{"damage":1,"enemies":"Cultist","floor":1,"turns":3},{"damage":2,"enemies":"Jaw Worm","floor":3,"turns":3},{"damage":12,"enemies":"Small Slimes","floor":4,"turns":5},{"damage":3,"enemies":"Blue Slaver","floor":5,"turns":3},{"damage":16,"enemies":"Gremlin Nob","floor":7,"turns":4},{"damage":8,"enemies":"2 Fungi Beasts","floor":10,"turns":5},{"damage":9,"enemies":"Exordium Wildlife","floor":12,"turns":4},{"damage":7,"enemies":"3 Sentries","floor":13,"turns":10},{"damage":0,"enemies":"Looter","floor":14,"turns":4},{"damage":30,"enemies":"The Guardian","floor":16,"turns":9},{"damage":20,"enemies":"Shell Parasite","floor":18,"turns":9},{"damage":8,"enemies":"3 Byrds","floor":20,"turns":3},{"damage":13,"enemies":"3 Cultists","floor":21,"turns":4},{"damage":19,"enemies":"Snake Plant","floor":22,"turns":3}],"seed_played":"6101571282840740353","potions_obtained":[{"floor":2,"key":"EssenceOfSteel"},{"floor":2,"key":"FairyPotion"},{"floor":3,"key":"SpeedPotion"},{"floor":4,"key":"Regen Potion"},{"floor":12,"key":"SneckoOil"},{"floor":13,"key":"SteroidPotion"},{"floor":14,"key":"FocusPotion"},{"floor":18,"key":"SteroidPotion"}],"is_trial":false,"path_per_floor":["M","?","M","M","M","R","E","$","T","M","R","M","E","M","R","B",null,"M","?","M","M","M"],"character_chosen":"DEFECT","items_purchased":["Capacitor","Consume"],"campfire_rested":1,"item_purchase_floors":[8,8],"current_hp_per_floor":[67,67,65,53,50,50,34,34,34,26,48,51,44,44,44,14,60,40,40,32,19,0],"gold":329,"neow_bonus":"RANDOM_COMMON_RELIC","is_prod":false,"is_daily":false,"chose_seed":false,"campfire_upgraded":2,"win_rate":0,"timestamp":1564672703,"path_taken":["M","?","M","M","M","R","E","$","T","M","R","M","E","?","R","BOSS","M","?","M","M","M"],"build_version":"2019-07-17","purchased_purges":0,"victory":false,"max_hp_per_floor":[75,75,75,75,75,75,75,75,75,75,75,75,75,75,75,75,75,75,75,75,75,75],"card_choices":[{"not_picked":["Beam Cell","Chaos"],"picked":"Leap","floor":1},{"not_picked":["Chaos","Chill"],"picked":"Conserve Battery","floor":3},{"not_picked":["Rebound","Force Field"],"picked":"Go for the Eyes","floor":4},{"not_picked":["Gash","Multi-Cast"],"picked":"White Noise","floor":5},{"not_picked":["Cold Snap","Scrape"],"picked":"Seek","floor":7},{"not_picked":["Skim","Leap"],"picked":"Coolheaded","floor":10},{"not_picked":["Streamline","Sunder"],"picked":"Cold Snap","floor":12},{"not_picked":["Go for the Eyes","Coolheaded"],"picked":"Fusion","floor":13},{"not_picked":["Sweeping Beam","Cold Snap"],"picked":"Darkness","floor":14},{"not_picked":["Core Surge","Buffer"],"picked":"Echo Form","floor":16},{"not_picked":["White Noise+1","Hello World"],"picked":"Defragment","floor":18},{"not_picked":["Barrage","Doom and Gloom"],"picked":"Redo","floor":20},{"not_picked":["Melter","White Noise"],"picked":"Auto Shields","floor":21}],"player_experience":609742,"relics_obtained":[{"floor":7,"key":"Bottled Lightning"},{"floor":9,"key":"Ornamental Fan"},{"floor":13,"key":"Art of War"}],"event_choices":[{"damage_healed":0,"gold_gain":0,"player_choice":"Got Potions","damage_taken":0,"max_hp_gain":0,"max_hp_loss":0,"event_name":"Lab","floor":2,"gold_loss":0},{"damage_healed":0,"gold_gain":99,"player_choice":"Stole From Cult","damage_taken":0,"max_hp_gain":0,"max_hp_loss":0,"event_name":"Nest","floor":19,"gold_loss":0}],"is_beta":false,"boss_relics":[{"not_picked":["Lizard Tail","Calling Bell"],"picked":"Cursed Key"}],"items_purged_floors":[],"is_endless":false,"potions_floor_spawned":[3,4,5,12,13,14,18],"killed_by":"Snake Plant","ascension_level":13}