{"gold_per_floor":[16,35,35,48,65,65,90,90,144,177,189,189,189],"floor_reached":13,"playtime":662,"items_purged":[],"score":157,"play_id":"88efe1c1-d2df-478c-b2c7-eedd50ddc193","local_time":"20190731175736","is_ascension_mode":true,"campfire_choices":[{"data":"Footwork","floor":6,"key":"SMITH"}],"neow_cost":"NO_GOLD","seed_source_timestamp":876002215942800,"circlet_count":0,"master_deck":["AscendersBane","Strike_G","Strike_G","Strike_G","Defend_G","Defend_G","Defend_G","Defend_G","Defend_G","Survivor","Neutralize+1","Masterful Stab","Footwork+1","Deadly Poison","Deflect","Dagger Spray","Skewer","Parasite","Well Laid Plans"],"relics":["Ring of the Snake","Ninja Scroll","Regal Pillow","Lantern"],"potions_floor_usage":[5],"damage_taken":[{"damage":4,"enemies":"Small Slimes","floor":1,"turns":4},{"damage":0,"enemies":"Jaw Worm","floor":2,"turns":3},{"damage":1,"enemies":"Cultist","floor":4,"turns":4},{"damage":2,"enemies":"Lots of Slimes","floor":5,"turns":7},{"damage":28,"enemies":"Gremlin Nob","floor":7,"turns":5},{"damage":5,"enemies":"3 Sentries","floor":10,"turns":10},{"damage":0,"enemies":"Looter","floor":11,"turns":3},{"damage":64,"enemies":"Gremlin Nob","floor":13,"turns":4}],"seed_played":"3274784557676656274","potions_obtained":[{"floor":1,"key":"GamblersBrew"},{"floor":4,"key":"Ancient Potion"},{"floor":7,"key":"Dexterity Potion"},{"floor":11,"key":"EssenceOfSteel"}],"is_trial":false,"path_per_floor":["M","M","?","M","M","R","E","?","T","E","M","?","E"],"character_chosen":"THE_SILENT","items_purchased":[],"campfire_rested":0,"item_purchase_floors":[],"current_hp_per_floor":[59,59,59,58,56,56,28,45,45,40,40,40,0],"gold":189,"neow_bonus":"TRANSFORM_TWO_CARDS","is_prod":false,"is_daily":false,"chose_seed":false,"campfire_upgraded":1,"win_rate":0,"timestamp":1564610256,"path_taken":["M","M","?","M","M","R","E","?","T","E","?","?","E"],"build_version":"2019-07-17","purchased_purges":0,"victory":false,"max_hp_per_floor":[70,70,70,70,70,70,70,70,70,70,70,70,70],"card_choices":[{"not_picked":["Reflex","Blur"],"picked":"Deadly Poison","floor":1},{"not_picked":["Prepared","PiercingWail"],"picked":"Deflect","floor":2},{"not_picked":["Expertise","Escape Plan","Infinite Blades"],"picked":"SKIP","floor":4},{"not_picked":["Deadly Poison","Heel Hook"],"picked":"Dagger Spray","floor":5},{"not_picked":["Dagger Spray","Dodge and Roll"],"picked":"Skewer","floor":7},{"not_picked":["Skewer","Infinite Blades"],"picked":"Well Laid Plans","floor":10},{"not_picked":["Finisher","Slice","Grand Finale"],"picked":"SKIP","floor":11}],"player_experience":599185,"relics_obtained":[{"floor":7,"key":"Ninja Scroll"},{"floor":9,"key":"Regal Pillow"},{"floor":10,"key":"Lantern"}],"event_choices":[{"damage_healed":0,"gold_gain":0,"player_choice":"Ignored","damage_taken":0,"max_hp_gain":0,"max_hp_loss":0,"event_name":"Shining Light","floor":3,"gold_loss":0},{"damage_healed":17,"gold_gain":0,"player_choice":"Healed and dodged fight","damage_taken":0,"max_hp_gain":0,"max_hp_loss":0,"event_name":"Mushrooms","floor":8,"gold_loss":0,"cards_obtained":["Parasite"]},{"damage_healed":0,"gold_gain":0,"player_choice":"Upgraded","damage_taken":0,"max_hp_gain":0,"max_hp_loss":0,"event_name":"Upgrade Shrine","floor":12,"gold_loss":0,"cards_upgraded":["Neutralize"]}],"is_beta":false,"boss_relics":[],"items_purged_floors":[],"is_endless":false,"potions_floor_spawned":[1,4,7,11],"killed_by":"Gremlin Nob","ascension_level":13}