{"gold_per_floor":[111,64,84,99,99,99,99,109,132,132,159,159,174,207,207,302,302,242,242,242,242,242,242,242,242,242,242,242,242,242,242,242,242,242,242,167,167,167,67,67,67,67,67,67,67,67,67,67,67,67],"floor_reached":50,"playtime":4040,"items_purged":["Strike_R","Strike_R"],"score":483,"play_id":"b3f4d4ab-b20d-4ec5-a740-580e6c512d5f","local_time":"20180626183808","is_ascension_mode":false,"campfire_choices":[{"data":"Inflame","floor":7,"key":"SMITH"},{"data":"Battle Trance","floor":10,"key":"SMITH"},{"data":"Cleave","floor":12,"key":"SMITH"},{"floor":15,"key":"REST"},{"data":"True Grit","floor":23,"key":"SMITH"},{"data":"Twin Strike","floor":25,"key":"SMITH"},{"data":"Entrench","floor":30,"key":"SMITH"},{"floor":32,"key":"REST"},{"data":"Offering","floor":40,"key":"SMITH"},{"floor":47,"key":"REST"},{"data":"Shrug It Off","floor":49,"key":"SMITH"}],"neow_cost":"NONE","seed_source_timestamp":660292049121457,"circlet_count":0,"master_deck":["Strike_R","Defend_R","Defend_R","Defend_R","Defend_R","Bash+1","Battle Trance+1","Twin Strike+1","Inflame+1","Clash+1","Cleave+1","True Grit+1","Reaper+1","Pommel Strike+1","Entrench+1","Offering+1","Shrug It Off+1"],"relics":["Burning Blood","Singing Bowl","Regal Pillow","Bird Faced Urn","Bottled Lightning","Ectoplasm","Whetstone","Velvet Choker","Omamori"],"potions_floor_usage":[19,29,29,33,50,50],"damage_taken":[{"damage":2,"enemies":"Cultist","floor":1,"turns":5},{"damage":12,"enemies":"Small Slimes","floor":3,"turns":4},{"damage":7,"enemies":"Jaw Worm","floor":4,"turns":4},{"damage":0,"enemies":"3 Louse","floor":8,"turns":3},{"damage":16,"enemies":"3 Sentries","floor":11,"turns":6},{"damage":0,"enemies":"Exordium Thugs","floor":13,"turns":3},{"damage":41,"enemies":"Gremlin Nob","floor":14,"turns":5},{"damage":53,"enemies":"The Guardian","floor":16,"turns":17},{"damage":30,"enemies":"2 Thieves","floor":18,"turns":3},{"damage":17,"enemies":"Chosen","floor":19,"turns":6},{"damage":22,"enemies":"Sentry and Sphere","floor":20,"turns":4},{"damage":21,"enemies":"3 Cultists","floor":21,"turns":5},{"damage":0,"enemies":"Centurion and Healer","floor":27,"turns":4},{"damage":37,"enemies":"Snecko","floor":28,"turns":6},{"damage":6,"enemies":"Snake Plant","floor":29,"turns":5},{"damage":32,"enemies":"Chosen and Byrds","floor":31,"turns":5},{"damage":82,"enemies":"Collector","floor":33,"turns":12},{"damage":23,"enemies":"Orb Walker","floor":35,"turns":4},{"damage":38,"enemies":"3 Shapes","floor":38,"turns":3},{"damage":3,"enemies":"3 Darklings","floor":42,"turns":3},{"damage":23,"enemies":"4 Shapes","floor":44,"turns":4},{"damage":39,"enemies":"Maw","floor":46,"turns":7},{"damage":15,"enemies":"3 Darklings","floor":48,"turns":5},{"damage":106,"enemies":"Time Eater","floor":50,"turns":12}],"seed_played":"4800059964837340089","potions_obtained":[{"floor":1,"key":"Block Potion"},{"floor":8,"key":"FearPotion"},{"floor":13,"key":"Ancient Potion"},{"floor":18,"key":"Block Potion"},{"floor":20,"key":"Weak Potion"},{"floor":28,"key":"SkillPotion"},{"floor":35,"key":"LiquidBronze"},{"floor":44,"key":"Explosive Potion"},{"floor":46,"key":"Regen Potion"}],"is_trial":false,"path_per_floor":["M","$","M","M","?","?","R","M","T","R","E","R","M","E","R","B",null,"M","M","M","M","?","R","?","R","T","M","M","M","R","M","R","B",null,"M","$","?","M","$","R","?","M","T","M","?","M","R","M","R"],"character_chosen":"IRONCLAD","items_purchased":["Twin Strike"],"campfire_rested":3,"item_purchase_floors":[2],"current_hp_per_floor":[80,80,74,73,73,73,73,79,79,79,71,71,81,48,84,37,84,76,72,64,65,65,65,65,65,65,87,66,76,76,61,96,28,96,91,91,91,76,76,76,76,102,102,90,90,69,106,106,106,14],"gold":67,"neow_bonus":"THREE_SMALL_POTIONS","is_prod":false,"is_daily":false,"chose_seed":false,"campfire_upgraded":8,"win_rate":0.0,"timestamp":1530034688,"path_taken":["M","$","?","M","?","?","R","M","T","R","E","R","M","E","R","BOSS","M","M","?","M","?","R","?","R","T","?","M","M","R","M","R","BOSS","M","$","?","M","$","R","?","M","T","M","?","M","R","M","R","BOSS"],"build_version":"2018-06-21v2","purchased_purges":2,"victory":false,"max_hp_per_floor":[80,80,80,80,80,80,80,80,80,80,82,82,84,84,84,84,84,86,86,88,90,90,90,90,90,90,92,92,94,94,96,96,96,96,98,98,98,100,100,100,100,102,102,104,104,106,106,106,106,106],"card_choices":[{"not_picked":["Entrench","Thunderclap"],"picked":"Battle Trance","floor":1},{"not_picked":["Heavy Blade","Blood for Blood"],"picked":"Inflame","floor":3},{"not_picked":["Clothesline","Feel No Pain"],"picked":"Clash","floor":4},{"not_picked":["Thunderclap","Dual Wield"],"picked":"Cleave","floor":8},{"not_picked":["Metallicize","Brutality","Headbutt"],"picked":"Singing Bowl","floor":11},{"not_picked":["Sever Soul","Burning Pact","Iron Wave"],"picked":"Singing Bowl","floor":13},{"not_picked":["Warcry","Sword Boomerang"],"picked":"True Grit","floor":14},{"not_picked":["Dark Embrace","Exhume"],"picked":"Reaper","floor":16},{"not_picked":["Burning Pact+1","Thunderclap","Headbutt"],"picked":"Singing Bowl","floor":18},{"not_picked":["Sever Soul","Clash+1"],"picked":"Pommel Strike+1","floor":19},{"not_picked":["Wild Strike+1","Intimidate","Pommel Strike+1"],"picked":"Singing Bowl","floor":20},{"not_picked":["Rupture","Wild Strike","Dual Wield"],"picked":"Singing Bowl","floor":21},{"not_picked":["Immolate","Spot Weakness+1","Havoc"],"picked":"Singing Bowl","floor":27},{"not_picked":["Headbutt","Pommel Strike"],"picked":"Entrench","floor":28},{"not_picked":["Twin Strike","Rage","Flex"],"picked":"Singing Bowl","floor":29},{"not_picked":["Flex","Iron Wave","Clothesline+1"],"picked":"Singing Bowl","floor":31},{"not_picked":["Bludgeon","Fiend Fire"],"picked":"Offering","floor":33},{"not_picked":["Anger","Armaments+1","Clothesline+1"],"picked":"Singing Bowl","floor":35},{"not_picked":["Searing Blow","Rupture+1","Hemokinesis+1"],"picked":"Singing Bowl","floor":38},{"not_picked":["Whirlwind+1","Wild Strike","Fire Breathing"],"picked":"Singing Bowl","floor":42},{"not_picked":["Warcry","Wild Strike+1","Headbutt+1"],"picked":"Singing Bowl","floor":44},{"not_picked":["Twin Strike+1","Blood for Blood+1","Fire Breathing+1"],"picked":"Singing Bowl","floor":46},{"not_picked":["Iron Wave+1","Perfected Strike"],"picked":"Shrug It Off","floor":48}],"player_experience":162390,"relics_obtained":[{"floor":9,"key":"Regal Pillow"},{"floor":11,"key":"Bird Faced Urn"},{"floor":14,"key":"Bottled Lightning"},{"floor":26,"key":"Whetstone"},{"floor":43,"key":"Omamori"}],"event_choices":[{"event_name":"Living Wall","player_choice":"Forget","floor":5,"damage_taken":0},{"event_name":"Wheel of Change","player_choice":"Relic","floor":6,"damage_taken":0},{"event_name":"Nest","player_choice":"Stole From Cult","floor":22,"damage_taken":0},{"event_name":"Addict","player_choice":"Ignored","floor":24,"damage_taken":0},{"event_name":"Falling","player_choice":"Removed Attack","floor":37,"damage_taken":0},{"event_name":"Upgrade Shrine","player_choice":"Upgraded","floor":41,"damage_taken":0},{"event_name":"Mysterious Sphere","player_choice":"Ignore","floor":45,"damage_taken":0}],"boss_relics":[{"not_picked":["Orrery","Tiny House"],"picked":"Ectoplasm"},{"not_picked":["Sozu","Runic Dome"],"picked":"Velvet Choker"}],"items_purged_floors":[36,39],"is_endless":false,"potions_floor_spawned":[1,8,13,14,18,20,28,35,44,46],"killed_by":"Time Eater","ascension_level":0}