{"gold_per_floor":[212,38,63,80,98,128,146,146,172,202,202,202,202,215,215,292,292,310,113,128,148,148,148,168,188,188,63,91,103,129,174,186,272,284,306,168,178,64,64,64],"floor_reached":40,"playtime":1810,"items_purged":["Strike_B","Strike_B","Strike_B","Defend_B"],"score":719,"play_id":"82b3e7c3-66c2-420b-9999-5703170db8c5","local_time":"20190729220256","is_ascension_mode":true,"campfire_choices":[{"data":"Defragment","floor":8,"key":"SMITH"},{"data":"Machine Learning","floor":11,"key":"SMITH"},{"data":"Zap","floor":13,"key":"SMITH"},{"floor":15,"key":"REST"},{"floor":23,"key":"REST"},{"floor":29,"key":"REST"},{"floor":32,"key":"REST"}],"neow_cost":"NONE","seed_source_timestamp":716762776985500,"circlet_count":0,"master_deck":["AscendersBane","Defend_B","Defend_B","Defend_B","Zap+1","Dualcast","Leap","Defragment+1","Ball Lightning","Leap","Sunder+1","Machine Learning+1","Capacitor","Echo Form","Undo+1","Bandage Up","Compile Driver+1","Defragment","Chill","Defragment","Seek","Coolheaded","Loop"],"relics":["Cracked Core","Lantern","Molten Egg 2","Anchor","Bottled Lightning","Sozu","Kunai","MawBank","Bag of Marbles","Eternal Feather"],"potions_floor_usage":[16,16],"damage_taken":[{"damage":1,"enemies":"Cultist","floor":1,"turns":3},{"damage":0,"enemies":"Small Slimes","floor":4,"turns":2},{"damage":0,"enemies":"2 Louse","floor":5,"turns":2},{"damage":18,"enemies":"3 Sentries","floor":6,"turns":8},{"damage":7,"enemies":"Looter","floor":7,"turns":3},{"damage":22,"enemies":"Gremlin Nob","floor":10,"turns":4},{"damage":1,"enemies":"2 Fungi Beasts","floor":14,"turns":3},{"damage":21,"enemies":"Hexaghost","floor":16,"turns":7},{"damage":10,"enemies":"2 Thieves","floor":18,"turns":5},{"damage":19,"enemies":"Spheric Guardian","floor":20,"turns":4},{"damage":18,"enemies":"Cultist and Chosen","floor":21,"turns":6},{"damage":14,"enemies":"Snake Plant","floor":24,"turns":4},{"damage":16,"enemies":"Sentry and Sphere","floor":25,"turns":7},{"damage":11,"enemies":"Slavers","floor":28,"turns":7},{"damage":11,"enemies":"3 Cultists","floor":30,"turns":5},{"damage":24,"enemies":"Gremlin Leader","floor":31,"turns":6},{"damage":27,"enemies":"Collector","floor":33,"turns":11},{"damage":18,"enemies":"Orb Walker","floor":35,"turns":4},{"damage":0,"enemies":"3 Shapes","floor":37,"turns":6},{"damage":56,"enemies":"Nemesis","floor":40,"turns":4}],"seed_played":"4343885293503686823","potions_obtained":[{"floor":4,"key":"Poison Potion"},{"floor":7,"key":"FocusPotion"}],"is_trial":false,"path_per_floor":["M","$","T","M","M","E","M","R","T","E","R","?","R","M","R","B",null,"M","$","M","M","?","R","M","M","T","$","E","R","M","E","R","B",null,"M","$","M","$","?","E"],"character_chosen":"DEFECT","items_purchased":["Defragment","Ball Lightning","Bandage Up","Coolheaded","Loop"],"campfire_rested":4,"item_purchase_floors":[2,2,19,38,38],"current_hp_per_floor":[67,67,67,67,67,49,42,42,42,20,20,20,20,19,41,20,61,51,51,36,22,22,44,34,22,22,22,19,41,34,14,36,13,60,46,46,50,50,50,0],"gold":64,"neow_bonus":"HUNDRED_GOLD","is_prod":false,"is_daily":false,"chose_seed":false,"campfire_upgraded":3,"win_rate":0,"timestamp":1564452176,"path_taken":["M","$","?","M","M","E","M","R","T","E","R","?","R","?","R","BOSS","M","$","M","M","?","R","M","M","T","$","E","R","M","E","R","BOSS","M","$","M","$","?","E"],"build_version":"2019-07-17","purchased_purges":4,"victory":false,"max_hp_per_floor":[75,75,75,75,75,75,75,75,75,75,75,75,75,75,75,75,75,75,75,75,75,75,75,75,75,75,75,75,75,75,75,75,75,75,75,75,75,75,75,75],"card_choices":[{"not_picked":["Reprogram","Force Field"],"picked":"Leap","floor":1},{"not_picked":["Streamline","Cold Snap"],"picked":"Leap","floor":4},{"not_picked":["Rebound","Beam Cell","Stack"],"picked":"SKIP","floor":5},{"not_picked":["Rebound","Creative AI"],"picked":"Sunder","floor":6},{"not_picked":["Ball Lightning+1","Blizzard+1","Hologram"],"picked":"SKIP","floor":7},{"not_picked":["Double Energy","Go for the Eyes+1"],"picked":"Machine Learning","floor":10},{"not_picked":["Steam Power","Leap"],"picked":"Capacitor","floor":14},{"not_picked":["Creative AI","Machine Learning"],"picked":"Echo Form","floor":16},{"not_picked":["Barrage+1","Steam"],"picked":"Undo+1","floor":18},{"not_picked":["Barrage+1","Rebound+1","FTL+1"],"picked":"SKIP","floor":20},{"not_picked":["Force Field","Skim"],"picked":"Compile Driver+1","floor":21},{"not_picked":["Double Energy","Hello World","Lockon+1"],"picked":"SKIP","floor":24},{"not_picked":["Sunder+1","Rebound+1"],"picked":"Defragment","floor":25},{"not_picked":["Steam","Loop"],"picked":"Chill","floor":28},{"not_picked":["Tempest","Hyperbeam+1"],"picked":"Defragment","floor":30},{"not_picked":["Reinforced Body","Beam Cell+1","Lockon+1"],"picked":"SKIP","floor":31},{"not_picked":["All For One+1","Echo Form"],"picked":"Seek","floor":33},{"not_picked":["Redo","Conserve Battery","Sweeping Beam+1"],"picked":"SKIP","floor":35},{"not_picked":["Hello World+1","Loop","Hologram"],"picked":"SKIP","floor":37}],"player_experience":588273,"relics_obtained":[{"floor":3,"key":"Lantern"},{"floor":6,"key":"Molten Egg 2"},{"floor":9,"key":"Anchor"},{"floor":10,"key":"Bottled Lightning"},{"floor":26,"key":"Kunai"},{"floor":28,"key":"MawBank"},{"floor":31,"key":"Bag of Marbles"}],"event_choices":[{"cards_removed":["Strike_B"],"damage_healed":0,"gold_gain":0,"player_choice":"Purged","damage_taken":0,"max_hp_gain":0,"max_hp_loss":0,"event_name":"Purifier","floor":12,"gold_loss":0},{"damage_healed":0,"gold_gain":0,"player_choice":"Ignored","damage_taken":0,"max_hp_gain":0,"max_hp_loss":0,"event_name":"Cursed Tome","floor":22,"gold_loss":0},{"damage_healed":0,"gold_gain":0,"player_choice":"Ignored","damage_taken":0,"max_hp_gain":0,"max_hp_loss":0,"event_name":"Mysterious Sphere","floor":39,"gold_loss":0}],"is_beta":false,"boss_relics":[{"not_picked":["Fusion Hammer","Velvet Choker"],"picked":"Sozu"},{"not_picked":["White Beast Statue","Nuclear Battery"],"picked":"Eternal Feather"}],"items_purged_floors":[2,19,27,36],"is_endless":false,"potions_floor_spawned":[4,7,20,28,30,33],"killed_by":"Nemesis","ascension_level":13}