{"gold_per_floor":[113,113,113,133,151,151,171,171,252,225,259,259,269,286,286,286],"floor_reached":16,"playtime":945,"items_purged":[],"score":102,"play_id":"07529ce2-af67-48c1-a597-eb066b5b4614","local_time":"20180627214130","is_ascension_mode":false,"campfire_choices":[{"data":"Expertise","floor":6,"key":"SMITH"},{"data":"Dagger Spray","floor":8,"key":"SMITH"},{"data":"Leg Sweep","floor":12,"key":"SMITH"},{"floor":15,"key":"REST"}],"neow_cost":"NONE","seed_source_timestamp":760801502065418,"circlet_count":0,"master_deck":["Defend_G","Defend_G","Defend_G","Defend_G","Defend_G","Strike_G","Strike_G","Strike_G","Strike_G","Strike_G","Survivor","Neutralize","Dagger Spray+1","Flying Knee","Expertise+1","Sucker Punch","Leg Sweep+1","Malaise"],"relics":["Ring of the Snake","Centennial Puzzle","Anchor"],"potions_floor_usage":[11,13,16,16],"damage_taken":[{"damage":0,"enemies":"Small Slimes","floor":1,"turns":2},{"damage":0,"enemies":"2 Louse","floor":4,"turns":2},{"damage":0,"enemies":"Cultist","floor":5,"turns":5},{"damage":0,"enemies":"3 Louse","floor":7,"turns":2},{"damage":11,"enemies":"Lagavulin","floor":11,"turns":7},{"damage":5,"enemies":"Exordium Wildlife","floor":13,"turns":7},{"damage":0,"enemies":"2 Fungi Beasts","floor":14,"turns":3},{"damage":54,"enemies":"Hexaghost","floor":16,"turns":22}],"seed_played":"-3044264641469817109","potions_obtained":[{"floor":4,"key":"LiquidBronze"},{"floor":5,"key":"Dexterity Potion"},{"floor":7,"key":"GhostInAJar"},{"floor":13,"key":"SpeedPotion"}],"is_trial":false,"path_per_floor":["M","?","?","M","M","R","M","R","T","?","E","R","M","M","R"],"character_chosen":"THE_SILENT","items_purchased":[],"campfire_rested":1,"item_purchase_floors":[],"current_hp_per_floor":[70,70,63,63,63,63,63,63,63,63,52,52,47,47,68,14],"gold":286,"neow_bonus":"THREE_CARDS","is_prod":false,"is_daily":false,"chose_seed":false,"campfire_upgraded":3,"win_rate":0,"timestamp":1530132090,"path_taken":["M","?","?","M","M","R","M","R","T","?","E","R","?","M","R","BOSS"],"build_version":"2018-06-21v2","purchased_purges":0,"victory":false,"max_hp_per_floor":[70,70,70,70,70,70,70,70,70,70,70,70,70,70,70,70],"card_choices":[{"not_picked":["Deadly Poison","Flying Knee"],"picked":"Dagger Spray","floor":0},{"not_picked":["Prepared","Predator"],"picked":"Flying Knee","floor":1},{"not_picked":["Dagger Throw","Acrobatics"],"picked":"Expertise","floor":4},{"not_picked":["Underhanded Strike","Cloak And Dagger","Expertise"],"picked":"SKIP","floor":5},{"not_picked":["Prepared","Slice"],"picked":"Sucker Punch","floor":7},{"not_picked":["Venomology","Crippling Poison"],"picked":"Leg Sweep","floor":11},{"not_picked":["Sucker Punch","Deflect","Bouncing Flask"],"picked":"SKIP","floor":13},{"not_picked":["Dodge and Roll","Terror"],"picked":"Malaise","floor":14}],"player_experience":191607,"relics_obtained":[{"floor":9,"key":"Centennial Puzzle"},{"floor":11,"key":"Anchor"}],"event_choices":[{"event_name":"Golden Idol","player_choice":"Ignored","floor":2,"damage_taken":0},{"event_name":"Wheel of Change","player_choice":"Damage","floor":3,"damage_taken":0},{"event_name":"World of Goop","player_choice":"Left","floor":10,"damage_taken":0}],"boss_relics":[],"items_purged_floors":[],"is_endless":false,"potions_floor_spawned":[4,5,7,13],"killed_by":"Hexaghost","ascension_level":0}