{"gold_per_floor":[110,126,126,126,126,126,46,46,46,46,46,79,79,94,94,195,195,210,210,225,315,277,277,287,287,287,304,304,339,339,357,357,458,458,474,494,494,510,529,529,543,543,597,597,607,620,620,633,633,633],"floor_reached":50,"playtime":6689,"items_purged":[],"score":508,"play_id":"8922708c-3e52-41af-aeff-1e071b13c5e6","local_time":"20180630124256","is_ascension_mode":true,"campfire_choices":[{"data":"Neutralize","floor":6.0,"key":"SMITH"},{"data":"Noxious Fumes","floor":8.0,"key":"SMITH"},{"data":"Survivor","floor":10.0,"key":"SMITH"},{"data":"Dodge and Roll","floor":13.0,"key":"SMITH"},{"data":"Defend_G","floor":15.0,"key":"SMITH"},{"data":"Outmaneuver","floor":23.0,"key":"SMITH"},{"floor":28.0,"key":"REST"},{"floor":32.0,"key":"REST"},{"floor":40,"key":"REST"},{"floor":42,"key":"REST"},{"floor":47,"key":"REST"},{"floor":49,"key":"REST"}],"neow_cost":"","seed_source_timestamp":981915820232527,"circlet_count":0,"master_deck":["Defend_G+1","Defend_G+1","Defend_G+1","Defend_G+1","Defend_G+1","Strike_G+1","Strike_G+1","Survivor+1","Neutralize+1","Dagger Spray+1","Noxious Fumes+1","Dodge and Roll+1","Burst","Outmaneuver+1","Dash","Bane","Backflip","Tools of the Trade","Terror+1","Writhe","Bane+1","Backflip+1","Bandage Up","Backstab"],"special_seed":0,"relics":["Ring of the Snake","Anchor","Juzu Bracelet","Gremlin Horn","Runic Pyramid","The Courier","Bottled Lightning","Empty Cage","Oddly Smooth Stone"],"potions_floor_usage":[38,38,45,50],"damage_taken":[{"damage":0.0,"enemies":"2 Louse","floor":1.0,"turns":3.0},{"damage":0.0,"enemies":"Small Slimes","floor":2.0,"turns":4.0},{"damage":4.0,"enemies":"3 Sentries","floor":12.0,"turns":5.0},{"damage":0.0,"enemies":"Cultist","floor":14.0,"turns":4.0},{"damage":33.0,"enemies":"Slime Boss","floor":16.0,"turns":12.0},{"damage":0.0,"enemies":"Shell Parasite","floor":18.0,"turns":8.0},{"damage":0.0,"enemies":"Spheric Guardian","floor":20.0,"turns":7.0},{"damage":14.0,"enemies":"Snake Plant","floor":24.0,"turns":7.0},{"damage":4.0,"enemies":"Snecko","floor":27.0,"turns":7.0},{"damage":6.0,"enemies":"Gremlin Leader","floor":29.0,"turns":8.0},{"damage":12.0,"enemies":"3 Cultists","floor":31.0,"turns":5.0},{"damage":31.0,"enemies":"Collector","floor":33.0,"turns":16.0},{"damage":8.0,"enemies":"3 Darklings","floor":35.0,"turns":6.0},{"damage":3,"enemies":"Orb Walker","floor":36,"turns":5},{"damage":14,"enemies":"3 Darklings","floor":38,"turns":6},{"damage":14,"enemies":"Maw","floor":39,"turns":10},{"damage":49,"enemies":"4 Shapes","floor":41,"turns":6},{"damage":24,"enemies":"3 Darklings","floor":45,"turns":8},{"damage":15,"enemies":"Sphere and 2 Shapes","floor":46,"turns":7},{"damage":0,"enemies":"4 Shapes","floor":48,"turns":9},{"damage":57,"enemies":"Donu and Deca","floor":50,"turns":8}],"seed_played":"-6177606413811510541","potions_obtained":[{"floor":1.0,"key":"Energy Potion"},{"floor":12.0,"key":"Poison Potion"},{"floor":16.0,"key":"LiquidBronze"},{"floor":18.0,"key":"Weak Potion"},{"floor":29.0,"key":"Weak Potion"},{"floor":31.0,"key":"Block Potion"},{"floor":33.0,"key":"SteroidPotion"},{"floor":35.0,"key":"SkillPotion"},{"floor":36,"key":"LiquidBronze"},{"floor":41,"key":"Weak Potion"},{"floor":46,"key":"AttackPotion"}],"is_trial":false,"path_per_floor":["M","M","?","?","?","R","$","R","T","R","$","E","R","M","R","B",null,"M","?","M","?","$","R","M","?","T","M","R","E","$","M","R","B",null,"M","M","?","M","M","R","M","R","T","?","M","M","R","M","R"],"character_chosen":"THE_SILENT","items_purchased":["Noxious Fumes","Dash"],"campfire_rested":6,"item_purchase_floors":[],"current_hp_per_floor":[70,70,70,70,70,70,70,70,70,70,70,66,66,66,66,33,70,70,70,70,56,56,56,42,29,29,25,47,41,41,29,51,20,75,67,64,75,61,47,69,20,42,42,42,22,11,33,37,59,6],"gold":633,"neow_bonus":"","is_prod":false,"is_daily":false,"chose_seed":false,"campfire_upgraded":6,"win_rate":0,"timestamp":1530358976,"path_taken":["M","M","?","?","?","R","$","R","T","R","$","E","R","M","R","BOSS","M","?","M","?","$","R","M","?","T","M","R","E","?","M","R","BOSS","M","M","?","M","M","R","M","R","T","?","M","M","R","M","R","BOSS"],"build_version":"2018-06-28","purchased_purges":0,"victory":false,"max_hp_per_floor":[70,70,70,70,70,70,70,70,70,70,70,70,70,70,70,70,70,70,70,70,70,70,70,70,75,75,75,75,75,75,75,75,75,75,75,75,75,75,75,75,75,75,75,75,75,75,75,75,75,75],"card_choices":[{"not_picked":["Catalyst","Blade Dance","Masterful Stab"],"picked":"SKIP","floor":1.0},{"not_picked":["Outmaneuver","Blur"],"picked":"Dagger Spray","floor":2.0},{"not_picked":["Flying Knee","Outmaneuver"],"picked":"Dodge and Roll","floor":12.0},{"not_picked":["Slice","Underhanded Strike","Deadly Poison"],"picked":"SKIP","floor":14.0},{"not_picked":["Bullet Time","Envenom"],"picked":"Burst","floor":16.0},{"not_picked":["Prepared","Poisoned Stab","Dagger Throw"],"picked":"SKIP","floor":18.0},{"not_picked":["Slice+1","Prepared+1"],"picked":"Outmaneuver","floor":20.0},{"not_picked":["Deflect","Outmaneuver"],"picked":"Bane","floor":24.0},{"not_picked":["Cloak And Dagger","Underhanded Strike","Poisoned Stab"],"picked":"SKIP","floor":27.0},{"not_picked":["Phantasmal Killer","Dodge and Roll","Deadly Poison"],"picked":"SKIP","floor":29.0},{"not_picked":["Prepared","PiercingWail"],"picked":"Backflip","floor":31.0},{"not_picked":["A Thousand Cuts","Venomology"],"picked":"Tools of the Trade","floor":33.0},{"not_picked":["All Out Attack+1","Well Laid Plans+1"],"picked":"Terror+1","floor":35.0},{"not_picked":["Heel Hook+1","Prepared","Cloak And Dagger+1"],"picked":"SKIP","floor":36},{"not_picked":["Poisoned Stab+1","Dagger Spray+1"],"picked":"Bane+1","floor":38},{"not_picked":["Prepared+1","Underhanded Strike+1"],"picked":"Backflip+1","floor":39},{"not_picked":["Skewer+1","Crippling Poison","PiercingWail"],"picked":"SKIP","floor":41},{"not_picked":["Panacea","Transmutation"],"picked":"Bandage Up","floor":44},{"not_picked":["Noxious Fumes","Acrobatics"],"picked":"Backstab","floor":45},{"not_picked":["Eviscerate","PiercingWail+1","Slice+1"],"picked":"SKIP","floor":46},{"not_picked":["Sucker Punch","Bane+1","Dodge and Roll"],"picked":"SKIP","floor":48}],"player_experience":244334,"relics_obtained":[{"floor":9.0,"key":"Juzu Bracelet"},{"floor":12.0,"key":"Gremlin Horn"},{"floor":26.0,"key":"The Courier"},{"floor":29.0,"key":"Bottled Lightning"},{"floor":43,"key":"Oddly Smooth Stone"}],"event_choices":[{"event_name":"Golden Wing","player_choice":"Ignored","floor":3.0,"damage_taken":0.0},{"event_name":"Living Wall","player_choice":"Grow","floor":4.0,"damage_taken":0.0},{"event_name":"Bonfire Elementals","player_choice":"BASIC","floor":5.0,"damage_taken":0.0},{"event_name":"Back to Basics","player_choice":"Simplicity","floor":19.0,"damage_taken":0.0},{"event_name":"Knowing Skull","player_choice":"GOLD ","floor":21.0,"damage_taken":0.0},{"event_name":"Forgotten Altar","player_choice":"Shed Blood","floor":25.0,"damage_taken":0.0},{"event_name":"Winding Halls","player_choice":"Writhe","floor":37,"damage_taken":0},{"event_name":"SensoryStone","player_choice":"Memory 1","floor":44,"damage_taken":0}],"boss_relics":[{"not_picked":["Pandora\u0027s Box","Busted Crown"],"picked":"Runic Pyramid"},{"not_picked":["Coffee Dripper","Calling Bell"],"picked":"Empty Cage"}],"items_purged_floors":[],"is_endless":false,"potions_floor_spawned":[1,12,16,18,29,31,33,35,36,41,46],"killed_by":"Donu and Deca","ascension_level":2}