{"gold_per_floor":[119,134,209,8,28,62,81,81,105,125,125,138,170,187,187,187],"floor_reached":16,"playtime":1825,"items_purged":[],"score":143,"play_id":"cf11209d-e3ee-406b-b63f-67e3c55e96ad","local_time":"20190812095815","is_ascension_mode":true,"campfire_choices":[{"floor":8,"key":"REST"},{"floor":11,"key":"REST"},{"floor":15,"key":"REST"}],"neow_cost":"NONE","seed_source_timestamp":486033433676781,"circlet_count":0,"master_deck":["Strike_R","Strike_R","Strike_R","Strike_R","Defend_R","Defend_R","Defend_R+1","Defend_R","Bash","Headbutt","Clothesline","Shrug It Off+1","Rampage","Cleave","Disarm","Shockwave","Burning Pact"],"relics":["Burning Blood","Bag of Preparation","Dream Catcher","Art of War","keyreminder:keyreminder","War Paint"],"potions_floor_usage":[13,16,16],"damage_taken":[{"damage":3,"enemies":"Small Slimes","floor":1,"turns":4},{"damage":10,"enemies":"Cultist","floor":2,"turns":5},{"damage":0,"enemies":"2 Louse","floor":5,"turns":2},{"damage":52,"enemies":"3 Sentries","floor":6,"turns":11},{"damage":16,"enemies":"Blue Slaver","floor":7,"turns":4},{"damage":22,"enemies":"Exordium Wildlife","floor":10,"turns":6},{"damage":12,"enemies":"3 Louse","floor":12,"turns":3},{"damage":44,"enemies":"Gremlin Nob","floor":13,"turns":6},{"damage":3,"enemies":"Blue Slaver","floor":14,"turns":4},{"damage":75,"enemies":"Slime Boss","floor":16,"turns":10}],"seed_played":"4216434396551241903","potions_obtained":[{"floor":2,"key":"Regen Potion"},{"floor":5,"key":"SmokeBomb"},{"floor":13,"key":"BloodPotion"},{"floor":14,"key":"LiquidBronze"}],"is_trial":false,"path_per_floor":["M","M","?","$","M","E","M","R","T","M","R","M","E","M","R","B"],"character_chosen":"IRONCLAD","items_purchased":["Clothesline","Bag of Preparation"],"campfire_rested":3,"item_purchase_floors":[4,4],"current_hp_per_floor":[80,76,68,68,74,28,18,42,42,26,50,44,21,24,48,0],"gold":187,"neow_bonus":"REMOVE_CARD","is_prod":false,"is_daily":false,"chose_seed":false,"campfire_upgraded":0,"win_rate":0,"timestamp":1565621895,"path_taken":["M","M","?","$","?","E","M","R","T","?","R","M","E","M","R","BOSS"],"build_version":"2019-07-17","purchased_purges":0,"victory":false,"max_hp_per_floor":[80,80,80,80,80,80,80,80,80,80,80,80,80,80,80,80],"card_choices":[{"not_picked":["Warcry","Perfected Strike","Second Wind"],"picked":"SKIP","floor":1},{"not_picked":["Iron Wave","Sword Boomerang"],"picked":"Headbutt","floor":2},{"not_picked":["Wild Strike","Body Slam"],"picked":"Shrug It Off","floor":5},{"not_picked":["Fire Breathing","Burning Pact"],"picked":"Rampage","floor":6},{"not_picked":["Power Through","Infernal Blade","Wild Strike"],"picked":"SKIP","floor":7},{"not_picked":["Searing Blow","Second Wind"],"picked":"Cleave","floor":8},{"not_picked":["Feel No Pain","Entrench"],"picked":"Disarm","floor":10},{"not_picked":["Shrug It Off","Warcry"],"picked":"Shockwave","floor":11},{"not_picked":["Berserk","Searing Blow","Cleave"],"picked":"SKIP","floor":12},{"not_picked":["Hemokinesis","Wild Strike"],"picked":"Burning Pact","floor":13},{"not_picked":["Wild Strike","Sever Soul","Pommel Strike"],"picked":"SKIP","floor":14}],"player_experience":378473,"relics_obtained":[{"floor":6,"key":"Dream Catcher"},{"floor":9,"key":"Art of War"},{"floor":13,"key":"War Paint"}],"event_choices":[{"damage_healed":0,"gold_gain":75,"player_choice":"Touch","damage_taken":8,"max_hp_gain":0,"max_hp_loss":0,"event_name":"FaceTrader","floor":3,"gold_loss":0}],"is_beta":false,"boss_relics":[],"items_purged_floors":[],"is_endless":false,"potions_floor_spawned":[2,5,13,14],"killed_by":"Slime Boss","ascension_level":5}