{"gold_per_floor":[114,214,228,246,246,280,128,78,78,95,113,133,33,53,53,155,155,175,189,207,207,219,219,219],"floor_reached":24,"playtime":3075,"items_purged":["Strike_G","Strike_G"],"score":242,"play_id":"91a5cc93-bf97-4b88-8728-f52a175990c6","local_time":"20181202194301","is_ascension_mode":true,"campfire_choices":[{"floor":15.0,"key":"REST"},{"floor":23,"key":"REST"}],"neow_cost":"NONE","seed_source_timestamp":0,"circlet_count":0,"master_deck":["Defend_G","Defend_G","Defend_G","Defend_G","Defend_G","Strike_G","Strike_G","Survivor","Neutralize","Blur","Caltrops","Flying Knee","After Image","Cloak And Dagger","Footwork+1","Deflect","Slice","PiercingWail","Malaise","Cloak And Dagger","Sucker Punch","Dodge and Roll"],"special_seed":0,"relics":["Ring of the Serpent","Pear","Snake Skull"],"potions_floor_usage":[16,16,18,19,24],"damage_taken":[{"damage":1.0,"enemies":"Jaw Worm","floor":1.0,"turns":9.0},{"damage":0.0,"enemies":"Cultist","floor":3.0,"turns":4.0},{"damage":0.0,"enemies":"Small Slimes","floor":4.0,"turns":5.0},{"damage":26.0,"enemies":"Gremlin Nob","floor":6.0,"turns":6.0},{"damage":1.0,"enemies":"Blue Slaver","floor":10.0,"turns":5.0},{"damage":2.0,"enemies":"Large Slime","floor":11.0,"turns":9.0},{"damage":0.0,"enemies":"Red Slaver","floor":12.0,"turns":5.0},{"damage":0.0,"enemies":"3 Louse","floor":14.0,"turns":5.0},{"damage":38,"enemies":"Hexaghost","floor":16,"turns":14},{"damage":0,"enemies":"Shell Parasite","floor":18,"turns":13},{"damage":0,"enemies":"3 Byrds","floor":19,"turns":5},{"damage":21,"enemies":"Centurion and Healer","floor":20,"turns":20},{"damage":26,"enemies":"Cultist and Chosen","floor":22,"turns":12},{"damage":25,"enemies":"3 Cultists","floor":24,"turns":6}],"seed_played":"1981274900082370945","potions_obtained":[{"floor":4.0,"key":"Swift Potion"},{"floor":10.0,"key":"FearPotion"},{"floor":12.0,"key":"Strength Potion"},{"floor":16,"key":"Weak Potion"},{"floor":18,"key":"EssenceOfSteel"},{"floor":22,"key":"Dexterity Potion"}],"is_trial":false,"path_per_floor":["M","?","M","M","?","E","$","?","T","M","M","M","$","M","R","B",null,"M","M","M","?","M","R","M"],"character_chosen":"THE_SILENT","items_purchased":["Footwork"],"campfire_rested":2,"item_purchase_floors":[7],"current_hp_per_floor":[69,69,69,69,69,53,53,53,53,52,50,50,50,50,74,36,80,80,80,59,59,33,57,32],"gold":219,"neow_bonus":"THREE_CARDS","is_prod":false,"is_daily":false,"chose_seed":false,"campfire_upgraded":0,"win_rate":0,"timestamp":1543779781,"path_taken":["M","?","?","M","?","E","$","?","T","M","M","M","$","M","R","BOSS","M","M","M","?","M","R","M"],"build_version":"2018-11-15","purchased_purges":2,"victory":false,"max_hp_per_floor":[70,70,70,70,70,80,80,80,80,80,80,80,80,80,80,80,80,80,80,80,80,80,80,80],"card_choices":[{"not_picked":["Flying Knee","Outmaneuver"],"picked":"Blur","floor":0.0},{"not_picked":["Flying Knee","Deflect"],"picked":"Caltrops","floor":1.0},{"not_picked":["Outmaneuver","Underhanded Strike"],"picked":"Flying Knee","floor":3.0},{"not_picked":["Flechettes","Outmaneuver"],"picked":"After Image","floor":4.0},{"not_picked":["Deflect","Choke"],"picked":"Cloak And Dagger","floor":6.0},{"not_picked":["Blade Dance","Eviscerate"],"picked":"Deflect","floor":10.0},{"not_picked":["Blade Dance","Outmaneuver","Bane"],"picked":"SKIP","floor":11.0},{"not_picked":["Blade Dance","Catalyst"],"picked":"Slice","floor":12.0},{"not_picked":["Flechettes","Leg Sweep"],"picked":"PiercingWail","floor":14.0},{"not_picked":["Phantasmal Killer","Tools of the Trade"],"picked":"Malaise","floor":16},{"not_picked":["Outmaneuver","Deadly Poison+1","PiercingWail"],"picked":"SKIP","floor":18},{"not_picked":["Sucker Punch","PiercingWail+1"],"picked":"Cloak And Dagger","floor":19},{"not_picked":["Calculated Gamble","Dagger Throw"],"picked":"Sucker Punch","floor":20},{"not_picked":["Outmaneuver","Blade Dance+1"],"picked":"Dodge and Roll","floor":22}],"player_experience":247314,"relics_obtained":[{"floor":6.0,"key":"Pear"},{"floor":9.0,"key":"Snake Skull"}],"event_choices":[{"damage_healed":0.0,"max_hp_gain":0.0,"max_hp_loss":0.0,"gold_gain":100.0,"event_name":"Golden Shrine","player_choice":"Pray","floor":2.0,"gold_loss":0.0,"damage_taken":0.0},{"damage_healed":0.0,"max_hp_gain":0.0,"max_hp_loss":0.0,"gold_gain":0.0,"event_name":"Liars Game","player_choice":"Ignored","floor":5.0,"gold_loss":0.0,"damage_taken":0.0},{"cards_removed":["Strike_G"],"damage_healed":0.0,"max_hp_gain":0.0,"max_hp_loss":0.0,"gold_gain":0.0,"event_name":"The Cleric","player_choice":"Card Removal","floor":8.0,"gold_loss":50.0,"damage_taken":0.0},{"damage_healed":0,"gold_gain":0,"player_choice":"Forge","damage_taken":0,"max_hp_gain":0,"max_hp_loss":0,"event_name":"Accursed Blacksmith","floor":21,"gold_loss":0,"cards_upgraded":["Footwork"]}],"is_beta":false,"boss_relics":[{"not_picked":["Busted Crown","Coffee Dripper"],"picked":"Ring of the Serpent"}],"items_purged_floors":[7,13],"is_endless":false,"potions_floor_spawned":[4,10,12,16,18,22],"killed_by":"3 Cultists","ascension_level":4}