{"gold_per_floor":[114,4,24,24,44,44,69,69,95,105,105,137,153,163,163,237,287,300,300,300,316,79,79,79,107,156,156],"floor_reached":27,"playtime":1174,"items_purged":["Strike_G+1"],"score":458,"play_id":"da360c5b-6de0-4769-ad05-8c77601c8d3d","local_time":"20190811110508","is_ascension_mode":true,"campfire_choices":[{"data":"Footwork","floor":6.0,"key":"SMITH"},{"data":"Neutralize","floor":8.0,"key":"SMITH"},{"floor":11.0,"key":"REST"},{"data":"Noxious Fumes","floor":15.0,"key":"SMITH"},{"data":"Envenom","floor":23.0,"key":"SMITH"}],"neow_cost":"NONE","seed_source_timestamp":61633365742900,"circlet_count":0,"master_deck":["AscendersBane","Strike_G+1","Strike_G+1","Strike_G+1","Strike_G+1","Defend_G+1","Defend_G+1","Defend_G+1","Defend_G+1","Defend_G+1","Survivor","Neutralize+1","Footwork+1","Deflect","Choke","Sucker Punch","Noxious Fumes+1","Backstab","Cloak And Dagger","Deflect","Envenom+1","PiercingWail","Caltrops","Backflip","Crippling Poison","Noxious Fumes","After Image"],"special_seed":0,"relics":["Ring of the Snake","Pen Nib","Bag of Marbles","Gambling Chip","Snake Skull","Darkstone Periapt","Tiny House","Blue Candle","Juzu Bracelet"],"potions_floor_usage":[27],"damage_taken":[{"damage":0.0,"enemies":"2 Louse","floor":1.0,"turns":4.0},{"damage":0.0,"enemies":"Cultist","floor":3.0,"turns":4.0},{"damage":7.0,"enemies":"Small Slimes","floor":5.0,"turns":5.0},{"damage":23.0,"enemies":"Lagavulin","floor":7.0,"turns":10.0},{"damage":0.0,"enemies":"2 Fungi Beasts","floor":10.0,"turns":4.0},{"damage":6.0,"enemies":"3 Sentries","floor":12.0,"turns":6.0},{"damage":0.0,"enemies":"Large Slime","floor":13.0,"turns":4.0},{"damage":0.0,"enemies":"Blue Slaver","floor":14.0,"turns":3.0},{"damage":10.0,"enemies":"The Guardian","floor":16.0,"turns":12.0},{"damage":1.0,"enemies":"Shell Parasite","floor":18.0,"turns":7.0},{"damage":8.0,"enemies":"Spheric Guardian","floor":21.0,"turns":5.0},{"damage":46.0,"enemies":"Gremlin Leader","floor":25.0,"turns":7.0},{"damage":0,"enemies":"Slavers","floor":27,"turns":1}],"seed_played":"-4143805478906169549","potions_obtained":[{"floor":5.0,"key":"EntropicBrew"},{"floor":7.0,"key":"Poison Potion"},{"floor":10.0,"key":"Swift Potion"},{"floor":13.0,"key":"Swift Potion"},{"floor":14.0,"key":"Block Potion"},{"floor":17.0,"key":"Swift Potion"},{"floor":18.0,"key":"Strength Potion"}],"is_trial":false,"path_per_floor":["M","$","M","?","M","R","E","R","T","M","R","E","M","M","R","B",null,"M","?","?","M","$","R","?","E","T","E"],"character_chosen":"THE_SILENT","items_purchased":["Footwork","Dagger Throw","Crippling Poison","Noxious Fumes"],"campfire_rested":1,"item_purchase_floors":[2,2,22,22],"current_hp_per_floor":[59,59,59,59,52,52,29,29,29,29,48,42,42,42,42,32,63,62,42,42,34,34,34,49,3,3,3],"gold":156,"neow_bonus":"RANDOM_COMMON_RELIC","is_prod":false,"is_daily":false,"chose_seed":false,"campfire_upgraded":4,"win_rate":0,"timestamp":1565535908,"path_taken":["M","$","M","?","?","R","E","R","T","M","R","E","M","M","R","BOSS","M","?","?","M","$","R","?","E","T","E"],"build_version":"2019-07-17","purchased_purges":1,"victory":false,"max_hp_per_floor":[66,66,66,66,66,66,66,66,66,66,66,66,66,66,66,66,71,71,76,76,76,76,76,76,76,76,76],"card_choices":[{"not_picked":["Acrobatics","Slice","Outmaneuver"],"picked":"SKIP","floor":1.0},{"not_picked":["Flying Knee","Distraction"],"picked":"Deflect","floor":3.0},{"not_picked":["Concentrate","Phantasmal Killer"],"picked":"Choke","floor":5.0},{"not_picked":["Flying Knee","Phantasmal Killer"],"picked":"Sucker Punch","floor":7.0},{"not_picked":["Slice","Sucker Punch"],"picked":"Noxious Fumes","floor":10.0},{"not_picked":["Accuracy","PiercingWail"],"picked":"Backstab","floor":12.0},{"not_picked":["Slice","Quick Slash"],"picked":"Cloak And Dagger","floor":13.0},{"not_picked":["Dash","Outmaneuver"],"picked":"Deflect","floor":14.0},{"not_picked":["Corpse Explosion","Phantasmal Killer"],"picked":"Envenom","floor":16.0},{"not_picked":["Deadly Poison","Blade Dance"],"picked":"PiercingWail","floor":17.0},{"not_picked":["Flying Knee","Prepared"],"picked":"Caltrops","floor":18.0},{"not_picked":["Riddle With Holes","All Out Attack"],"picked":"Backflip","floor":21.0},{"not_picked":["Outmaneuver","Dagger Spray"],"picked":"After Image","floor":25.0}],"player_experience":684979,"relics_obtained":[{"floor":7.0,"key":"Gambling Chip"},{"floor":9.0,"key":"Snake Skull"},{"floor":12.0,"key":"Darkstone Periapt"},{"floor":25.0,"key":"Blue Candle"},{"floor":26.0,"key":"Juzu Bracelet"}],"event_choices":[{"cards_removed":["Dagger Throw"],"damage_healed":0.0,"max_hp_gain":0.0,"max_hp_loss":0.0,"gold_gain":0.0,"event_name":"WeMeetAgain","player_choice":"Gave Card","floor":4.0,"gold_loss":0.0,"damage_taken":0.0,"relics_obtained":["Bag of Marbles"]},{"damage_healed":0.0,"max_hp_gain":5.0,"max_hp_loss":0.0,"gold_gain":0.0,"event_name":"Forgotten Altar","player_choice":"Shed Blood","floor":19.0,"gold_loss":0.0,"damage_taken":25.0},{"damage_healed":0.0,"max_hp_gain":0.0,"max_hp_loss":0.0,"gold_gain":0.0,"event_name":"Back to Basics","player_choice":"Simplicity","floor":20.0,"gold_loss":0.0,"damage_taken":0.0,"cards_upgraded":["Strike_G","Strike_G","Strike_G","Strike_G","Defend_G","Defend_G","Defend_G","Defend_G","Defend_G"]},{"damage_healed":15.0,"max_hp_gain":0.0,"max_hp_loss":0.0,"gold_gain":0.0,"event_name":"The Library","player_choice":"Heal","floor":24.0,"gold_loss":0.0,"damage_taken":0.0}],"is_beta":false,"boss_relics":[{"not_picked":["Fusion Hammer","Orrery"],"picked":"Tiny House"}],"items_purged_floors":[22],"is_endless":false,"potions_floor_spawned":[5,7,10,13,14,18,25],"killed_by":"Slavers","ascension_level":18}