{"gold_per_floor":[364,374,387,74,91,91,109,120,146,146,162,188,188,263,263,359,359,372,172,172,172],"floor_reached":21,"playtime":837,"items_purged":["Strike_G","Strike_G"],"score":427,"play_id":"1d710152-14f7-4a48-bca2-211382fbd25d","local_time":"20190804223011","is_ascension_mode":true,"campfire_choices":[{"data":"Neutralize","floor":6,"key":"SMITH"},{"floor":10,"key":"REST"},{"data":"Footwork","floor":15,"key":"SMITH"}],"neow_cost":"PERCENT_DAMAGE","seed_source_timestamp":163178272425600,"circlet_count":0,"master_deck":["AscendersBane","Strike_G","Defend_G","Defend_G","Defend_G","Defend_G","Defend_G","Survivor","Neutralize+1","Footwork+1","Backstab","Bouncing Flask","Noxious Fumes","Catalyst","Glass Knife","Cloak And Dagger","After Image","PiercingWail","Noxious Fumes","Burst","Blur","Footwork","Acrobatics"],"relics":["Ring of the Snake","Juzu Bracelet","Pantograph","Golden Idol","Empty Cage"],"potions_floor_usage":[11,12,16,21],"damage_taken":[{"damage":1,"enemies":"Jaw Worm","floor":1,"turns":4},{"damage":0,"enemies":"2 Louse","floor":2,"turns":3},{"damage":3,"enemies":"Small Slimes","floor":3,"turns":4},{"damage":8,"enemies":"Gremlin Gang","floor":5,"turns":6},{"damage":7,"enemies":"Blue Slaver","floor":7,"turns":4},{"damage":2,"enemies":"2 Fungi Beasts","floor":8,"turns":3},{"damage":1,"enemies":"3 Louse","floor":11,"turns":3},{"damage":24,"enemies":"Gremlin Nob","floor":12,"turns":5},{"damage":0,"enemies":"The Guardian","floor":16,"turns":9},{"damage":49,"enemies":"3 Byrds","floor":18,"turns":7},{"damage":4,"enemies":"Shell Parasite","floor":21,"turns":2}],"seed_played":"-6081550696621982940","potions_obtained":[{"floor":1,"key":"Ancient Potion"},{"floor":3,"key":"Dexterity Potion"},{"floor":7,"key":"SpeedPotion"},{"floor":11,"key":"Explosive Potion"},{"floor":12,"key":"FearPotion"}],"is_trial":false,"path_per_floor":["M","M","M","$","M","R","M","M","T","R","M","E","?","?","R","B",null,"M","$","?","M"],"character_chosen":"THE_SILENT","items_purchased":["Noxious Fumes","Catalyst","Glass Knife","Footwork","Acrobatics"],"campfire_rested":1,"item_purchase_floors":[4,4,4,19,19],"current_hp_per_floor":[43,43,40,40,32,32,25,23,23,42,41,17,17,6,6,31,53,4,4,4,0],"gold":172,"neow_bonus":"TWO_FIFTY_GOLD","is_prod":false,"is_daily":false,"chose_seed":false,"campfire_upgraded":2,"win_rate":0,"timestamp":1564972211,"path_taken":["M","M","M","$","M","R","M","M","T","R","M","E","?","?","R","BOSS","M","$","?","M"],"build_version":"2019-07-17","purchased_purges":2,"victory":false,"max_hp_per_floor":[66,66,66,66,66,66,66,66,66,66,66,66,60,60,60,60,60,60,60,60,60],"card_choices":[{"not_picked":["Prepared","Calculated Gamble"],"picked":"Footwork","floor":1},{"not_picked":["Leg Sweep","Deflect"],"picked":"Backstab","floor":2},{"not_picked":["Expertise","Underhanded Strike"],"picked":"Bouncing Flask","floor":3},{"not_picked":["Eviscerate","Sucker Punch"],"picked":"Cloak And Dagger","floor":5},{"not_picked":["Outmaneuver","Deadly Poison"],"picked":"After Image","floor":7},{"not_picked":["Backflip","Underhanded Strike"],"picked":"PiercingWail","floor":8},{"not_picked":["Envenom","Sucker Punch","Accuracy"],"picked":"SKIP","floor":11},{"not_picked":["Envenom","Dagger Spray"],"picked":"Noxious Fumes","floor":12},{"not_picked":["Corpse Explosion","Wraith Form v2"],"picked":"Burst","floor":16},{"not_picked":["Bane","Cloak And Dagger"],"picked":"Blur","floor":18}],"player_experience":657793,"relics_obtained":[{"floor":9,"key":"Juzu Bracelet"},{"floor":12,"key":"Pantograph"}],"event_choices":[{"damage_healed":0,"gold_gain":0,"player_choice":"Lose Max HP","damage_taken":0,"relics_obtained":["Golden Idol"],"max_hp_gain":0,"max_hp_loss":6,"event_name":"Golden Idol","floor":13,"gold_loss":0},{"damage_healed":0,"gold_gain":75,"player_choice":"Gather Gold","damage_taken":11,"max_hp_gain":0,"max_hp_loss":0,"event_name":"World of Goop","floor":14,"gold_loss":0},{"damage_healed":0,"gold_gain":0,"player_choice":"Ignored","damage_taken":0,"max_hp_gain":0,"max_hp_loss":0,"event_name":"The Mausoleum","floor":20,"gold_loss":0}],"is_beta":false,"boss_relics":[{"not_picked":["Velvet Choker","Black Star"],"picked":"Empty Cage"}],"items_purged_floors":[4,19],"is_endless":false,"potions_floor_spawned":[1,3,7,11,12],"killed_by":"Shell Parasite","ascension_level":17}