{"gold_per_floor":[117,135,310,27,44,44,44,44,69,88,88,119,119,139,139,238,238,256,256,356,376,386,415,415,428,428,428,443,462,462,164,164,164],"floor_reached":33,"playtime":2090,"items_purged":["Doubt","Writhe"],"score":320,"play_id":"e6619c26-3b0f-465e-afd9-e4d0780c51ce","local_time":"20190814115644","is_ascension_mode":true,"campfire_choices":[{"data":"Zap","floor":6,"key":"SMITH"},{"data":"Defragment","floor":8,"key":"SMITH"},{"data":"Coolheaded","floor":11,"key":"SMITH"},{"data":"White Noise","floor":15,"key":"SMITH"},{"floor":27,"key":"REST"},{"floor":32,"key":"REST"}],"neow_cost":"NONE","seed_source_timestamp":260227571773396,"circlet_count":0,"master_deck":["Strike_B","Strike_B","Strike_B","Defend_B","Defend_B","Defend_B","Defend_B","Zap+1","Dualcast","FTL","Auto Shields","Stack","Defragment+1","Go for the Eyes","Bandage Up","Ball Lightning","Coolheaded+1","White Noise+1","Cold Snap","Machine Learning","Barrage","Defragment","Conserve Battery+1","Coolheaded"],"relics":["Cracked Core","Smiling Mask","Bottled Tornado","Inserter","Blood Vial","Darkstone Periapt","Mercury Hourglass","Kunai"],"potions_floor_usage":[16,21,23,25,28],"damage_taken":[{"damage":12,"enemies":"Small Slimes","floor":1,"turns":2},{"damage":0,"enemies":"Cultist","floor":2,"turns":4},{"damage":0,"enemies":"Jaw Worm","floor":5,"turns":2},{"damage":5,"enemies":"Gremlin Gang","floor":10,"turns":4},{"damage":11,"enemies":"3 Sentries","floor":12,"turns":7},{"damage":8,"enemies":"Blue Slaver","floor":14,"turns":3},{"damage":18,"enemies":"Hexaghost","floor":16,"turns":9},{"damage":0,"enemies":"Spheric Guardian","floor":18,"turns":4},{"damage":3,"enemies":"Chosen","floor":21,"turns":4},{"damage":8,"enemies":"Centurion and Healer","floor":22,"turns":11},{"damage":46,"enemies":"Gremlin Leader","floor":23,"turns":6},{"damage":5,"enemies":"Snecko","floor":25,"turns":5},{"damage":14,"enemies":"Snake Plant","floor":28,"turns":5},{"damage":47,"enemies":"Cultist and Chosen","floor":29,"turns":6},{"damage":50,"enemies":"Collector","floor":33,"turns":6}],"seed_played":"-5441986865027650862","potions_obtained":[{"floor":12,"key":"Ancient Potion"},{"floor":14,"key":"Fire Potion"},{"floor":18,"key":"Swift Potion"},{"floor":22,"key":"Block Potion"},{"floor":23,"key":"Poison Potion"}],"is_trial":false,"path_per_floor":["M","M","?","$","M","R","$","R","T","M","R","E","?","M","R","B",null,"M","?","?","M","M","E","?","M","T","R","M","M","?","$","R","B"],"character_chosen":"DEFECT","items_purchased":["Defragment","Go for the Eyes","Bandage Up","Kunai"],"campfire_rested":2,"item_purchase_floors":[4,4,4,31],"current_hp_per_floor":[63,63,63,63,63,63,63,63,63,62,62,55,55,51,51,37,75,75,75,75,75,71,29,29,30,30,52,44,3,9,9,33,0],"gold":164,"neow_bonus":"THREE_CARDS","is_prod":false,"is_daily":false,"chose_seed":false,"campfire_upgraded":4,"win_rate":0,"timestamp":1565780204,"path_taken":["M","M","?","$","M","R","$","R","T","M","R","E","?","M","R","BOSS","M","?","?","M","?","E","?","M","T","R","M","M","?","?","R","BOSS"],"build_version":"2019-07-17","purchased_purges":2,"victory":false,"max_hp_per_floor":[75,75,75,75,75,75,75,75,75,75,75,75,75,75,75,75,75,75,75,75,75,75,75,75,75,75,75,75,75,81,81,81,81],"card_choices":[{"not_picked":["Leap","Loop"],"picked":"FTL","floor":0},{"not_picked":["Conserve Battery","Rebound"],"picked":"Auto Shields","floor":1},{"not_picked":["Redo","Sweeping Beam"],"picked":"Stack","floor":2},{"not_picked":["Skim","Leap"],"picked":"Ball Lightning","floor":5},{"not_picked":["Compile Driver","Reprogram"],"picked":"Coolheaded","floor":10},{"not_picked":["Seek","Redo"],"picked":"White Noise","floor":12},{"not_picked":["Barrage","Skim"],"picked":"Cold Snap","floor":14},{"not_picked":["Amplify","Creative AI"],"picked":"Machine Learning","floor":16},{"not_picked":["Stack+1","Gash"],"picked":"Barrage","floor":18},{"not_picked":["Stack","Loop","Steam"],"picked":"SKIP","floor":21},{"not_picked":["Double Energy","Beam Cell"],"picked":"Defragment","floor":22},{"not_picked":["Machine Learning","Stack"],"picked":"Conserve Battery+1","floor":23},{"not_picked":["Hologram","Streamline+1","Aggregate"],"picked":"SKIP","floor":25},{"not_picked":["Coolheaded","Conserve Battery","Go for the Eyes"],"picked":"SKIP","floor":28},{"not_picked":["Rebound+1","Conserve Battery"],"picked":"Coolheaded","floor":29}],"player_experience":336693,"relics_obtained":[{"floor":9,"key":"Smiling Mask"},{"floor":12,"key":"Bottled Tornado"},{"floor":23,"key":"Blood Vial"},{"floor":26,"key":"Darkstone Periapt"}],"event_choices":[{"damage_healed":0,"gold_gain":175,"player_choice":"AGREE","damage_taken":0,"max_hp_gain":0,"max_hp_loss":0,"event_name":"Liars Game","floor":3,"gold_loss":0,"cards_obtained":["Doubt"]},{"cards_removed":["Strike_B"],"damage_healed":0,"gold_gain":0,"player_choice":"Offered Basic","damage_taken":0,"max_hp_gain":0,"max_hp_loss":0,"event_name":"Bonfire Elementals","floor":13,"gold_loss":0},{"damage_healed":0,"gold_gain":0,"player_choice":"Ignored","damage_taken":0,"max_hp_gain":0,"max_hp_loss":0,"event_name":"Vampires","floor":19,"gold_loss":0},{"damage_healed":0,"gold_gain":100,"player_choice":"Pray","damage_taken":0,"max_hp_gain":0,"max_hp_loss":0,"event_name":"Golden Shrine","floor":20,"gold_loss":0},{"damage_healed":0,"gold_gain":0,"player_choice":"Ignored","damage_taken":0,"max_hp_gain":0,"max_hp_loss":0,"event_name":"Ghosts","floor":24,"gold_loss":0},{"damage_healed":0,"gold_gain":0,"player_choice":"Opened","damage_taken":0,"relics_obtained":["Mercury Hourglass"],"max_hp_gain":0,"max_hp_loss":0,"event_name":"The Mausoleum","floor":30,"gold_loss":0,"cards_obtained":["Writhe"]}],"is_beta":false,"boss_relics":[{"not_picked":["Philosopher\u0027s Stone","Lizard Tail"],"picked":"Inserter"}],"items_purged_floors":[4,31],"is_endless":false,"potions_floor_spawned":[12,14,18,22,23],"killed_by":"Collector","ascension_level":4}