{"gold_per_floor":[118,132,207,217,19,19,19,29,29,29,39,71,71,83,83,188,188,204,204,419,16,16,34,34,34,34,34,48,13,0,0,0,100,100,111,111,128,13,26,26,26,26,26,26,26,45,45,64,64,64],"floor_reached":51,"playtime":3613,"items_purged":[],"score":673,"play_id":"f4b3ecdd-8d61-4aac-9261-eb7e5f7dae1b","local_time":"20190815114923","is_ascension_mode":true,"campfire_choices":[{"data":"Uppercut","floor":6.0,"key":"SMITH"},{"data":"Flame Barrier","floor":10.0,"key":"SMITH"},{"data":"Flame Barrier","floor":13.0,"key":"SMITH"},{"data":"Feel No Pain","floor":15.0,"key":"SMITH"},{"data":"Corruption","floor":24,"key":"SMITH"},{"data":"Clothesline","floor":32,"key":"SMITH"},{"data":"Dual Wield","floor":40,"key":"SMITH"},{"data":"Burning Pact","floor":42,"key":"SMITH"},{"data":"Armaments","floor":44,"key":"SMITH"},{"data":"Warcry","floor":49,"key":"SMITH"}],"neow_cost":"NONE","seed_source_timestamp":3260161953110,"circlet_count":0,"master_deck":["Strike_R+1","Strike_R+1","Strike_R+1","Strike_R+1","Strike_R+1","Defend_R+1","Defend_R+1","Defend_R+1","Defend_R+1","Uppercut+1","Perfected Strike","Flame Barrier+1","Flame Barrier+1","Feel No Pain+1","Seeing Red","Corruption+1","Armaments+1","Clothesline+1","Havoc","Burning Pact+1","Juggernaut","Dual Wield+1","Armaments+1","Warcry+1","Feel No Pain+1"],"special_seed":0,"relics":["Burning Blood","Pen Nib","Oddly Smooth Stone","Singing Bowl","Velvet Choker","Old Coin","Membership Card","Vajra","Anchor","Boot","Dream Catcher","Regal Pillow","Ancient Tea Set"],"potions_floor_usage":[23,28,37,37,50,50,50],"damage_taken":[{"damage":1.0,"enemies":"Jaw Worm","floor":1.0,"turns":2.0},{"damage":1.0,"enemies":"Cultist","floor":2.0,"turns":3.0},{"damage":0.0,"enemies":"2 Louse","floor":4.0,"turns":2.0},{"damage":16.0,"enemies":"2 Fungi Beasts","floor":8.0,"turns":4.0},{"damage":6.0,"enemies":"3 Louse","floor":11.0,"turns":2.0},{"damage":15.0,"enemies":"3 Sentries","floor":12.0,"turns":10.0},{"damage":15.0,"enemies":"Blue Slaver","floor":14.0,"turns":4.0},{"damage":31.0,"enemies":"Slime Boss","floor":16.0,"turns":11.0},{"damage":0.0,"enemies":"Chosen","floor":18.0,"turns":4.0},{"damage":0,"enemies":"2 Thieves","floor":23,"turns":5},{"damage":10,"enemies":"Snecko","floor":28,"turns":5},{"damage":69,"enemies":"Automaton","floor":33,"turns":11},{"damage":13,"enemies":"3 Shapes","floor":35,"turns":8},{"damage":35,"enemies":"3 Darklings","floor":37,"turns":6},{"damage":27,"enemies":"4 Shapes","floor":39,"turns":10},{"damage":0,"enemies":"Writhing Mass","floor":46,"turns":5},{"damage":1,"enemies":"Sphere and 2 Shapes","floor":48,"turns":6},{"damage":67,"enemies":"Time Eater","floor":50,"turns":14}],"seed_played":"4387105369820829582","potions_obtained":[{"floor":0.0,"key":"Poison Potion"},{"floor":0.0,"key":"AttackPotion"},{"floor":0.0,"key":"EntropicBrew"},{"floor":1.0,"key":"BloodPotion"},{"floor":8.0,"key":"Regen Potion"},{"floor":11.0,"key":"Fruit Juice"},{"floor":12.0,"key":"Swift Potion"},{"floor":16.0,"key":"SkillPotion"},{"floor":35,"key":"EntropicBrew"},{"floor":37,"key":"Regen Potion"}],"is_trial":false,"path_per_floor":["M","M","?","M","$","R","$","M","T","R","M","E","R","M","R","B",null,"M","?","?","$","?","M","R","?","T","?","M","$","?","?","R","B",null,"M","?","M","$","M","R","?","R","T","R","?","M","?","M","R","B",null],"character_chosen":"IRONCLAD","items_purchased":["Perfected Strike","Pen Nib","Membership Card","Corruption","Vajra","Anchor","Burning Pact","Armaments","Warcry","Regal Pillow"],"campfire_rested":0,"item_purchase_floors":[5,5,21,21,21,21,29,38,38,38],"current_hp_per_floor":[80,80,69,75,75,75,75,65,65,65,70,76,76,69,69,46,89,89,72,72,72,72,78,78,78,78,78,74,74,74,74,74,11,94,89,89,84,84,65,65,65,65,65,65,65,73,73,80,80,77],"gold":64,"neow_bonus":"THREE_SMALL_POTIONS","is_prod":false,"is_daily":false,"chose_seed":false,"campfire_upgraded":10,"win_rate":0,"timestamp":1565866163,"path_taken":["M","M","?","M","$","R","?","M","T","R","M","E","R","?","R","BOSS","M","?","?","$","?","M","R","?","T","?","?","$","?","?","R","BOSS","M","?","?","$","M","R","?","R","T","R","?","?","?","M","R","BOSS"],"build_version":"2019-07-17","purchased_purges":0,"victory":true,"max_hp_per_floor":[80,80,80,80,80,80,80,80,80,80,85,85,85,87,87,89,89,89,94,94,94,94,94,94,94,94,94,94,94,94,94,94,94,94,96,96,96,96,98,98,98,98,98,98,98,100,100,102,102,102],"card_choices":[{"not_picked":["Armaments","Sentinel"],"picked":"Seeing Red","floor":1.0},{"not_picked":["Anger","Flex","Cleave"],"picked":"SKIP","floor":2.0},{"not_picked":["Inflame","Flame Barrier"],"picked":"Uppercut","floor":4.0},{"not_picked":["Body Slam","Headbutt"],"picked":"Flame Barrier","floor":8.0},{"not_picked":["True Grit","Headbutt"],"picked":"Flame Barrier","floor":11.0},{"not_picked":["Flex","Bloodletting"],"picked":"Feel No Pain","floor":12.0},{"not_picked":["Clothesline","Sentinel","Evolve"],"picked":"Singing Bowl","floor":14.0},{"not_picked":["Barricade","Fiend Fire","Berserk"],"picked":"Singing Bowl","floor":16.0},{"not_picked":["True Grit+1","Hemokinesis"],"picked":"Seeing Red","floor":18.0},{"not_picked":["Clothesline","Shrug It Off"],"picked":"Armaments+1","floor":23},{"not_picked":["Thunderclap","Pommel Strike+1"],"picked":"Havoc","floor":28},{"not_picked":["Double Tap","Demon Form"],"picked":"Juggernaut","floor":33},{"not_picked":["Power Through+1","Clothesline","Heavy Blade+1"],"picked":"Singing Bowl","floor":35},{"not_picked":["Anger","Shrug It Off"],"picked":"Dual Wield","floor":37},{"not_picked":["Iron Wave","Thunderclap","Headbutt+1"],"picked":"Singing Bowl","floor":39},{"not_picked":["Sever Soul+1","Carnage+1","Clothesline"],"picked":"Singing Bowl","floor":46},{"not_picked":["Anger","Evolve","Clash"],"picked":"Singing Bowl","floor":48}],"player_experience":369549,"relics_obtained":[{"floor":9.0,"key":"Oddly Smooth Stone"},{"floor":12.0,"key":"Singing Bowl"},{"floor":26,"key":"Dream Catcher"},{"floor":43,"key":"Ancient Tea Set"}],"event_choices":[{"damage_healed":0.0,"max_hp_gain":0.0,"max_hp_loss":0.0,"gold_gain":75.0,"event_name":"World of Goop","player_choice":"Gather Gold","floor":3.0,"gold_loss":0.0,"damage_taken":11.0},{"damage_healed":0.0,"max_hp_gain":5.0,"max_hp_loss":0.0,"gold_gain":0.0,"event_name":"Forgotten Altar","player_choice":"Shed Blood","floor":19.0,"gold_loss":0.0,"damage_taken":22.0},{"damage_healed":0.0,"max_hp_gain":0.0,"max_hp_loss":0.0,"gold_gain":0.0,"event_name":"Addict","player_choice":"Obtained Relic","floor":20.0,"gold_loss":85.0,"damage_taken":0.0,"relics_obtained":["Old Coin"]},{"damage_healed":0,"gold_gain":0,"player_choice":"Opened","damage_taken":0,"relics_obtained":["Boot"],"max_hp_gain":0,"max_hp_loss":0,"event_name":"The Mausoleum","floor":22,"gold_loss":0},{"damage_healed":0,"gold_gain":0,"player_choice":"Read","damage_taken":0,"max_hp_gain":0,"max_hp_loss":0,"event_name":"The Library","floor":25,"gold_loss":0,"cards_obtained":["Clothesline"]},{"damage_healed":0,"gold_gain":0,"player_choice":"Ignored","damage_taken":0,"max_hp_gain":0,"max_hp_loss":0,"event_name":"Ghosts","floor":27,"gold_loss":0},{"damage_healed":0,"gold_gain":0,"player_choice":"Paid Fearfully","damage_taken":0,"max_hp_gain":0,"max_hp_loss":0,"event_name":"Masked Bandits","floor":30,"gold_loss":13},{"damage_healed":0,"gold_gain":0,"player_choice":"Simplicity","damage_taken":0,"max_hp_gain":0,"max_hp_loss":0,"event_name":"Back to Basics","floor":31,"gold_loss":0,"cards_upgraded":["Strike_R","Strike_R","Strike_R","Strike_R","Strike_R","Defend_R","Defend_R","Defend_R","Defend_R"]},{"cards_removed":["Seeing Red"],"damage_healed":0,"gold_gain":0,"player_choice":"Purged","damage_taken":0,"max_hp_gain":0,"max_hp_loss":0,"event_name":"Purifier","floor":36,"gold_loss":0},{"cards_removed":["Bash"],"damage_healed":0,"gold_gain":0,"player_choice":"Removed Attack","damage_taken":0,"max_hp_gain":0,"max_hp_loss":0,"event_name":"Falling","floor":41,"gold_loss":0},{"damage_healed":0,"gold_gain":0,"player_choice":"Copied","damage_taken":0,"max_hp_gain":0,"max_hp_loss":0,"event_name":"Duplicator","floor":45,"gold_loss":0,"cards_obtained":["Feel No Pain"]},{"damage_healed":0,"gold_gain":0,"player_choice":"Ignored","damage_taken":0,"max_hp_gain":0,"max_hp_loss":0,"event_name":"SecretPortal","floor":47,"gold_loss":0}],"is_beta":false,"boss_relics":[{"not_picked":["Philosopher\u0027s Stone","Calling Bell"],"picked":"Velvet Choker"},{"not_picked":["Runic Cube","Pandora\u0027s Box","Snecko Eye"]}],"items_purged_floors":[],"is_endless":false,"potions_floor_spawned":[1,8,11,12,16,35,37,46],"ascension_level":1}