{"path_per_floor":["M","M","M","?","M","R","$","?","T","$","R","M","M","?","R","B",null,"M","M","$","?","?","R","M","R","T","M","M","M","M","$","R"],"character_chosen":"IRONCLAD","items_purchased":["Cleave","Bandage Up","Uppercut","Bandage Up","Flame Barrier"],"gold_per_floor":[114,126,146,108,122,122,75,75,124,31,31,41,55,55,55,158,158,176,161,88,88,188,188,207,207,207,219,239,251,268,97,97,97],"floor_reached":33,"campfire_rested":3,"playtime":4988,"item_purchase_floors":[7,10,20,31,31],"current_hp_per_floor":[75,80,80,80,78,78,78,78,78,78,78,71,85,85,85,22,85,42,27,27,27,27,52,58,83,83,74,83,67,68,68,85,0],"items_purged":[],"gold":97,"score":241,"play_id":"3d437f72-38fa-4e64-8da5-b28903005680","local_time":"20180616195349","is_prod":false,"is_daily":false,"chose_seed":false,"is_ascension_mode":false,"campfire_upgraded":3,"win_rate":0.0,"timestamp":1529175229,"campfire_choices":[{"data":"Seeing Red","floor":6,"key":"SMITH"},{"data":"Bandage Up","floor":11,"key":"SMITH"},{"data":"Cleave","floor":15,"key":"SMITH"},{"floor":23,"key":"REST"},{"floor":25,"key":"REST"},{"floor":32,"key":"REST"}],"path_taken":["M","M","M","?","M","R","$","?","T","?","R","M","M","?","R","BOSS","M","?","$","?","?","R","M","R","T","M","?","M","?","?","R","BOSS"],"build_version":"2018-06-14v2","seed_source_timestamp":171590213529088,"purchased_purges":0,"victory":false,"master_deck":["Strike_R","Strike_R","Strike_R","Strike_R","Defend_R","Defend_R","Defend_R+1","Bash","Inflame","Shrug It Off","Seeing Red+1","Headbutt","Cleave+1","Bandage Up+1","True Grit","Blood for Blood","Demon Form","Shrug It Off+1","Cleave","Uppercut","Iron Wave","Cleave+1","Inflame","Ghostly Armor+1","Barricade","Bandage Up","Flame Barrier"],"max_hp_per_floor":[80,80,80,80,80,80,80,80,80,80,80,80,85,85,85,85,85,85,85,85,85,85,85,85,85,85,85,85,85,85,85,85,85],"relics":["Burning Blood","Vajra","Velvet Choker","Charon\u0027s Ashes"],"card_choices":[{"not_picked":["Infernal Blade","Headbutt"],"picked":"Inflame","floor":1},{"not_picked":["Battle Trance","Perfected Strike"],"picked":"Shrug It Off","floor":2},{"not_picked":["Perfected Strike","Clash"],"picked":"Seeing Red","floor":3},{"not_picked":["Feel No Pain","Shrug It Off"],"picked":"Headbutt","floor":5},{"not_picked":["Rage","Anger"],"picked":"True Grit","floor":12},{"not_picked":["Bloodletting","Heavy Blade"],"picked":"Blood for Blood","floor":13},{"not_picked":["Brutality","Juggernaut"],"picked":"Demon Form","floor":16},{"not_picked":["Anger","Iron Wave"],"picked":"Shrug It Off+1","floor":18},{"not_picked":["Pommel Strike","True Grit"],"picked":"Cleave","floor":19},{"not_picked":["Sever Soul","Bloodletting"],"picked":"Iron Wave","floor":24},{"not_picked":["True Grit+1","Ghostly Armor"],"picked":"Cleave+1","floor":27},{"not_picked":["Rupture","Shockwave"],"picked":"Inflame","floor":28},{"not_picked":["Iron Wave","Disarm"],"picked":"Ghostly Armor+1","floor":29},{"not_picked":["Twin Strike","Sword Boomerang+1"],"picked":"Barricade","floor":30}],"player_experience":15756,"potions_floor_usage":[13,13,13],"damage_taken":[{"damage":11,"enemies":"Cultist","floor":1,"turns":6},{"damage":0,"enemies":"Jaw Worm","floor":2,"turns":5},{"damage":0,"enemies":"Small Slimes","floor":3,"turns":4},{"damage":8,"enemies":"3 Louse","floor":5,"turns":8},{"damage":13,"enemies":"Red Slaver","floor":12,"turns":2},{"damage":0,"enemies":"Exordium Wildlife","floor":13,"turns":3},{"damage":75,"enemies":"Slime Boss","floor":16,"turns":19},{"damage":55,"enemies":"3 Byrds","floor":18,"turns":6},{"damage":27,"enemies":"2 Thieves","floor":19,"turns":5},{"damage":6,"enemies":"3 Cultists","floor":24,"turns":5},{"damage":21,"enemies":"Chosen and Byrds","floor":27,"turns":7},{"damage":3,"enemies":"Centurion and Healer","floor":28,"turns":5},{"damage":22,"enemies":"Snake Plant","floor":29,"turns":4},{"damage":11,"enemies":"Snecko","floor":30,"turns":5},{"damage":111,"enemies":"Champ","floor":33,"turns":18}],"relics_obtained":[{"floor":9,"key":"Vajra"},{"floor":26,"key":"Charon\u0027s Ashes"}],"event_choices":[{"event_name":"World of Goop","player_choice":"Left","floor":4,"damage_taken":0},{"event_name":"The Lab","player_choice":"Got Potions","floor":8,"damage_taken":0},{"event_name":"Wheel of Change","player_choice":"Card Removal","floor":14,"damage_taken":0},{"event_name":"Bonfire Elementals","player_choice":"BASIC","floor":21,"damage_taken":0},{"event_name":"Golden Shrine","player_choice":"Pray","floor":22,"damage_taken":0}],"boss_relics":[{"not_picked":["Eternal Feather","Snecko Eye"],"picked":"Velvet Choker"}],"items_purged_floors":[],"is_endless":false,"potions_floor_spawned":[1,3,13,18,27,28,30],"seed_played":"7593861173705291502","killed_by":"Champ","ascension_level":0,"potions_obtained":[{"floor":3,"key":"Weak Potion"},{"floor":8,"key":"Fruit Juice"},{"floor":8,"key":"Poison Potion"},{"floor":8,"key":"AttackPotion"},{"floor":13,"key":"Block Potion"},{"floor":18,"key":"GamblersBrew"},{"floor":27,"key":"Dexterity Potion"},{"floor":28,"key":"FearPotion"},{"floor":30,"key":"SkillPotion"}],"is_trial":false}