{"gold_per_floor":[114,114,132,82,93,124,124,0,0,31,31,31,49,66,66,163,163,181,96,111,123,5,5,17,43,43,43,142,171,188,188,188,188],"floor_reached":33,"playtime":1933,"items_purged":["Defend_G"],"score":440,"play_id":"b37daf00-289a-4498-aca5-f3236ce9fb23","local_time":"20190727090108","is_ascension_mode":true,"campfire_choices":[{"floor":7,"key":"REST"},{"data":"Footwork","floor":12,"key":"SMITH"},{"data":"Neutralize","floor":15,"key":"SMITH"},{"data":"Noxious Fumes","floor":23,"key":"SMITH"},{"data":"Calculated Gamble","floor":27,"key":"SMITH"},{"data":"Noxious Fumes","floor":32,"key":"SMITH"}],"neow_cost":"NONE","seed_source_timestamp":496926614822000,"circlet_count":0,"master_deck":["AscendersBane","Strike_G","Strike_G","Strike_G","Defend_G","Defend_G","Defend_G","Survivor","Neutralize+1","Deadly Poison","Dagger Spray","Calculated Gamble+1","Backflip","Footwork+1","Flying Knee","Acrobatics","Backflip","Deflect","Phantasmal Killer","Noxious Fumes+1","Outmaneuver","Noxious Fumes+1","Dagger Throw"],"relics":["Ring of the Snake","Bag of Marbles","Tough Bandages","Bird Faced Urn","The Courier","Empty Cage","Kunai","Ancient Tea Set","Dead Branch","Sundial"],"potions_floor_usage":[16,24,29,33],"damage_taken":[{"damage":0,"enemies":"2 Louse","floor":1,"turns":3},{"damage":7,"enemies":"Jaw Worm","floor":3,"turns":5},{"damage":3,"enemies":"Small Slimes","floor":5,"turns":4},{"damage":34,"enemies":"3 Sentries","floor":6,"turns":10},{"damage":15,"enemies":"Lagavulin","floor":10,"turns":8},{"damage":0,"enemies":"2 Fungi Beasts","floor":13,"turns":2},{"damage":7,"enemies":"3 Louse","floor":14,"turns":2},{"damage":4,"enemies":"The Guardian","floor":16,"turns":18},{"damage":0,"enemies":"Shell Parasite","floor":18,"turns":10},{"damage":0,"enemies":"Spheric Guardian","floor":20,"turns":5},{"damage":10,"enemies":"Snecko","floor":21,"turns":8},{"damage":15,"enemies":"3 Cultists","floor":24,"turns":5},{"damage":36,"enemies":"Book of Stabbing","floor":29,"turns":7},{"damage":12,"enemies":"Centurion and Healer","floor":30,"turns":7},{"damage":49,"enemies":"Collector","floor":33,"turns":7}],"seed_played":"3077453698721268350","potions_obtained":[{"floor":5,"key":"AttackPotion"},{"floor":16,"key":"Block Potion"},{"floor":18,"key":"SneckoOil"},{"floor":20,"key":"LiquidBronze"},{"floor":30,"key":"Weak Potion"}],"is_trial":false,"path_per_floor":["M","?","M","?","M","E","R","$","T","E","?","R","M","M","R","B",null,"M","?","M","M","$","R","M","T","T","R","?","E","M","?","R","B"],"character_chosen":"THE_SILENT","items_purchased":["Footwork","Flying Knee","Noxious Fumes"],"campfire_rested":1,"item_purchase_floors":[8,8,22],"current_hp_per_floor":[63,63,56,56,53,19,40,40,40,27,50,50,50,43,43,41,63,65,65,69,62,62,62,53,53,53,53,53,23,17,40,40,0],"gold":188,"neow_bonus":"RANDOM_COMMON_RELIC","is_prod":false,"is_daily":false,"chose_seed":false,"campfire_upgraded":5,"win_rate":0,"timestamp":1564232468,"path_taken":["M","?","M","?","M","E","R","$","T","E","?","R","?","M","R","BOSS","M","?","M","M","$","R","M","?","T","R","?","E","M","?","R","BOSS"],"build_version":"2019-07-17","purchased_purges":1,"victory":false,"max_hp_per_floor":[70,70,70,70,70,70,70,70,70,70,70,70,70,70,70,70,70,70,70,70,70,70,70,70,70,70,70,70,70,70,70,70,70],"card_choices":[{"not_picked":["Cloak And Dagger","Caltrops"],"picked":"Deadly Poison","floor":1},{"not_picked":["Deflect","Quick Slash"],"picked":"Dagger Spray","floor":3},{"not_picked":["Setup","Underhanded Strike"],"picked":"Calculated Gamble","floor":5},{"not_picked":["Tactician","Reflex"],"picked":"Backflip","floor":6},{"not_picked":["Poisoned Stab","Flechettes"],"picked":"Acrobatics","floor":10},{"not_picked":["Deadly Poison","Eviscerate"],"picked":"Backflip","floor":13},{"not_picked":["Flying Knee","Backflip"],"picked":"Deflect","floor":14},{"not_picked":["Envenom","Doppelganger"],"picked":"Phantasmal Killer","floor":16},{"not_picked":["Dagger Throw","Poisoned Stab"],"picked":"Noxious Fumes","floor":18},{"not_picked":["Flying Knee+1","Slice"],"picked":"Outmaneuver","floor":20},{"not_picked":["Dodge and Roll","Slice","Bane"],"picked":"SKIP","floor":21},{"not_picked":["Terror","Expertise","Backflip"],"picked":"SKIP","floor":24},{"not_picked":["Dash","Noxious Fumes","Bane"],"picked":"SKIP","floor":29},{"not_picked":["Infinite Blades","Poisoned Stab"],"picked":"Dagger Throw","floor":30}],"player_experience":539242,"relics_obtained":[{"floor":6,"key":"Tough Bandages"},{"floor":9,"key":"Bird Faced Urn"},{"floor":10,"key":"The Courier"},{"floor":25,"key":"Ancient Tea Set"},{"floor":26,"key":"Dead Branch"},{"floor":29,"key":"Sundial"}],"event_choices":[{"damage_healed":0,"gold_gain":0,"player_choice":"Ignored","damage_taken":0,"max_hp_gain":0,"max_hp_loss":0,"event_name":"Liars Game","floor":2,"gold_loss":0},{"cards_removed":["Strike_G"],"damage_healed":0,"gold_gain":0,"player_choice":"Card Removal","damage_taken":0,"max_hp_gain":0,"max_hp_loss":0,"event_name":"The Cleric","floor":4,"gold_loss":50},{"damage_healed":23,"gold_gain":0,"player_choice":"Banana","damage_taken":0,"max_hp_gain":0,"max_hp_loss":0,"event_name":"Big Fish","floor":11,"gold_loss":0},{"damage_healed":0,"gold_gain":0,"player_choice":"Obtained Relic","damage_taken":0,"relics_obtained":["Kunai"],"max_hp_gain":0,"max_hp_loss":0,"event_name":"Addict","floor":19,"gold_loss":85},{"damage_healed":0,"gold_gain":99,"player_choice":"Stole From Cult","damage_taken":0,"max_hp_gain":0,"max_hp_loss":0,"event_name":"Nest","floor":28,"gold_loss":0},{"damage_healed":23,"gold_gain":0,"player_choice":"Heal","damage_taken":0,"max_hp_gain":0,"max_hp_loss":0,"event_name":"The Library","floor":31,"gold_loss":0}],"is_beta":false,"boss_relics":[{"not_picked":["Calling Bell","WristBlade"],"picked":"Empty Cage"}],"items_purged_floors":[22],"is_endless":false,"potions_floor_spawned":[5,16,18,20,21,30],"killed_by":"Collector","ascension_level":12}