{"gold_per_floor":[214,224,235,253,253,311,321,321,321,13,13,41,61,74,74,177,177,193,218,14,29,44,44,76,76,129,129,29,29,29,58,58,161,161,181,196,207,227,0,0,35,35,59,75,75,89,107,107,107,107,107,107,30,30],"floor_reached":54,"playtime":5172,"items_purged":["Defend_R","Defend_R","Defend_R"],"score":833,"play_id":"6e23bcf7-cb92-4827-b34b-b0df14b440c6","local_time":"20190727104255","is_ascension_mode":true,"campfire_choices":[{"floor":8,"key":"REST"},{"data":"Perfected Strike","floor":11,"key":"SMITH"},{"floor":15,"key":"REST"},{"floor":23,"key":"REST"},{"floor":27,"key":"REST"},{"data":"Double Tap","floor":29,"key":"SMITH"},{"data":"Juggernaut","floor":32,"key":"SMITH"},{"floor":40,"key":"RECALL"},{"floor":42,"key":"REST"},{"floor":45,"key":"REST"},{"floor":49,"key":"REST"},{"data":"Barricade","floor":52,"key":"SMITH"}],"neow_cost":"NONE","seed_source_timestamp":513083359869213,"circlet_count":0,"master_deck":["Strike_R","Strike_R","Strike_R","Strike_R","Strike_R","Defend_R","Bash","Wild Strike","Clothesline","Perfected Strike+1","Double Tap+1","Offering+1","Armaments+1","Juggernaut+1","Metallicize","Rage+1","Shrug It Off+1","Rage+1","Evolve+1","True Grit+1","Twin Strike+1","Barricade+1","Wild Strike+1"],"relics":["Burning Blood","Pen Nib","Tiny Chest","Orichalcum","Gambling Chip","Toxic Egg 2","Eternal Feather","Red Mask","Dream Catcher","Blood Vial","Centennial Puzzle","Strawberry","Velvet Choker","Torii"],"potions_floor_usage":[4,12,16,19,21,22,24,24,33,37,41,48,48,50,54],"damage_taken":[{"damage":4,"enemies":"Small Slimes","floor":1,"turns":5},{"damage":7,"enemies":"2 Louse","floor":2,"turns":4},{"damage":9,"enemies":"Jaw Worm","floor":3,"turns":3},{"damage":3,"enemies":"2 Fungi Beasts","floor":4,"turns":3},{"damage":45,"enemies":"Lagavulin","floor":6,"turns":6},{"damage":11,"enemies":"Looter","floor":7,"turns":3},{"damage":15,"enemies":"3 Sentries","floor":12,"turns":6},{"damage":6,"enemies":"Exordium Thugs","floor":13,"turns":2},{"damage":6,"enemies":"Blue Slaver","floor":14,"turns":1},{"damage":36,"enemies":"Hexaghost","floor":16,"turns":6},{"damage":9,"enemies":"Chosen","floor":18,"turns":3},{"damage":45,"enemies":"Masked Bandits","floor":19,"turns":6},{"damage":25,"enemies":"3 Byrds","floor":21,"turns":4},{"damage":19,"enemies":"Snake Plant","floor":22,"turns":4},{"damage":41,"enemies":"Book of Stabbing","floor":24,"turns":6},{"damage":24,"enemies":"Gremlin Leader","floor":31,"turns":8},{"damage":47,"enemies":"Champ","floor":33,"turns":10},{"damage":6,"enemies":"Orb Walker","floor":35,"turns":2},{"damage":9,"enemies":"3 Shapes","floor":36,"turns":4},{"damage":6,"enemies":"3 Darklings","floor":37,"turns":5},{"damage":15,"enemies":"Maw","floor":38,"turns":7},{"damage":55,"enemies":"Giant Head","floor":41,"turns":9},{"damage":52,"enemies":"Jaw Worm Horde","floor":44,"turns":6},{"damage":17,"enemies":"4 Shapes","floor":46,"turns":5},{"damage":34,"enemies":"3 Darklings","floor":47,"turns":5},{"damage":6,"enemies":"Reptomancer","floor":48,"turns":2},{"damage":48,"enemies":"Time Eater","floor":50,"turns":16},{"damage":91,"enemies":"Shield and Spear","floor":54,"turns":3}],"seed_played":"-5606037475911742641","potions_obtained":[{"floor":1,"key":"SteroidPotion"},{"floor":2,"key":"Fire Potion"},{"floor":7,"key":"Explosive Potion"},{"floor":14,"key":"Block Potion"},{"floor":16,"key":"BloodPotion"},{"floor":18,"key":"SpeedPotion"},{"floor":19,"key":"Dexterity Potion"},{"floor":22,"key":"FearPotion"},{"floor":31,"key":"PowerPotion"},{"floor":35,"key":"Ancient Potion"},{"floor":36,"key":"Explosive Potion"},{"floor":44,"key":"Fire Potion"},{"floor":46,"key":"SmokeBomb"}],"is_trial":false,"path_per_floor":["M","M","M","M","?","E","M","R","T","$","R","E","M","M","R","B",null,"M","?","$","M","M","R","E","T","T","R","$","R","?","E","R","B",null,"M","M","M","M","$","R","E","R","T","M","R","M","M","E","R","B",null,"R","$","E"],"character_chosen":"IRONCLAD","items_purchased":["Gambling Chip","Rage+1","Shrug It Off+1","True Grit+1","Regen Potion","GamblersBrew"],"campfire_rested":7,"item_purchase_floors":[10,20,20,39,39,53],"current_hp_per_floor":[80,79,76,79,76,37,32,56,56,56,56,47,47,47,71,41,80,77,38,38,39,26,59,24,24,24,57,57,66,66,57,66,27,87,87,84,86,78,78,87,38,76,76,32,70,61,35,42,80,40,87,87,87,0],"gold":30,"neow_bonus":"HUNDRED_GOLD","is_prod":false,"is_daily":false,"chose_seed":false,"campfire_upgraded":4,"win_rate":0,"timestamp":1564242175,"path_taken":["M","M","M","M","?","E","M","R","T","$","R","E","M","M","R","BOSS","M","?","$","M","M","R","E","?","T","R","$","R","?","E","R","BOSS","M","M","M","M","$","R","E","R","T","M","R","M","M","E","R","BOSS","R","$","E"],"build_version":"2019-07-17","purchased_purges":3,"victory":false,"max_hp_per_floor":[80,80,80,80,80,80,80,80,80,80,80,80,80,80,80,80,80,80,80,80,80,80,80,80,80,80,80,80,80,80,87,87,87,87,87,87,87,87,87,87,87,87,87,87,87,87,87,87,87,87,87,87,87,87],"card_choices":[{"not_picked":["Thunderclap","Shrug It Off","Clash"],"picked":"SKIP","floor":1},{"not_picked":["Offering","Flex"],"picked":"Wild Strike","floor":2},{"not_picked":["Flex","True Grit"],"picked":"Clothesline","floor":3},{"not_picked":["Combust","Carnage"],"picked":"Perfected Strike","floor":4},{"not_picked":["Anger","Dropkick","Body Slam"],"picked":"SKIP","floor":6},{"not_picked":["True Grit","Headbutt"],"picked":"Double Tap","floor":7},{"not_picked":["True Grit","Ghostly Armor"],"picked":"Offering","floor":12},{"not_picked":["Anger","True Grit+1"],"picked":"Armaments+1","floor":13},{"not_picked":["Cleave","Barricade","Armaments+1"],"picked":"SKIP","floor":14},{"not_picked":["Double Tap+1","Offering+1"],"picked":"Juggernaut","floor":16},{"not_picked":["Blood for Blood","Havoc+1"],"picked":"Metallicize","floor":18},{"not_picked":["Armaments+1","Cleave","Thunderclap"],"picked":"SKIP","floor":21},{"not_picked":["Intimidate+1","Sword Boomerang","Cleave"],"picked":"SKIP","floor":22},{"not_picked":["Limit Break+1","Warcry+1","Iron Wave"],"picked":"SKIP","floor":24},{"not_picked":["Bloodletting+1","Havoc+1"],"picked":"Rage+1","floor":31},{"not_picked":["Pommel Strike+1","Iron Wave+1"],"picked":"Evolve+1","floor":35},{"not_picked":["Burning Pact+1","Armaments+1","Evolve"],"picked":"SKIP","floor":36},{"not_picked":["Uppercut+1","Flex+1","Feel No Pain"],"picked":"SKIP","floor":37},{"not_picked":["Inflame","Anger+1","Iron Wave"],"picked":"SKIP","floor":38},{"not_picked":["Carnage+1","Combust","Demon Form"],"picked":"SKIP","floor":41},{"not_picked":["Clothesline+1","Havoc+1"],"picked":"Twin Strike+1","floor":44},{"not_picked":["Intimidate+1","Body Slam"],"picked":"Barricade","floor":45},{"not_picked":["True Grit+1","Hemokinesis","Ghostly Armor+1"],"picked":"SKIP","floor":46},{"not_picked":["Iron Wave","Body Slam"],"picked":"Wild Strike+1","floor":47}],"player_experience":268733,"relics_obtained":[{"floor":6,"key":"Tiny Chest"},{"floor":9,"key":"Orichalcum"},{"floor":12,"key":"Toxic Egg 2"},{"floor":19,"key":"Red Mask"},{"floor":24,"key":"Dream Catcher"},{"floor":25,"key":"Blood Vial"},{"floor":26,"key":"Centennial Puzzle"},{"floor":31,"key":"Strawberry"},{"floor":41,"key":"Torii"}],"event_choices":[{"damage_healed":0,"gold_gain":0,"player_choice":"Success","damage_taken":3,"relics_obtained":["Pen Nib"],"max_hp_gain":0,"max_hp_loss":0,"event_name":"Scrap Ooze","floor":5,"gold_loss":0},{"damage_healed":0,"gold_gain":0,"player_choice":"Fought Bandits","damage_taken":0,"max_hp_gain":0,"max_hp_loss":0,"event_name":"Masked Bandits","floor":19,"gold_loss":0}],"is_beta":false,"boss_relics":[{"not_picked":["Fusion Hammer","Lizard Tail"],"picked":"Eternal Feather"},{"not_picked":["Runic Pyramid","Mark of Pain"],"picked":"Velvet Choker"}],"items_purged_floors":[20,28,39],"is_endless":false,"potions_floor_spawned":[1,2,7,14,16,18,19,22,31,35,36,44,46],"killed_by":"Shield and Spear","ascension_level":3}