{"gold_per_floor":[363,438,452,33,33,33,58,58,84,110,59,70,100,115,115,217,217,236,246,51,51],"floor_reached":21,"playtime":744,"items_purged":["Strike_R","Strike_R"],"score":246,"play_id":"6cd089ca-8f5d-45af-8b6d-1cb6c4e784bc","local_time":"20190719003016","is_ascension_mode":true,"campfire_choices":[{"data":"Armaments","floor":6,"key":"SMITH"},{"data":"Inflame","floor":8,"key":"SMITH"},{"data":"Feel No Pain","floor":15,"key":"SMITH"}],"neow_cost":"TEN_PERCENT_HP_LOSS","seed_source_timestamp":187574821252900,"circlet_count":0,"master_deck":["Strike_R","Strike_R","Strike_R","Defend_R","Defend_R","Defend_R","Defend_R","Bash","Clothesline","Armaments+1","Inflame+1","Twin Strike","Offering","Heavy Blade","Flex","Hemokinesis","Feel No Pain+1","Second Wind","Dark Embrace","Shrug It Off","Bloodletting+1","Rupture","Havoc"],"relics":["Burning Blood","Matryoshka","Bottled Tornado","Bottled Flame","Happy Flower","Mercury Hourglass","Blue Candle","Philosopher\u0027s Stone"],"potions_floor_usage":[18],"damage_taken":[{"damage":2,"enemies":"Small Slimes","floor":1,"turns":5},{"damage":11,"enemies":"Jaw Worm","floor":3,"turns":4},{"damage":19,"enemies":"Lagavulin","floor":7,"turns":9},{"damage":14,"enemies":"Gremlin Nob","floor":10,"turns":3},{"damage":0,"enemies":"Cultist","floor":12,"turns":2},{"damage":14,"enemies":"3 Sentries","floor":13,"turns":5},{"damage":6,"enemies":"Looter","floor":14,"turns":2},{"damage":16,"enemies":"Slime Boss","floor":16,"turns":9},{"damage":20,"enemies":"2 Thieves","floor":18,"turns":4},{"damage":18,"enemies":"Chosen","floor":19,"turns":3},{"damage":51,"enemies":"Snake Plant","floor":21,"turns":3}],"seed_played":"8100996113704123699","potions_obtained":[{"floor":7,"key":"Block Potion"},{"floor":13,"key":"FairyPotion"},{"floor":14,"key":"LiquidBronze"},{"floor":19,"key":"LiquidBronze"}],"is_trial":false,"path_per_floor":["M","?","M","$","?","R","E","R","T","E","$","M","E","M","R","B",null,"M","M","$","M"],"character_chosen":"IRONCLAD","items_purchased":["Inflame","Matryoshka","Twin Strike","Flex","Rupture","Havoc"],"campfire_rested":0,"item_purchase_floors":[4,4,4,11,20,20],"current_hp_per_floor":[72,61,56,56,56,56,43,43,43,35,35,41,33,33,33,23,60,46,34,34,0],"gold":51,"neow_bonus":"TWO_FIFTY_GOLD","is_prod":false,"is_daily":false,"chose_seed":false,"campfire_upgraded":3,"win_rate":0,"timestamp":1563510616,"path_taken":["M","?","M","$","?","R","E","R","T","E","?","M","E","M","R","BOSS","M","M","$","M"],"build_version":"2019-07-17","purchased_purges":2,"victory":false,"max_hp_per_floor":[72,72,72,72,72,72,72,72,72,72,72,72,72,72,72,72,72,72,72,72,72],"card_choices":[{"not_picked":["Pummel","Entrench"],"picked":"Clothesline","floor":1},{"not_picked":["Warcry","Body Slam"],"picked":"Armaments","floor":3},{"not_picked":["Flex","Fire Breathing"],"picked":"Offering","floor":7},{"not_picked":["Sever Soul","Reckless Charge"],"picked":"Heavy Blade","floor":10},{"not_picked":["Anger","Clash"],"picked":"Hemokinesis","floor":12},{"not_picked":["Heavy Blade","Double Tap"],"picked":"Feel No Pain","floor":13},{"not_picked":["Clash","Power Through"],"picked":"Second Wind","floor":14},{"not_picked":["Fiend Fire","Bludgeon"],"picked":"Dark Embrace","floor":16},{"not_picked":["Burning Pact","Carnage"],"picked":"Shrug It Off","floor":18},{"not_picked":["Warcry","Flex"],"picked":"Bloodletting+1","floor":19}],"player_experience":415079,"relics_obtained":[{"floor":7,"key":"Bottled Tornado"},{"floor":9,"key":"Bottled Flame"},{"floor":9,"key":"Happy Flower"},{"floor":10,"key":"Mercury Hourglass"},{"floor":13,"key":"Blue Candle"}],"event_choices":[{"damage_healed":0,"gold_gain":75,"player_choice":"Gather Gold","damage_taken":11,"max_hp_gain":0,"max_hp_loss":0,"event_name":"World of Goop","floor":2,"gold_loss":0},{"damage_healed":0,"gold_gain":0,"player_choice":"Ignored","damage_taken":0,"max_hp_gain":0,"max_hp_loss":0,"event_name":"Liars Game","floor":5,"gold_loss":0}],"is_beta":false,"boss_relics":[{"not_picked":["Snecko Eye","White Beast Statue"],"picked":"Philosopher\u0027s Stone"}],"items_purged_floors":[4,20],"is_endless":false,"potions_floor_spawned":[7,13,14,19],"killed_by":"Snake Plant","ascension_level":5}