{"gold_per_floor":[111,111,186,136,136,170,170,204,204,204,216,216,60,80,80,185,185,201,72,88,88,104,132,132,167,193,118,118,42,57,73,73,171,171,189,189],"floor_reached":36,"playtime":2046,"items_purged":["Strike_R"],"score":571,"play_id":"400f3c98-e55f-4bbb-9dcc-6e32cd54b5dc","local_time":"20190728114614","is_ascension_mode":true,"campfire_choices":[{"data":"Armaments","floor":7,"key":"SMITH"},{"data":"Bash","floor":10,"key":"SMITH"},{"data":"Dropkick","floor":12,"key":"SMITH"},{"data":"True Grit","floor":15,"key":"SMITH"},{"data":"Berserk","floor":24,"key":"SMITH"},{"data":"Burning Pact","floor":28,"key":"SMITH"},{"floor":32,"key":"REST"}],"neow_cost":"TEN_PERCENT_HP_LOSS","seed_source_timestamp":593122141770800,"circlet_count":0,"master_deck":["Strike_R","Defend_R","Defend_R","Defend_R","Bash+1","Armaments+1","Iron Wave","Dropkick+1","True Grit+1","Uppercut","Shrug It Off","Headbutt","Berserk+1","Shrug It Off","Burning Pact+1","Shrug It Off","Disarm","Feel No Pain","Clothesline+1","Limit Break"],"relics":["Black Blood","StoneCalendar","Mercury Hourglass","Mummified Hand","Art of War","Busted Crown","Ancient Tea Set","Bottled Lightning","PreservedInsect"],"potions_floor_usage":[16,33,33,33],"damage_taken":[{"damage":0,"enemies":"Small Slimes","floor":1,"turns":3},{"damage":30,"enemies":"Lagavulin","floor":6,"turns":7},{"damage":12,"enemies":"3 Sentries","floor":8,"turns":7},{"damage":0,"enemies":"2 Louse","floor":11,"turns":2},{"damage":0,"enemies":"Cultist","floor":14,"turns":3},{"damage":14,"enemies":"Slime Boss","floor":16,"turns":7},{"damage":4,"enemies":"Shell Parasite","floor":18,"turns":5},{"damage":9,"enemies":"2 Thieves","floor":20,"turns":4},{"damage":9,"enemies":"3 Cultists","floor":22,"turns":7},{"damage":18,"enemies":"Book of Stabbing","floor":23,"turns":7},{"damage":21,"enemies":"Slavers","floor":25,"turns":7},{"damage":0,"enemies":"Chosen and Byrds","floor":30,"turns":7},{"damage":14,"enemies":"Snake Plant","floor":31,"turns":4},{"damage":11,"enemies":"Collector","floor":33,"turns":8},{"damage":0,"enemies":"3 Shapes","floor":35,"turns":7},{"damage":88,"enemies":"2 Orb Walkers","floor":36,"turns":4}],"seed_played":"-5394274691933092687","potions_obtained":[{"floor":6,"key":"PowerPotion"},{"floor":14,"key":"Weak Potion"},{"floor":16,"key":"FearPotion"},{"floor":30,"key":"Ancient Potion"},{"floor":31,"key":"Dexterity Potion"},{"floor":33,"key":"Explosive Potion"}],"is_trial":false,"path_per_floor":["M","?","?","?","?","E","R","E","T","R","M","R","$","M","R","B",null,"M","$","M","?","M","E","R","E","T","?","R","$","M","M","R","B",null,"M","?"],"character_chosen":"IRONCLAD","items_purchased":["True Grit","Uppercut","Shrug It Off","Shrug It Off","Feel No Pain"],"campfire_rested":1,"item_purchase_floors":[13,13,13,19,29],"current_hp_per_floor":[72,77,66,66,59,35,35,29,29,29,35,35,35,41,41,33,66,68,68,65,65,62,50,50,35,35,35,35,35,41,33,56,51,71,77,0],"gold":189,"neow_bonus":"ONE_RARE_RELIC","is_prod":false,"is_daily":false,"chose_seed":false,"campfire_upgraded":6,"win_rate":0,"timestamp":1564328774,"path_taken":["M","?","?","?","?","E","R","E","T","R","M","R","$","M","R","BOSS","M","$","M","?","?","E","R","E","T","?","R","$","M","M","R","BOSS","M","?"],"build_version":"2019-07-17","purchased_purges":1,"victory":false,"max_hp_per_floor":[72,77,77,77,77,77,77,77,77,77,77,77,77,77,77,77,77,77,77,77,77,77,77,77,77,77,77,77,77,77,77,77,77,77,77,77],"card_choices":[{"not_picked":["Dropkick","Body Slam"],"picked":"Armaments","floor":1},{"not_picked":["Reckless Charge","Body Slam"],"picked":"Iron Wave","floor":6},{"not_picked":["Rupture","Havoc","Clash"],"picked":"SKIP","floor":8},{"not_picked":["Armaments","Body Slam"],"picked":"Dropkick","floor":11},{"not_picked":["Body Slam","Clothesline"],"picked":"Headbutt","floor":14},{"not_picked":["Fiend Fire","Exhume"],"picked":"Berserk","floor":16},{"not_picked":["Clothesline"],"picked":"SKIP","floor":18},{"not_picked":["Flex"],"picked":"SKIP","floor":20},{"not_picked":[],"picked":"Shrug It Off","floor":22},{"not_picked":[],"picked":"Disarm","floor":23},{"not_picked":["Perfected Strike+1"],"picked":"SKIP","floor":25},{"not_picked":["Flex"],"picked":"SKIP","floor":30},{"not_picked":[],"picked":"Clothesline+1","floor":31},{"not_picked":[],"picked":"Limit Break","floor":33},{"not_picked":["Uppercut"],"picked":"SKIP","floor":35}],"player_experience":561537,"relics_obtained":[{"floor":6,"key":"Mercury Hourglass"},{"floor":8,"key":"Mummified Hand"},{"floor":9,"key":"Art of War"},{"floor":23,"key":"Ancient Tea Set"},{"floor":25,"key":"Bottled Lightning"},{"floor":26,"key":"PreservedInsect"}],"event_choices":[{"damage_healed":0,"gold_gain":0,"player_choice":"Donut","damage_taken":0,"max_hp_gain":5,"max_hp_loss":0,"event_name":"Big Fish","floor":2,"gold_loss":0},{"damage_healed":0,"gold_gain":75,"player_choice":"Gather Gold","damage_taken":11,"max_hp_gain":0,"max_hp_loss":0,"event_name":"World of Goop","floor":3,"gold_loss":0},{"cards_removed":["Strike_R"],"damage_healed":0,"gold_gain":0,"player_choice":"Card Removal","damage_taken":0,"max_hp_gain":0,"max_hp_loss":0,"event_name":"The Cleric","floor":4,"gold_loss":50},{"cards_removed":["Defend_R"],"damage_healed":0,"gold_gain":0,"player_choice":"Card Removal","damage_taken":7,"max_hp_gain":0,"max_hp_loss":0,"event_name":"Golden Wing","floor":5,"gold_loss":0},{"damage_healed":0,"gold_gain":0,"cards_transformed":["Strike_R"],"player_choice":"Transformed","damage_taken":0,"max_hp_gain":0,"max_hp_loss":0,"event_name":"Transmorgrifier","floor":21,"gold_loss":0,"cards_obtained":["Burning Pact"]},{"cards_removed":["Strike_R"],"damage_healed":0,"gold_gain":0,"player_choice":"Gave Gold","damage_taken":0,"max_hp_gain":0,"max_hp_loss":0,"event_name":"Beggar","floor":27,"gold_loss":75},{"damage_healed":0,"gold_gain":0,"player_choice":"Fight","damage_taken":0,"max_hp_gain":0,"max_hp_loss":0,"event_name":"Mysterious Sphere","floor":36,"gold_loss":0}],"is_beta":false,"boss_relics":[{"not_picked":["Empty Cage","Orrery"],"picked":"Busted Crown"},{"not_picked":["Astrolabe","Lizard Tail"],"picked":"Black Blood"}],"items_purged_floors":[19],"is_endless":false,"potions_floor_spawned":[6,14,16,30,31,33],"killed_by":"2 Orb Walkers","ascension_level":8}