{"gold_per_floor":[115,41,41,41,57,57,74,74,74,103,103,103,103,9,9,109,109,126,126,145,47,64,64,0,0,25,25,38,49,63,83,83,184,184,201,101,113,125,125,125,144,118,118,118,118,118,118,135,135,135],"floor_reached":50,"playtime":4876,"items_purged":["Strike_G","Strike_G"],"score":465,"play_id":"e9a99d42-48e7-4902-8c61-448ace10f539","local_time":"20180627192059","is_ascension_mode":false,"campfire_choices":[{"data":"Caltrops","floor":6,"key":"SMITH"},{"data":"Noxious Fumes","floor":8,"key":"SMITH"},{"floor":13,"key":"REST"},{"floor":15,"key":"REST"},{"data":"Footwork","floor":23,"key":"SMITH"},{"floor":25,"key":"REST"},{"floor":32,"key":"REST"},{"data":"Malaise","floor":40,"key":"SMITH"},{"floor":44,"key":"REST"},{"floor":47,"key":"REST"},{"floor":49,"key":"REST"}],"neow_cost":"NONE","seed_source_timestamp":748123920943560,"circlet_count":0,"master_deck":["Defend_G","Defend_G","Defend_G","Defend_G","Survivor","Neutralize+1","Terror","Caltrops+1","Noxious Fumes+1","Bane","Neutralize","Footwork+1","Dodge and Roll","Tools of the Trade","Reflex","Bane","Backstab+1","Dodge and Roll","Malaise+1","Dodge and Roll+1","Escape Plan+1","Dagger Spray+1","Bane+1","Backflip","Backstab+1"],"relics":["Ring of the Snake","Question Card","Shuriken","Sozu","Lantern","Empty Cage","Frozen Egg 2","Whetstone","Du-Vu Doll"],"potions_floor_usage":[16,33,33,50],"damage_taken":[{"damage":0,"enemies":"Small Slimes","floor":1,"turns":4},{"damage":0,"enemies":"Jaw Worm","floor":5,"turns":4},{"damage":7,"enemies":"Cultist","floor":7,"turns":5},{"damage":53,"enemies":"Gremlin Nob","floor":10,"turns":5},{"damage":20,"enemies":"Slime Boss","floor":16,"turns":8},{"damage":12,"enemies":"Spheric Guardian","floor":18,"turns":6},{"damage":2,"enemies":"Shell Parasite","floor":20,"turns":5},{"damage":2,"enemies":"Centurion and Healer","floor":22,"turns":6},{"damage":14,"enemies":"Sentry and Sphere","floor":28,"turns":6},{"damage":20,"enemies":"Snake Plant","floor":29,"turns":3},{"damage":8,"enemies":"Centurion and Healer","floor":30,"turns":7},{"damage":8,"enemies":"3 Cultists","floor":31,"turns":5},{"damage":15,"enemies":"Automaton","floor":33,"turns":11},{"damage":3,"enemies":"Orb Walker","floor":35,"turns":4},{"damage":5,"enemies":"3 Darklings","floor":37,"turns":7},{"damage":63,"enemies":"4 Shapes","floor":38,"turns":6},{"damage":25,"enemies":"Sphere and 2 Shapes","floor":41,"turns":7},{"damage":13,"floor":46,"turns":6},{"damage":19,"enemies":"3 Darklings","floor":48,"turns":7},{"damage":66,"enemies":"Awakened One","floor":50,"turns":19}],"seed_played":"-3489429809785029096","potions_obtained":[{"floor":10,"key":"Dexterity Potion"},{"floor":16,"key":"Energy Potion"}],"is_trial":false,"path_per_floor":["M","$","?","?","M","R","M","R","T","E","?","?","R","$","R","B",null,"M","?","M","$","M","R","?","R","T","?","M","M","M","M","R","B",null,"M","$","M","M","?","R","M","$","T","R","T","?","R","M","R"],"character_chosen":"THE_SILENT","items_purchased":["Terror","Footwork","Dodge and Roll","Bane","Backflip"],"campfire_rested":7,"item_purchase_floors":[2,14,14,21,42],"current_hp_per_floor":[70,70,70,75,75,75,68,68,68,15,15,15,37,37,59,39,75,63,63,61,61,59,59,59,75,75,59,45,25,17,9,31,16,75,72,72,67,4,66,66,41,41,41,60,60,47,66,47,66,0],"gold":135,"neow_bonus":"THREE_SMALL_POTIONS","is_prod":false,"is_daily":false,"chose_seed":false,"campfire_upgraded":4,"win_rate":0,"timestamp":1530123659,"path_taken":["M","$","?","?","M","R","?","R","T","E","?","?","R","?","R","BOSS","M","?","M","$","M","R","?","R","T","?","M","M","?","M","R","BOSS","M","$","M","?","?","R","M","$","T","R","?","?","R","?","R","BOSS"],"build_version":"2018-06-21v2","purchased_purges":2,"victory":false,"max_hp_per_floor":[70,70,70,75,75,75,75,75,75,75,75,75,75,75,75,75,75,75,75,75,75,75,75,75,75,75,75,75,75,75,75,75,75,75,75,75,75,75,66,66,66,66,66,66,66,66,66,66,66,66],"card_choices":[{"not_picked":["Acrobatics","Poisoned Stab","Dodge and Roll"],"picked":"SKIP","floor":1},{"not_picked":["Deflect","Dodge and Roll"],"picked":"Caltrops","floor":5},{"not_picked":["Cloak And Dagger","Expertise"],"picked":"Noxious Fumes","floor":7},{"not_picked":["Sucker Punch","Night Terror","Infinite Blades"],"picked":"Bane","floor":10},{"not_picked":["After Image","Bullet Time","Night Terror"],"picked":"Tools of the Trade","floor":16},{"not_picked":["Finisher","Acrobatics","Flechettes","Deflect"],"picked":"SKIP","floor":18},{"not_picked":["Finisher","Bouncing Flask","Heel Hook"],"picked":"Reflex","floor":20},{"not_picked":["Endless Agony","Caltrops","Outmaneuver+1"],"picked":"Backstab+1","floor":22},{"not_picked":["Terror","Caltrops","Sucker Punch","Skewer"],"picked":"SKIP","floor":28},{"not_picked":["Outmaneuver","Riddle With Holes","Underhanded Strike"],"picked":"Dodge and Roll","floor":29},{"not_picked":["Deadly Poison","Masterful Stab+1","Flying Knee"],"picked":"Malaise","floor":30},{"not_picked":["PiercingWail+1","Prepared","Deflect","Underhanded Strike"],"picked":"SKIP","floor":31},{"not_picked":["Dagger Throw","Deadly Poison+1","Expertise+1"],"picked":"Dodge and Roll+1","floor":35},{"not_picked":["Dagger Throw+1","Bane+1","Blade Dance+1"],"picked":"Escape Plan+1","floor":37},{"not_picked":["Deflect+1","Phantasmal Killer","Noxious Fumes"],"picked":"Dagger Spray","floor":38},{"not_picked":["Acrobatics+1","Dagger Spray+1","Terror+1"],"picked":"Bane+1","floor":41},{"not_picked":["Endless Agony","Dodge and Roll","Poisoned Stab"],"picked":"Backstab+1","floor":46},{"not_picked":["Prepared+1","Cloak And Dagger+1","Distraction","Poisoned Stab+1"],"picked":"SKIP","floor":48}],"player_experience":179335,"relics_obtained":[{"floor":9,"key":"Question Card"},{"floor":10,"key":"Shuriken"},{"floor":26,"key":"Lantern"},{"floor":43,"key":"Frozen Egg 2"},{"floor":45,"key":"Whetstone"},{"floor":46,"key":"Du-Vu Doll"}],"event_choices":[{"event_name":"Living Wall","player_choice":"Forget","floor":3,"damage_taken":0},{"event_name":"Big Fish","player_choice":"Donut","floor":4,"damage_taken":0},{"event_name":"Match and Keep!","player_choice":"1 cards matched","floor":11,"damage_taken":0},{"event_name":"Golden Wing","player_choice":"Ignored","floor":12,"damage_taken":0},{"event_name":"Back to Basics","player_choice":"Elegance","floor":19,"damage_taken":0},{"event_name":"Masked Bandits","player_choice":"Paid Bandits 64 gold","floor":24,"damage_taken":0},{"event_name":"Cursed Tome","player_choice":"Obtained Book","floor":27,"damage_taken":0},{"event_name":"The Moai Head","player_choice":"Heal","floor":39,"damage_taken":0},{"event_name":"MindBloom","player_choice":"Fight","floor":46,"damage_taken":0}],"boss_relics":[{"not_picked":["Black Star","Snecko Eye"],"picked":"Sozu"},{"not_picked":["Runic Dome","Velvet Choker"],"picked":"Empty Cage"}],"items_purged_floors":[21,36],"is_endless":false,"potions_floor_spawned":[5,10,16,28,30,33,35,46],"killed_by":"Awakened One","ascension_level":0}