{"gold_per_floor":[110,110,125,46,59,59,71,103,155,155,168,185,41,52,52,52],"floor_reached":16,"playtime":1350,"items_purged":["Strike_G"],"score":104,"play_id":"877085b7-8531-4446-86d5-4377dcd6960f","local_time":"20180627230657","is_ascension_mode":false,"campfire_choices":[{"data":"Footwork","floor":6,"key":"SMITH"},{"floor":10,"key":"REST"},{"data":"Footwork","floor":15,"key":"SMITH"}],"neow_cost":"NONE","seed_source_timestamp":765516786374094,"circlet_count":0,"master_deck":["Defend_G","Defend_G","Defend_G","Defend_G","Defend_G","Strike_G","Strike_G","Strike_G","Strike_G","Survivor","Neutralize","Dagger Throw","Sucker Punch","Footwork+1","Footwork+1","Backflip","Dodge and Roll","Escape Plan"],"relics":["Ring of the Snake","Matryoshka","Lantern","Orichalcum"],"potions_floor_usage":[8,16,16],"damage_taken":[{"damage":0,"enemies":"2 Louse","floor":1,"turns":4},{"damage":0,"enemies":"Small Slimes","floor":3,"turns":4},{"damage":0,"enemies":"Cultist","floor":5,"turns":4},{"damage":0,"enemies":"Exordium Thugs","floor":7,"turns":5},{"damage":40,"enemies":"Lagavulin","floor":8,"turns":10},{"damage":0,"enemies":"3 Louse","floor":11,"turns":4},{"damage":0,"enemies":"Looter","floor":12,"turns":5},{"damage":0,"enemies":"Large Slime","floor":14,"turns":6},{"damage":42,"enemies":"Hexaghost","floor":16,"turns":23}],"seed_played":"-2934425824036348752","potions_obtained":[{"floor":3,"key":"PowerPotion"},{"floor":7,"key":"Dexterity Potion"},{"floor":8,"key":"Explosive Potion"},{"floor":14,"key":"AttackPotion"}],"is_trial":false,"path_per_floor":["M","$","M","$","M","R","M","E","T","R","M","M","$","M","R"],"character_chosen":"THE_SILENT","items_purchased":["Footwork","Backflip","Dodge and Roll"],"campfire_rested":1,"item_purchase_floors":[4,13,13],"current_hp_per_floor":[77,77,77,77,77,77,77,37,37,60,60,60,60,60,60,18],"gold":52,"neow_bonus":"TEN_PERCENT_HP_BONUS","is_prod":false,"is_daily":false,"chose_seed":false,"campfire_upgraded":2,"win_rate":0,"timestamp":1530137217,"path_taken":["M","$","M","$","M","R","M","E","T","R","M","M","$","M","R","BOSS"],"build_version":"2018-06-21v2","purchased_purges":1,"victory":false,"max_hp_per_floor":[77,77,77,77,77,77,77,77,77,77,77,77,77,77,77,77],"card_choices":[{"not_picked":["Cloak And Dagger","Deadly Poison"],"picked":"Dagger Throw","floor":1},{"not_picked":["Slice","Masterful Stab"],"picked":"Sucker Punch","floor":3},{"not_picked":["PiercingWail","Slice","Heel Hook"],"picked":"SKIP","floor":5},{"not_picked":["Poisoned Stab","Cloak And Dagger","Deflect"],"picked":"SKIP","floor":7},{"not_picked":["Riddle With Holes","Dash"],"picked":"Footwork","floor":8},{"not_picked":["Sucker Punch","Deflect","Skewer"],"picked":"SKIP","floor":11},{"not_picked":["Sucker Punch","Deflect","Skewer"],"picked":"SKIP","floor":11},{"not_picked":["Endless Agony","Heel Hook","Underhanded Strike"],"picked":"SKIP","floor":12},{"not_picked":["Accuracy","Backstab"],"picked":"Escape Plan","floor":14}],"player_experience":196254,"relics_obtained":[{"floor":8,"key":"Matryoshka"},{"floor":9,"key":"Lantern"},{"floor":9,"key":"Orichalcum"}],"event_choices":[],"boss_relics":[],"items_purged_floors":[13],"is_endless":false,"potions_floor_spawned":[3,7,8,14],"killed_by":"Hexaghost","ascension_level":0}