{"gold_per_floor":[111,111,111,124,139,139,152,152,176,23,40,73,85,172,184,291,303,327,322,124,141,66,66,82,82,82,82,114,127,127,146,146,248,248,262,262,262,276,287,287,304,304,304,101,112,212,223,248,248,248],"floor_reached":51,"playtime":4558,"items_purged":["Strike_G","Strike_G","Strike_G"],"score":1186,"play_id":"884d847e-7f28-4f6f-a7fb-0405512a8e20","local_time":"20190725120834","is_ascension_mode":true,"campfire_choices":[{"data":"Deadly Poison","floor":6,"key":"SMITH"},{"data":"Dagger Spray","floor":8,"key":"SMITH"},{"data":"Noxious Fumes","floor":15,"key":"SMITH"},{"data":"Burst","floor":23,"key":"SMITH"},{"data":"Footwork","floor":25,"key":"SMITH"},{"data":"Adrenaline","floor":30,"key":"SMITH"},{"data":"Catalyst","floor":32,"key":"SMITH"},{"data":"Malaise","floor":40,"key":"SMITH"},{"data":"Well Laid Plans","floor":42,"key":"SMITH"},{"data":"Night Terror","floor":49,"key":"SMITH"}],"neow_cost":"PERCENT_DAMAGE","seed_source_timestamp":332729832025000,"circlet_count":0,"master_deck":["AscendersBane","Defend_G","Defend_G","Defend_G","Defend_G","Survivor","Neutralize+1","Backflip","Dagger Spray+1","Deadly Poison+1","Deflect","Noxious Fumes+1","Adrenaline+1","Burst+1","Cloak And Dagger","Acrobatics","Well Laid Plans+1","Catalyst+1","Acrobatics+1","Footwork+1","Footwork+1","Acrobatics+1","Malaise+1","Prepared+1","Acrobatics+1","PiercingWail","Night Terror+1","Tactician+1"],"relics":["Ring of the Snake","Blood Vial","MawBank","Philosopher\u0027s Stone","Snake Skull","Smiling Mask","Eternal Feather","Sundial","Boot","Peace Pipe","Toxic Egg 2"],"potions_floor_usage":[12,16,28,35],"damage_taken":[{"damage":0,"enemies":"Jaw Worm","floor":1,"turns":4},{"damage":0,"enemies":"Small Slimes","floor":4,"turns":4},{"damage":0,"enemies":"2 Louse","floor":5,"turns":3},{"damage":4,"enemies":"Large Slime","floor":7,"turns":7},{"damage":0,"enemies":"Looter","floor":11,"turns":4},{"damage":26,"enemies":"Gremlin Nob","floor":12,"turns":4},{"damage":31,"enemies":"Slime Boss","floor":16,"turns":11},{"damage":7,"enemies":"3 Byrds","floor":18,"turns":4},{"damage":7,"enemies":"2 Thieves","floor":19,"turns":5},{"damage":2,"enemies":"Chosen and Byrds","floor":21,"turns":6},{"damage":0,"enemies":"Snecko","floor":24,"turns":4},{"damage":17,"enemies":"Slavers","floor":28,"turns":6},{"damage":8,"enemies":"Sentry and Sphere","floor":29,"turns":5},{"damage":2,"enemies":"Centurion and Healer","floor":31,"turns":5},{"damage":4,"enemies":"Automaton","floor":33,"turns":9},{"damage":26,"enemies":"3 Shapes","floor":35,"turns":4},{"damage":0,"enemies":"Orb Walker","floor":38,"turns":5},{"damage":0,"enemies":"Transient","floor":39,"turns":5},{"damage":0,"enemies":"Spire Growth","floor":41,"turns":6},{"damage":7,"enemies":"Writhing Mass","floor":45,"turns":4},{"damage":0,"enemies":"Mind Bloom Boss Battle","floor":46,"turns":2},{"damage":0,"enemies":"Jaw Worm Horde","floor":47,"turns":3},{"damage":0,"enemies":"Giant Head","floor":48,"turns":4},{"damage":0,"enemies":"Awakened One","floor":50,"turns":9}],"seed_played":"-5726213825757778446","potions_obtained":[{"floor":1,"key":"Fire Potion"},{"floor":7,"key":"PowerPotion"},{"floor":12,"key":"Energy Potion"},{"floor":18,"key":"LiquidBronze"},{"floor":21,"key":"PowerPotion"},{"floor":33,"key":"AttackPotion"},{"floor":39,"key":"GhostInAJar"},{"floor":45,"key":"Regen Potion"}],"is_trial":false,"path_per_floor":["M","?","?","M","M","R","M","R","T","$","M","E","$","?","R","B",null,"M","M","$","M","?","R","M","R","T","?","E","M","R","M","R","B",null,"M","?","T","M","M","R","M","R","T","$","M","?","M","E","R","B",null],"character_chosen":"THE_SILENT","items_purchased":["Noxious Fumes","Well Laid Plans","Catalyst","Night Terror"],"campfire_rested":0,"item_purchase_floors":[10,20,20,44],"current_hp_per_floor":[45,68,68,68,68,68,64,64,64,64,66,42,42,31,31,2,53,48,43,43,43,43,43,45,45,45,45,30,24,24,24,24,22,58,34,34,34,36,38,53,55,70,70,70,63,65,67,69,70,70],"gold":248,"neow_bonus":"REMOVE_TWO","is_prod":false,"is_daily":false,"chose_seed":false,"campfire_upgraded":10,"win_rate":0,"timestamp":1564070914,"path_taken":["M","?","?","M","M","R","M","R","T","$","M","E","?","?","R","BOSS","M","M","$","M","?","R","M","R","T","?","E","?","R","M","R","BOSS","M","?","?","M","?","R","M","R","T","$","M","?","M","E","R","BOSS"],"build_version":"2019-07-17","purchased_purges":3,"victory":true,"max_hp_per_floor":[70,70,70,70,70,70,70,70,70,70,70,70,70,70,70,70,70,70,70,70,70,70,70,70,70,70,70,70,70,70,70,70,70,70,70,70,70,70,70,70,70,70,70,70,70,70,70,70,70,70],"card_choices":[{"not_picked":["Finisher","Concentrate"],"picked":"Backflip","floor":1},{"not_picked":["Concentrate","Escape Plan"],"picked":"Dagger Spray","floor":4},{"not_picked":["Cloak And Dagger","Dagger Spray"],"picked":"Deadly Poison","floor":5},{"not_picked":["Dagger Throw","Escape Plan"],"picked":"Deflect","floor":7},{"not_picked":["Reflex","Choke","Distraction"],"picked":"SKIP","floor":11},{"not_picked":["Grand Finale","Slice"],"picked":"Adrenaline","floor":12},{"not_picked":["Glass Knife","Adrenaline"],"picked":"Burst","floor":16},{"not_picked":["Underhanded Strike+1","Flying Knee"],"picked":"Cloak And Dagger","floor":18},{"not_picked":["Crippling Poison","Noxious Fumes+1"],"picked":"Acrobatics","floor":19},{"not_picked":["Backstab","Underhanded Strike+1"],"picked":"Acrobatics+1","floor":21},{"not_picked":["Poisoned Stab","Backflip"],"picked":"Footwork","floor":24},{"not_picked":["Expertise","Bane+1","Terror"],"picked":"SKIP","floor":28},{"not_picked":["Bane+1","Terror"],"picked":"Acrobatics+1","floor":29},{"not_picked":["Deadly Poison","Cloak And Dagger","Deflect"],"picked":"SKIP","floor":31},{"not_picked":["Envenom","Adrenaline"],"picked":"Malaise","floor":33},{"not_picked":["Poisoned Stab","Deflect"],"picked":"Prepared+1","floor":35},{"not_picked":["PiercingWail+1","Flying Knee"],"picked":"Acrobatics+1","floor":38},{"not_picked":["Cloak And Dagger","Poisoned Stab+1"],"picked":"PiercingWail","floor":39},{"not_picked":["Phantasmal Killer","Poisoned Stab","Deflect"],"picked":"SKIP","floor":41},{"not_picked":["Deflect","Prepared"],"picked":"Tactician+1","floor":45},{"not_picked":["Caltrops","Backflip","Well Laid Plans"],"picked":"SKIP","floor":47},{"not_picked":["Riddle With Holes","PiercingWail","Phantasmal Killer"],"picked":"SKIP","floor":48}],"player_experience":505498,"relics_obtained":[{"floor":9,"key":"Blood Vial"},{"floor":12,"key":"MawBank"},{"floor":26,"key":"Snake Skull"},{"floor":28,"key":"Smiling Mask"},{"floor":37,"key":"Sundial"},{"floor":43,"key":"Boot"},{"floor":46,"key":"Peace Pipe"},{"floor":48,"key":"Toxic Egg 2"}],"event_choices":[{"damage_healed":23,"gold_gain":0,"player_choice":"Banana","damage_taken":0,"max_hp_gain":0,"max_hp_loss":0,"event_name":"Big Fish","floor":2,"gold_loss":0},{"damage_healed":0,"gold_gain":0,"player_choice":"Grow","damage_taken":0,"max_hp_gain":0,"max_hp_loss":0,"event_name":"Living Wall","floor":3,"gold_loss":0,"cards_upgraded":["Neutralize"]},{"damage_healed":0,"gold_gain":75,"player_choice":"Gather Gold","damage_taken":11,"max_hp_gain":0,"max_hp_loss":0,"event_name":"World of Goop","floor":14,"gold_loss":0},{"cards_removed":["Strike_G"],"damage_healed":0,"gold_gain":0,"player_choice":"Gave Gold","damage_taken":0,"max_hp_gain":0,"max_hp_loss":0,"event_name":"Beggar","floor":22,"gold_loss":75},{"damage_healed":0,"gold_gain":0,"player_choice":"Copied","damage_taken":0,"max_hp_gain":0,"max_hp_loss":0,"event_name":"Duplicator","floor":27,"gold_loss":0,"cards_obtained":["Footwork"]},{"damage_healed":0,"gold_gain":0,"player_choice":"Ignored","damage_taken":0,"max_hp_gain":0,"max_hp_loss":0,"event_name":"Tomb of Lord Red Mask","floor":36,"gold_loss":0},{"damage_healed":0,"gold_gain":0,"player_choice":"Fight","damage_taken":0,"max_hp_gain":0,"max_hp_loss":0,"event_name":"MindBloom","floor":46,"gold_loss":0}],"is_beta":false,"boss_relics":[{"not_picked":["HoveringKite","Fusion Hammer"],"picked":"Philosopher\u0027s Stone"},{"not_picked":["Ring of the Serpent","Coffee Dripper"],"picked":"Eternal Feather"}],"items_purged_floors":[10,20,44],"is_endless":false,"potions_floor_spawned":[1,7,12,18,21,33,39,45,47,48],"ascension_level":10}