{"gold_per_floor":[13,27,40,40,115,149,149,173,244,244,259,273,286,311,311,437,437,458,458,442,455,455,480,480,493,493,518,518,518,16,32,32,160,160,175,175,193,207,220,220,234,120,120,140,140,165,205,205,205,205],"floor_reached":51,"playtime":10671,"items_purged":[],"score":689,"play_id":"5e6ba403-d918-4ad0-8cea-117e74fcc458","local_time":"20190814162048","is_ascension_mode":false,"campfire_choices":[{"floor":7,"key":"REST"},{"floor":10,"key":"REST"},{"data":"Corruption","floor":15,"key":"SMITH"},{"data":"Disarm","floor":24,"key":"SMITH"},{"data":"Shockwave","floor":28,"key":"SMITH"},{"data":"Disarm","floor":32,"key":"SMITH"},{"data":"Evolve","floor":40,"key":"SMITH"},{"floor":49,"key":"REST"}],"neow_cost":"NO_GOLD","seed_source_timestamp":267473570979470,"circlet_count":0,"master_deck":["Defend_R","Defend_R","Defend_R","Defend_R","Bash","Feed","Shockwave+1","Shrug It Off","Corruption+1","Perfected Strike+1","Disarm+1","Demon Form","Disarm+1","Entrench","Bite+1","Bite","Bite","Bite","Bite","Shrug It Off","Carnage","Evolve+1","Juggernaut","Shrug It Off","Burning Pact","Havoc","Battle Trance","Impervious","Armaments","Flame Barrier+1","Armaments","Dropkick+1","Entrench","Armaments+1","Discovery+1"],"relics":["Burning Blood","Golden Idol","Champion Belt","The Courier","Velvet Choker","Dodecahedron","Ancient Tea Set","Self Forming Clay","Sozu","Whetstone","Question Card","Happy Flower","Toxic Egg 2"],"potions_floor_usage":[8,12,13,25,31,33,46],"damage_taken":[{"damage":0,"enemies":"Cultist","floor":1,"turns":4},{"damage":1,"enemies":"Jaw Worm","floor":2,"turns":4},{"damage":0,"enemies":"2 Louse","floor":3,"turns":3},{"damage":44,"enemies":"3 Sentries","floor":6,"turns":12},{"damage":14,"enemies":"Large Slime","floor":8,"turns":7},{"damage":12,"enemies":"Lots of Slimes","floor":11,"turns":7},{"damage":0,"enemies":"Blue Slaver","floor":12,"turns":5},{"damage":2,"enemies":"3 Louse","floor":13,"turns":6},{"damage":28,"enemies":"Exordium Thugs","floor":14,"turns":5},{"damage":75,"enemies":"The Guardian","floor":16,"turns":20},{"damage":29,"enemies":"3 Byrds","floor":18,"turns":6},{"damage":16,"enemies":"2 Thieves","floor":20,"turns":4},{"damage":38,"enemies":"Centurion and Healer","floor":21,"turns":9},{"damage":25,"enemies":"3 Cultists","floor":23,"turns":7},{"damage":18,"enemies":"Chosen and Byrds","floor":25,"turns":7},{"damage":17,"enemies":"Centurion and Healer","floor":27,"turns":7},{"damage":12,"enemies":"Snake Plant","floor":31,"turns":5},{"damage":32,"enemies":"Collector","floor":33,"turns":11},{"damage":8,"enemies":"Orb Walker","floor":35,"turns":5},{"damage":18,"enemies":"3 Darklings","floor":37,"turns":6},{"damage":5,"enemies":"Writhing Mass","floor":38,"turns":7},{"damage":13,"enemies":"Maw","floor":39,"turns":9},{"damage":10,"enemies":"Transient","floor":41,"turns":5},{"damage":28,"enemies":"Spire Growth","floor":44,"turns":8},{"damage":6,"enemies":"3 Darklings","floor":46,"turns":6},{"damage":54,"enemies":"Reptomancer","floor":47,"turns":11},{"damage":89,"enemies":"Awakened One","floor":50,"turns":15}],"seed_played":"6599270616944206061","potions_obtained":[{"floor":6,"key":"Explosive Potion"},{"floor":11,"key":"Fire Potion"},{"floor":12,"key":"BloodPotion"},{"floor":13,"key":"FairyPotion"},{"floor":21,"key":"Explosive Potion"},{"floor":23,"key":"BloodPotion"},{"floor":27,"key":"EssenceOfSteel"},{"floor":33,"key":"Energy Potion"}],"is_trial":false,"path_per_floor":["M","M","M","?","?","E","R","M","T","R","M","M","M","M","R","B",null,"M","?","M","M","?","M","R","M","T","M","R","?","$","M","R","B",null,"M","$","M","M","M","R","M","$","T","M","T","M","E","?","R","B",null],"character_chosen":"IRONCLAD","items_purchased":["Self Forming Clay","Evolve","Juggernaut","Shrug It Off","Burning Pact","Havoc","Whetstone"],"campfire_rested":3,"item_purchase_floors":[30,30,30,30,30,30,42],"current_hp_per_floor":[83,86,86,65,54,16,41,36,36,62,59,68,98,79,79,13,104,84,84,77,48,48,48,48,77,77,88,88,88,88,88,88,88,88,88,88,84,88,91,91,91,91,91,73,73,88,61,61,88,36],"gold":205,"neow_bonus":"THREE_RARE_CARDS","is_prod":false,"is_daily":false,"chose_seed":false,"campfire_upgraded":5,"win_rate":0.0,"timestamp":1565796048,"path_taken":["M","?","M","?","?","E","R","M","T","R","M","M","M","M","R","BOSS","M","?","?","M","?","M","R","M","T","M","R","?","$","?","R","BOSS","M","?","M","M","M","R","M","$","T","M","?","M","E","?","R","BOSS"],"build_version":"2019-07-17","purchased_purges":0,"victory":true,"max_hp_per_floor":[83,86,86,86,86,86,86,89,89,89,92,95,98,101,101,104,104,107,107,110,113,79,82,82,85,85,88,88,88,88,88,88,88,88,88,88,88,88,91,91,91,91,91,91,91,91,91,91,91,91],"card_choices":[{"not_picked":["Dark Embrace","Limit Break"],"picked":"Feed","floor":0},{"not_picked":["Warcry","True Grit","Second Wind"],"picked":"SKIP","floor":1},{"not_picked":["Shrug It Off","True Grit"],"picked":"Shockwave","floor":2},{"not_picked":["Cleave","Ghostly Armor"],"picked":"Shrug It Off","floor":3},{"not_picked":["Twin Strike","Evolve","Cleave"],"picked":"SKIP","floor":6},{"not_picked":["True Grit","Iron Wave","Cleave"],"picked":"SKIP","floor":8},{"not_picked":["Bloodletting","Reckless Charge"],"picked":"Corruption","floor":11},{"not_picked":["Clothesline","Second Wind"],"picked":"Perfected Strike","floor":12},{"not_picked":["Body Slam","Second Wind","Havoc"],"picked":"SKIP","floor":13},{"not_picked":["Carnage","Ghostly Armor"],"picked":"Disarm","floor":14},{"not_picked":["Barricade","Limit Break"],"picked":"Demon Form","floor":16},{"not_picked":["Rampage","Havoc","Flex"],"picked":"SKIP","floor":18},{"not_picked":["Headbutt","Rage"],"picked":"Entrench","floor":20},{"not_picked":["Cleave","Flex","Hemokinesis"],"picked":"SKIP","floor":21},{"not_picked":["Cleave","Power Through","Seeing Red"],"picked":"SKIP","floor":23},{"not_picked":["Reckless Charge+1","Clash"],"picked":"Shrug It Off","floor":25},{"not_picked":["Iron Wave","Pommel Strike+1"],"picked":"Carnage","floor":27},{"not_picked":["Fire Breathing","Thunderclap"],"picked":"Battle Trance","floor":31},{"not_picked":["Demon Form","Berserk"],"picked":"Impervious","floor":33},{"not_picked":["Clothesline","Wild Strike+1"],"picked":"Armaments","floor":35},{"not_picked":["Thunderclap","Dropkick"],"picked":"Flame Barrier+1","floor":37},{"not_picked":["Shrug It Off","Pommel Strike"],"picked":"Armaments","floor":38},{"not_picked":["Flex","True Grit","Sword Boomerang"],"picked":"SKIP","floor":39},{"not_picked":["Exhume","Havoc+1"],"picked":"Dropkick+1","floor":41},{"not_picked":["Thunderclap","Wild Strike+1","Dropkick"],"picked":"Entrench","floor":44},{"not_picked":["Searing Blow+1","Headbutt","Hemokinesis"],"picked":"Armaments+1","floor":46},{"not_picked":["Fire Breathing","Headbutt+1","Warcry","Havoc"],"picked":"SKIP","floor":47},{"not_picked":["Madness+1","Forethought+1","Finesse+1"],"picked":"Discovery+1","floor":48}],"player_experience":343696,"relics_obtained":[{"floor":6,"key":"Champion Belt"},{"floor":9,"key":"The Courier"},{"floor":26,"key":"Dodecahedron"},{"floor":43,"key":"Question Card"},{"floor":45,"key":"Happy Flower"},{"floor":47,"key":"Toxic Egg 2"}],"event_choices":[{"damage_healed":0,"gold_gain":0,"player_choice":"Take Damage","damage_taken":21,"relics_obtained":["Golden Idol"],"max_hp_gain":0,"max_hp_loss":0,"event_name":"Golden Idol","floor":4,"gold_loss":0},{"damage_healed":0,"gold_gain":75,"player_choice":"Gather Gold","damage_taken":11,"max_hp_gain":0,"max_hp_loss":0,"event_name":"World of Goop","floor":5,"gold_loss":0},{"damage_healed":0,"gold_gain":0,"player_choice":"Copied","damage_taken":0,"max_hp_gain":0,"max_hp_loss":0,"event_name":"Duplicator","floor":19,"gold_loss":0,"cards_obtained":["Disarm"]},{"damage_healed":0,"gold_gain":0,"player_choice":"Became a vampire","damage_taken":0,"max_hp_gain":0,"max_hp_loss":34,"event_name":"Vampires","floor":22,"gold_loss":0,"cards_obtained":["Bite","Bite","Bite","Bite","Bite"]},{"damage_healed":0,"gold_gain":0,"player_choice":"Gave Potion","damage_taken":0,"relics_obtained":["Ancient Tea Set"],"max_hp_gain":0,"max_hp_loss":0,"event_name":"WeMeetAgain","floor":29,"gold_loss":0},{"damage_healed":0,"gold_gain":0,"player_choice":"Memory 1","damage_taken":0,"max_hp_gain":0,"max_hp_loss":0,"event_name":"SensoryStone","floor":48,"gold_loss":0}],"is_beta":false,"boss_relics":[{"not_picked":["Tiny House","Empty Cage"],"picked":"Velvet Choker"},{"not_picked":["Eternal Feather","Lizard Tail"],"picked":"Sozu"}],"items_purged_floors":[],"is_endless":false,"potions_floor_spawned":[6,11,12,13,21,23,27,33,37,39,41,46],"ascension_level":0}