{"gold_per_floor":[109,35,46,59,134,134,166,166,190,217,217,244,244,269,269,364,364,379,302,302,318,318,318,249,249,249,268,285,285,299,315,315,410,440,452,462,462,462,462,462,474,508,508,524,376,392,61,78,78,78],"floor_reached":50,"playtime":4556,"items_purged":["Strike_G"],"score":603,"play_id":"f633f2e8-0364-4f4b-8f88-7c21f76fb596","local_time":"20180630105038","is_ascension_mode":true,"campfire_choices":[{"data":"Deadly Poison","floor":6.0,"key":"SMITH"},{"floor":8.0,"key":"REST"},{"floor":11.0,"key":"REST"},{"floor":15.0,"key":"REST"},{"data":"Phantasmal Killer","floor":23.0,"key":"SMITH"},{"data":"Malaise","floor":25.0,"key":"SMITH"},{"data":"Well Laid Plans","floor":29.0,"key":"SMITH"},{"floor":32.0,"key":"REST"},{"data":"Acrobatics","floor":40,"key":"SMITH"},{"floor":49,"key":"REST"}],"neow_cost":"","seed_source_timestamp":0,"circlet_count":0,"master_deck":["Defend_G","Defend_G+1","Defend_G","Defend_G+1","Defend_G","Strike_G","Strike_G","Strike_G","Survivor","Neutralize","Deadly Poison+1","Backstab","Caltrops","Blur","Dash","Backflip+1","Die Die Die","Malaise+1","Phantasmal Killer+1","Terror+1","Blur","Dodge and Roll+1","Well Laid Plans+1","Backstab+1","Dash","Predator+1","Acrobatics+1","Writhe","Mind Blast","Escape Plan+1","Bane"],"special_seed":0,"relics":["Ring of the Snake","Ancient Tea Set","Singing Bowl","Orichalcum","Pen Nib","Ice Cream","Cursed Key","Tiny House","Dream Catcher","War Paint","Ornamental Fan"],"potions_floor_usage":[33,33,41,41,50,50],"damage_taken":[{"damage":0.0,"enemies":"Jaw Worm","floor":1.0,"turns":6.0},{"damage":0.0,"enemies":"Small Slimes","floor":3.0,"turns":3.0},{"damage":0.0,"enemies":"2 Louse","floor":4.0,"turns":2.0},{"damage":42.0,"enemies":"Gremlin Nob","floor":7.0,"turns":5.0},{"damage":12.0,"enemies":"Lagavulin","floor":10.0,"turns":9.0},{"damage":11.0,"enemies":"3 Sentries","floor":12.0,"turns":8.0},{"damage":23.0,"enemies":"Gremlin Nob","floor":14.0,"turns":4.0},{"damage":10.0,"enemies":"Hexaghost","floor":16.0,"turns":10.0},{"damage":6.0,"enemies":"Chosen","floor":18.0,"turns":6.0},{"damage":0.0,"enemies":"3 Byrds","floor":21.0,"turns":2.0},{"damage":7.0,"enemies":"Slaver and Parasite","floor":27.0,"turns":6.0},{"damage":5.0,"enemies":"Snake Plant","floor":28.0,"turns":6.0},{"damage":8.0,"enemies":"Sentry and Sphere","floor":30.0,"turns":8.0},{"damage":0.0,"enemies":"Cultist and Chosen","floor":31.0,"turns":6.0},{"damage":54,"enemies":"Automaton","floor":33,"turns":17},{"damage":31,"enemies":"3 Darklings","floor":35,"turns":4},{"damage":5,"enemies":"3 Shapes","floor":36,"turns":5},{"damage":22,"enemies":"3 Darklings","floor":41,"turns":5},{"damage":0,"enemies":"Nemesis","floor":42,"turns":9},{"damage":15,"enemies":"Maw","floor":44,"turns":9},{"damage":11,"enemies":"4 Shapes","floor":46,"turns":7},{"damage":16,"enemies":"Sphere and 2 Shapes","floor":48,"turns":4},{"damage":19,"enemies":"Donu and Deca","floor":50,"turns":5}],"seed_played":"8365844873312677047","potions_obtained":[{"floor":7.0,"key":"Swift Potion"},{"floor":10.0,"key":"Poison Potion"},{"floor":28.0,"key":"SpeedPotion"},{"floor":30.0,"key":"LiquidBronze"},{"floor":31.0,"key":"SteroidPotion"},{"floor":33,"key":"Dexterity Potion"},{"floor":34,"key":"Dexterity Potion"},{"floor":42,"key":"SteroidPotion"},{"floor":44,"key":"GamblersBrew"}],"is_trial":false,"path_per_floor":["M","$","M","M","?","R","E","R","T","E","R","E","?","E","R","B",null,"M","$","?","M","?","R","$","R","T","M","M","R","M","M","R","B",null,"M","M","?","?","?","R","M","E","T","M","$","M","$","M","R"],"character_chosen":"THE_SILENT","items_purchased":["Caltrops","Blur","Well Laid Plans","War Paint","Ornamental Fan"],"campfire_rested":5,"item_purchase_floors":[],"current_hp_per_floor":[70,70,70,70,59,59,17,38,38,26,47,36,59,36,57,47,70,64,64,64,64,64,64,64,64,64,59,56,56,50,50,72,20,83,52,47,68,68,68,68,46,48,48,33,33,24,24,10,38,19],"gold":78,"neow_bonus":"","is_prod":false,"is_daily":false,"chose_seed":false,"campfire_upgraded":5,"win_rate":0,"timestamp":1530352238,"path_taken":["M","$","M","M","?","R","E","R","T","E","R","E","?","E","R","BOSS","M","$","?","M","?","R","$","R","T","M","?","R","M","M","R","BOSS","M","M","?","?","?","R","M","E","T","M","$","M","$","M","R","BOSS"],"build_version":"2018-06-28","purchased_purges":1,"victory":false,"max_hp_per_floor":[70,70,70,70,70,70,70,70,70,70,70,70,70,70,70,70,70,70,70,70,70,70,70,70,70,70,72,74,74,76,76,76,78,83,83,83,83,83,83,83,83,85,85,85,85,87,87,89,91,91],"card_choices":[{"not_picked":["Poisoned Stab","Quick Slash"],"picked":"Backstab","floor":1.0},{"not_picked":["Deflect","Underhanded Strike","Prepared"],"picked":"SKIP","floor":3.0},{"not_picked":["Outmaneuver","Bane"],"picked":"Blur","floor":4.0},{"not_picked":["Concentrate","Acrobatics"],"picked":"Dash","floor":7.0},{"not_picked":["Concentrate","PiercingWail"],"picked":"Backflip","floor":10.0},{"not_picked":["Dagger Throw","PiercingWail"],"picked":"Die Die Die","floor":12.0},{"not_picked":["Bane","Slice"],"picked":"Malaise","floor":14.0},{"not_picked":["Envenom","A Thousand Cuts"],"picked":"Phantasmal Killer","floor":16.0},{"not_picked":["Dagger Throw+1","Blur"],"picked":"Terror+1","floor":18.0},{"not_picked":["Blur","Quick Slash"],"picked":"Dodge and Roll+1","floor":21.0},{"not_picked":["Finisher+1","Deadly Poison","Reflex"],"picked":"Singing Bowl","floor":27.0},{"not_picked":["Flying Knee","Bane","Underhanded Strike"],"picked":"Singing Bowl","floor":28.0},{"not_picked":["Bane","Sucker Punch+1","Masterful Stab"],"picked":"Singing Bowl","floor":30.0},{"not_picked":["Outmaneuver","Endless Agony"],"picked":"Backstab+1","floor":31.0},{"not_picked":["Doppelganger","Bullet Time","Envenom"],"picked":"Singing Bowl","floor":33},{"not_picked":["Cloak And Dagger","Flying Knee"],"picked":"Dash","floor":34},{"not_picked":["Dagger Throw+1","Flechettes"],"picked":"Predator+1","floor":35},{"not_picked":["Quick Slash+1","Concentrate+1"],"picked":"Acrobatics","floor":36},{"not_picked":["Magnetism","Secret Technique"],"picked":"Mind Blast","floor":39},{"not_picked":["Quick Slash+1","Bane"],"picked":"Escape Plan+1","floor":41},{"not_picked":["Masterful Stab","Deflect","Dagger Throw+1"],"picked":"Singing Bowl","floor":42},{"not_picked":["Dash","Underhanded Strike"],"picked":"Bane","floor":44},{"not_picked":["Well Laid Plans+1","Prepared+1","Quick Slash+1"],"picked":"Singing Bowl","floor":46},{"not_picked":["Slice+1","Cloak And Dagger+1","Concentrate+1"],"picked":"Singing Bowl","floor":48},{"not_picked":["Prepared","Dagger Throw","Slice+1"],"picked":"Singing Bowl","floor":49}],"player_experience":239778,"relics_obtained":[{"floor":7.0,"key":"Ancient Tea Set"},{"floor":9.0,"key":"Singing Bowl"},{"floor":10.0,"key":"Orichalcum"},{"floor":12.0,"key":"Pen Nib"},{"floor":14.0,"key":"Ice Cream"},{"floor":42,"key":"Dream Catcher"}],"event_choices":[{"event_name":"World of Goop","player_choice":"Gather Gold","floor":5.0,"damage_taken":0.0},{"event_name":"Big Fish","player_choice":"Banana","floor":13.0,"damage_taken":0.0},{"event_name":"Vampires","player_choice":"Ignored","floor":20.0,"damage_taken":0.0},{"event_name":"Ghosts","player_choice":"Ignored","floor":22.0,"damage_taken":0.0},{"event_name":"Winding Halls","player_choice":"Writhe","floor":37,"damage_taken":0},{"event_name":"Tomb of Lord Red Mask","player_choice":"Ignored","floor":38,"damage_taken":0},{"event_name":"SensoryStone","player_choice":"Memory 1","floor":39,"damage_taken":0}],"boss_relics":[{"not_picked":["Runic Pyramid","Astrolabe"],"picked":"Cursed Key"},{"not_picked":["Pandora\u0027s Box","Sozu"],"picked":"Tiny House"}],"items_purged_floors":[47],"is_endless":false,"potions_floor_spawned":[7,10,28,30,31,33,35,42,44,46],"killed_by":"Donu and Deca","ascension_level":2}