{"gold_per_floor":[111,111,186,186,271,302,302,317,317,345,361,361,361,378,378,476,476,490,510,313,313],"floor_reached":21,"playtime":1332,"items_purged":["Strike_G"],"score":254,"play_id":"51740482-d60a-41ab-bfb2-83f95265f8dc","local_time":"20181130161934","is_ascension_mode":true,"campfire_choices":[{"data":"Footwork","floor":7,"key":"SMITH"},{"data":"Envenom","floor":15,"key":"SMITH"}],"neow_cost":"NONE","seed_source_timestamp":169860814196398,"circlet_count":0,"master_deck":["Defend_G","Defend_G","Defend_G+1","Defend_G","Defend_G+1","Strike_G","Strike_G","Strike_G","Strike_G","Survivor","Neutralize","Footwork+1","Noxious Fumes","Flying Knee","Envenom+1","Catalyst","Venomology","Deadly Poison+1","Caltrops+1","Well Laid Plans","Bane"],"relics":["Ring of the Snake","NeowsBlessing","Kunai","Tiny Chest","Potion Belt","Pantograph","Paper Crane","Question Card"],"potions_floor_usage":[10,10,14,19,21],"damage_taken":[{"damage":0,"enemies":"Jaw Worm","floor":1,"turns":1},{"damage":0,"enemies":"Gremlin Nob","floor":6,"turns":1},{"damage":0,"enemies":"2 Louse","floor":8,"turns":1},{"damage":4,"enemies":"Lagavulin","floor":10,"turns":7},{"damage":0,"enemies":"Small Slimes","floor":11,"turns":3},{"damage":7,"enemies":"2 Fungi Beasts","floor":14,"turns":6},{"damage":34,"enemies":"Hexaghost","floor":16,"turns":11},{"damage":16,"enemies":"Shell Parasite","floor":18,"turns":11},{"damage":36,"enemies":"2 Thieves","floor":19,"turns":4},{"damage":23,"enemies":"3 Cultists","floor":21,"turns":4}],"seed_played":"-231346916235613666","potions_obtained":[{"floor":1,"key":"Poison Potion"},{"floor":6,"key":"AttackPotion"},{"floor":11,"key":"PowerPotion"},{"floor":19,"key":"Ancient Potion"}],"is_trial":false,"path_per_floor":["M","?","?","T","T","E","R","M","T","E","M","?","?","M","R","B",null,"M","M","$","M"],"character_chosen":"THE_SILENT","items_purchased":["Well Laid Plans","Bane"],"campfire_rested":0,"item_purchase_floors":[20,20],"current_hp_per_floor":[70,56,45,45,45,45,45,45,45,41,41,41,38,31,31,22,70,54,18,18,0],"gold":313,"neow_bonus":"THREE_ENEMY_KILL","is_prod":false,"is_daily":false,"chose_seed":false,"campfire_upgraded":2,"win_rate":0,"timestamp":1543594774,"path_taken":["M","?","?","?","?","E","R","M","T","E","?","?","?","M","R","BOSS","M","M","$","M"],"build_version":"2018-11-15","purchased_purges":1,"victory":false,"max_hp_per_floor":[70,70,70,70,70,70,70,70,70,70,70,70,70,70,70,70,70,70,70,70,70],"card_choices":[{"not_picked":["Expertise","Underhanded Strike","Bouncing Flask"],"picked":"SKIP","floor":1},{"not_picked":["Deflect","Outmaneuver"],"picked":"Footwork","floor":6},{"not_picked":["Dodge and Roll","Finisher"],"picked":"Noxious Fumes","floor":8},{"not_picked":["Predator","Heel Hook"],"picked":"Flying Knee","floor":10},{"not_picked":["Dagger Spray","Accuracy"],"picked":"Envenom","floor":11},{"not_picked":["Dagger Spray","Quick Slash","Bane"],"picked":"Catalyst","floor":14},{"not_picked":["After Image","Malaise","Corpse Explosion"],"picked":"Venomology","floor":16},{"not_picked":["Blade Dance","Dodge and Roll","Prepared"],"picked":"Deadly Poison+1","floor":18},{"not_picked":["Cloak And Dagger","Flying Knee+1","Blur"],"picked":"Caltrops+1","floor":19}],"player_experience":237064,"relics_obtained":[{"floor":4,"key":"Kunai"},{"floor":5,"key":"Tiny Chest"},{"floor":6,"key":"Potion Belt"},{"floor":9,"key":"Pantograph"},{"floor":10,"key":"Paper Crane"}],"event_choices":[{"damage_healed":0,"gold_gain":0,"player_choice":"Entered Light","damage_taken":14,"max_hp_gain":0,"max_hp_loss":0,"event_name":"Shining Light","floor":2,"gold_loss":0,"cards_upgraded":["Defend_G","Defend_G"]},{"damage_healed":0,"gold_gain":75,"player_choice":"Gather Gold","damage_taken":11,"max_hp_gain":0,"max_hp_loss":0,"event_name":"World of Goop","floor":3,"gold_loss":0},{"damage_healed":0,"gold_gain":0,"player_choice":"Ignored","damage_taken":0,"max_hp_gain":0,"max_hp_loss":0,"event_name":"Liars Game","floor":12,"gold_loss":0},{"damage_healed":0,"gold_gain":0,"player_choice":"Success","damage_taken":3,"relics_obtained":["Question Card"],"max_hp_gain":0,"max_hp_loss":0,"event_name":"Scrap Ooze","floor":13,"gold_loss":0}],"is_beta":false,"boss_relics":[{"not_picked":["Ectoplasm","Snecko Eye","Philosopher\u0027s Stone"]}],"items_purged_floors":[20],"is_endless":false,"potions_floor_spawned":[1,6,11,19],"killed_by":"3 Cultists","ascension_level":4}