{"gold_per_floor":[144,160,10,25,25,25,25,25,25,200,200,216,235,195,195,321,321,336,35,35,35,53,53,53,71,71,71],"floor_reached":27,"playtime":2614,"items_purged":[],"score":201,"play_id":"4ecc41dc-013f-4c7a-828d-613ad4d3926e","local_time":"20180623205311","is_ascension_mode":false,"campfire_choices":[{"data":"Neutralize","floor":6,"key":"SMITH"},{"floor":8,"key":"REST"},{"data":"PiercingWail","floor":11,"key":"SMITH"},{"floor":15,"key":"REST"},{"floor":23,"key":"REST"}],"neow_cost":"NONE","seed_source_timestamp":410619579267751,"circlet_count":0,"master_deck":["Defend_G","Defend_G","Defend_G","Defend_G","Strike_G","Strike_G+1","Strike_G","Strike_G","Strike_G","Survivor","Neutralize+1","Quick Slash","PiercingWail+1","Caltrops","After Image","PiercingWail","All Out Attack","Die Die Die","All Out Attack","Reflex","Slice","Normality","Leg Sweep+1"],"relics":["Tiny House","Ancient Tea Set","Golden Idol","Dodecahedron","Empty Cage","Letter Opener","Matryoshka","Darkstone Periapt","Ninja Scroll"],"potions_floor_usage":[2,12,12,13,16,16,16,22],"damage_taken":[{"damage":0,"enemies":"Small Slimes","floor":1,"turns":3},{"damage":0,"enemies":"Cultist","floor":2,"turns":4},{"damage":13,"enemies":"Jaw Worm","floor":4,"turns":3},{"damage":8,"enemies":"Looter","floor":12,"turns":4},{"damage":12,"enemies":"Exordium Wildlife","floor":13,"turns":7},{"damage":28,"enemies":"Hexaghost","floor":16,"turns":15},{"damage":21,"enemies":"Shell Parasite","floor":18,"turns":10},{"damage":11,"enemies":"Chosen","floor":22,"turns":6},{"damage":43,"enemies":"Centurion and Healer","floor":25,"turns":11},{"damage":33,"enemies":"Gremlin Leader","floor":27,"turns":9}],"seed_played":"-3664150386027379907","potions_obtained":[{"floor":0,"key":"SpeedPotion"},{"floor":1,"key":"SpeedPotion"},{"floor":5,"key":"EntropicBrew"},{"floor":5,"key":"LiquidBronze"},{"floor":5,"key":"SneckoOil"},{"floor":12,"key":"SpeedPotion"},{"floor":13,"key":"PowerPotion"},{"floor":14,"key":"Explosive Potion"},{"floor":14,"key":"Swift Potion"}],"is_trial":false,"path_per_floor":["M","M","$","M","?","R","?","R","T","?","R","M","M","?","R","B",null,"M","$","?","?","M","R","?","M","T"],"character_chosen":"THE_SILENT","items_purchased":["Ancient Tea Set","Letter Opener","Fire Potion"],"campfire_rested":3,"item_purchase_floors":[3,19,19],"current_hp_per_floor":[75,75,75,62,62,62,62,75,75,75,75,67,55,55,75,47,75,54,54,54,54,43,65,65,22,22,0],"gold":71,"neow_bonus":"BOSS_RELIC","is_prod":false,"is_daily":false,"chose_seed":false,"campfire_upgraded":2,"win_rate":0.0,"timestamp":1529783591,"path_taken":["M","M","$","M","?","R","?","R","T","?","R","M","M","?","R","BOSS","M","$","?","?","M","R","?","?","T","E"],"build_version":"2018-06-21v2","purchased_purges":0,"victory":false,"max_hp_per_floor":[75,75,75,75,75,75,75,75,75,75,75,75,75,75,75,75,75,75,75,75,75,75,75,75,75,75,75],"card_choices":[{"not_picked":["Caltrops","Prepared"],"picked":"Quick Slash","floor":0},{"not_picked":["Slice","Dagger Throw"],"picked":"PiercingWail","floor":1},{"not_picked":["Endless Agony","Dagger Throw"],"picked":"Caltrops","floor":2},{"not_picked":["Calculated Gamble","Flying Knee"],"picked":"After Image","floor":4},{"not_picked":["Acrobatics","Deflect"],"picked":"PiercingWail","floor":12},{"not_picked":["Sucker Punch","Malaise"],"picked":"All Out Attack","floor":13},{"not_picked":["Envenom","Adrenaline"],"picked":"Die Die Die","floor":16},{"not_picked":["Dagger Throw","Skewer"],"picked":"All Out Attack","floor":18},{"not_picked":["Infinite Blades+1","Well Laid Plans"],"picked":"Slice","floor":22},{"not_picked":["Escape Plan","Dagger Throw"],"picked":"Leg Sweep+1","floor":25}],"player_experience":93381,"relics_obtained":[{"floor":9,"key":"Dodecahedron"},{"floor":26,"key":"Darkstone Periapt"},{"floor":26,"key":"Ninja Scroll"}],"event_choices":[{"event_name":"The Lab","player_choice":"Got Potions","floor":5,"damage_taken":0},{"event_name":"Golden Idol","player_choice":"Take Wound","floor":7,"damage_taken":0},{"event_name":"Liars Game","player_choice":"agreed","floor":10,"damage_taken":0},{"event_name":"The Woman in Blue","player_choice":"Bought 3 Potions","floor":14,"damage_taken":0},{"event_name":"Vampires","player_choice":"Ignored","floor":20,"damage_taken":0},{"event_name":"Transmorgrifier","player_choice":"Transform","floor":21,"damage_taken":0},{"event_name":"Accursed Blacksmith","player_choice":"Rummage","floor":24,"damage_taken":0}],"boss_relics":[{"not_picked":["White Beast Statue","Busted Crown"],"picked":"Empty Cage"}],"items_purged_floors":[],"is_endless":false,"potions_floor_spawned":[1,12,13],"killed_by":"Gremlin Leader","ascension_level":0}