{"gold_per_floor":[116,134,18,29,41,76,76,26,51,4,4,4,15,27,27,122,122,112,112,112,128,53,53,53],"floor_reached":24,"playtime":891,"items_purged":["Strike_R"],"score":294,"play_id":"a941027a-bd11-4a6a-9210-cc6b36cca215","local_time":"20190802203419","is_ascension_mode":true,"campfire_choices":[{"data":"Disarm","floor":7,"key":"SMITH"},{"data":"Armaments","floor":11,"key":"SMITH"},{"data":"Hemokinesis","floor":15,"key":"SMITH"},{"data":"True Grit","floor":23,"key":"SMITH"}],"neow_cost":"TEN_PERCENT_HP_LOSS","seed_source_timestamp":1057982356094300,"circlet_count":0,"master_deck":["AscendersBane","Strike_R","Strike_R","Strike_R","Defend_R","Defend_R","Defend_R","Defend_R","Bash","Shrug It Off","Hemokinesis+1","Metallicize","Disarm+1","True Grit+1","Rampage","Armaments+1","Parasite","Whirlwind","Juggernaut","Flame Barrier","Disarm+1"],"relics":["Burning Blood","Ginger","Anchor","Ancient Tea Set","Sozu"],"potions_floor_usage":[5,16,24],"damage_taken":[{"damage":5,"enemies":"Small Slimes","floor":1,"turns":3},{"damage":6,"enemies":"Jaw Worm","floor":2,"turns":5},{"damage":6,"enemies":"Cultist","floor":4,"turns":4},{"damage":15,"enemies":"Lots of Slimes","floor":5,"turns":6},{"damage":39,"enemies":"Lagavulin","floor":6,"turns":7},{"damage":8,"enemies":"Looter","floor":13,"turns":3},{"damage":10,"enemies":"Blue Slaver","floor":14,"turns":7},{"damage":40,"enemies":"Hexaghost","floor":16,"turns":16},{"damage":18,"enemies":"2 Thieves","floor":18,"turns":4},{"damage":12,"enemies":"Spheric Guardian","floor":21,"turns":4},{"damage":43,"enemies":"Gremlin Leader","floor":24,"turns":10}],"seed_played":"-5751940674843683851","potions_obtained":[{"floor":1,"key":"BloodPotion"},{"floor":4,"key":"Swift Potion"},{"floor":16,"key":"LiquidBronze"}],"is_trial":false,"path_per_floor":["M","M","$","M","M","E","R","?","T","$","R","?","M","M","R","B",null,"M","?","?","M","$","R","E"],"character_chosen":"IRONCLAD","items_purchased":["Metallicize","Disarm","Armaments"],"campfire_rested":0,"item_purchase_floors":[3,3,10],"current_hp_per_floor":[72,72,72,72,63,30,30,30,30,30,30,48,46,42,42,26,61,49,49,49,43,43,43,0],"gold":53,"neow_bonus":"ONE_RARE_RELIC","is_prod":false,"is_daily":false,"chose_seed":false,"campfire_upgraded":4,"win_rate":0,"timestamp":1564792459,"path_taken":["M","M","$","M","M","E","R","?","T","$","R","?","M","M","R","BOSS","M","?","?","?","$","R","E"],"build_version":"2019-07-17","purchased_purges":1,"victory":false,"max_hp_per_floor":[72,72,72,72,72,72,72,72,72,72,72,72,72,72,72,72,72,72,72,72,72,72,72,72],"card_choices":[{"not_picked":["Dropkick","Second Wind"],"picked":"Shrug It Off","floor":1},{"not_picked":["Flex","Warcry"],"picked":"Hemokinesis","floor":2},{"not_picked":["Shrug It Off","Warcry"],"picked":"True Grit","floor":4},{"not_picked":["Havoc","Searing Blow"],"picked":"Rampage","floor":5},{"not_picked":["Cleave","Twin Strike","Headbutt"],"picked":"SKIP","floor":6},{"not_picked":["True Grit","Armaments","Heavy Blade"],"picked":"SKIP","floor":13},{"not_picked":["Armaments","Body Slam"],"picked":"Whirlwind","floor":14},{"not_picked":["Limit Break","Exhume"],"picked":"Juggernaut","floor":16},{"not_picked":["Anger+1","Blood for Blood","Second Wind+1"],"picked":"SKIP","floor":18},{"not_picked":["Wild Strike","Pommel Strike","Havoc"],"picked":"SKIP","floor":21}],"player_experience":632888,"relics_obtained":[{"floor":6,"key":"Anchor"},{"floor":9,"key":"Ancient Tea Set"}],"event_choices":[{"cards_removed":["Strike_R"],"damage_healed":0,"gold_gain":0,"player_choice":"Card Removal","damage_taken":0,"max_hp_gain":0,"max_hp_loss":0,"event_name":"The Cleric","floor":8,"gold_loss":50},{"damage_healed":18,"gold_gain":0,"player_choice":"Healed and dodged fight","damage_taken":0,"max_hp_gain":0,"max_hp_loss":0,"event_name":"Mushrooms","floor":12,"gold_loss":0,"cards_obtained":["Parasite"]},{"damage_healed":0,"gold_gain":0,"player_choice":"Read","damage_taken":0,"max_hp_gain":0,"max_hp_loss":0,"event_name":"The Library","floor":19,"gold_loss":0,"cards_obtained":["Flame Barrier"]},{"damage_healed":0,"gold_gain":0,"player_choice":"Copied","damage_taken":0,"max_hp_gain":0,"max_hp_loss":0,"event_name":"Duplicator","floor":20,"gold_loss":0,"cards_obtained":["Disarm"]}],"is_beta":false,"boss_relics":[{"not_picked":["Pandora\u0027s Box","Cursed Key"],"picked":"Sozu"}],"items_purged_floors":[22],"is_endless":false,"potions_floor_spawned":[1,4,16,18],"killed_by":"Gremlin Leader","ascension_level":10}