{"gold_per_floor":[115,290,301,9,20,48,48,58,58,75,75,75,88,121,121,216,216,216],"floor_reached":18,"playtime":1681,"items_purged":[],"score":278,"play_id":"cca2f610-44b5-4d95-8ce3-5ddc3b1aa1ed","local_time":"20190801111557","is_ascension_mode":true,"campfire_choices":[{"floor":7,"key":"REST"},{"data":"Hemokinesis","floor":12,"key":"SMITH"},{"data":"Ghostly Armor","floor":15,"key":"SMITH"}],"neow_cost":"NONE","seed_source_timestamp":950559385865242,"circlet_count":0,"master_deck":["Strike_R","Strike_R","Defend_R","Defend_R","Defend_R","Defend_R","Bash","Hemokinesis+1","Doubt","Sever Soul","Reckless Charge+1","Body Slam+1","Wild Strike+1","Evolve","Corruption+1","Seeing Red","Ghostly Armor+1","Fiend Fire+1"],"relics":["Burning Blood","Vajra","Molten Egg 2","Du-Vu Doll","Frozen Egg 2","Paper Frog","Empty Cage"],"potions_floor_usage":[6,13,16],"damage_taken":[{"damage":9,"enemies":"2 Louse","floor":1,"turns":3},{"damage":10,"enemies":"Small Slimes","floor":3,"turns":4},{"damage":10,"enemies":"Jaw Worm","floor":5,"turns":2},{"damage":51,"enemies":"3 Sentries","floor":6,"turns":9},{"damage":7,"enemies":"Looter","floor":8,"turns":3},{"damage":12,"enemies":"Gremlin Gang","floor":10,"turns":4},{"damage":2,"enemies":"Large Slime","floor":13,"turns":1},{"damage":18,"enemies":"Gremlin Nob","floor":14,"turns":3},{"damage":4,"enemies":"Slime Boss","floor":16,"turns":4},{"damage":48,"enemies":"3 Byrds","floor":18,"turns":5}],"seed_played":"-5454676743840817372","potions_obtained":[{"floor":3,"key":"Strength Potion"},{"floor":10,"key":"SteroidPotion"},{"floor":13,"key":"Swift Potion"},{"floor":16,"key":"SteroidPotion"}],"is_trial":false,"path_per_floor":["M","?","M","$","M","E","R","M","T","M","?","R","M","E","R","B",null,"M"],"character_chosen":"IRONCLAD","items_purchased":["Molten Egg 2","Reckless Charge+1"],"campfire_rested":1,"item_purchase_floors":[4,4],"current_hp_per_floor":[77,77,73,73,69,24,48,47,47,41,41,41,45,33,33,35,69,21],"gold":216,"neow_bonus":"RANDOM_COMMON_RELIC","is_prod":false,"is_daily":false,"chose_seed":false,"campfire_upgraded":2,"win_rate":0,"timestamp":1564676157,"path_taken":["M","?","M","$","M","E","R","M","T","M","?","R","M","E","R","BOSS","M"],"build_version":"2019-07-17","purchased_purges":0,"victory":false,"max_hp_per_floor":[80,80,80,80,80,80,80,80,80,80,80,80,80,80,80,80,80,80],"card_choices":[{"not_picked":["True Grit","Dual Wield"],"picked":"Hemokinesis","floor":1},{"not_picked":["True Grit","Sword Boomerang"],"picked":"Sever Soul","floor":3},{"not_picked":["True Grit","Havoc"],"picked":"Body Slam+1","floor":5},{"not_picked":["Warcry","Thunderclap+1"],"picked":"Wild Strike+1","floor":6},{"not_picked":["Perfected Strike+1","Heavy Blade+1"],"picked":"Evolve","floor":8},{"not_picked":["Twin Strike+1","Warcry"],"picked":"Corruption+1","floor":10},{"not_picked":["Pommel Strike+1","Searing Blow+1"],"picked":"Seeing Red","floor":13},{"not_picked":["Corruption+1","Feed+1"],"picked":"Ghostly Armor","floor":14},{"not_picked":["Bludgeon+1","Double Tap"],"picked":"Fiend Fire+1","floor":16}],"player_experience":334358,"relics_obtained":[{"floor":6,"key":"Du-Vu Doll"},{"floor":9,"key":"Frozen Egg 2"},{"floor":14,"key":"Paper Frog"}],"event_choices":[{"damage_healed":0,"gold_gain":175,"player_choice":"AGREE","damage_taken":0,"max_hp_gain":0,"max_hp_loss":0,"event_name":"Liars Game","floor":2,"gold_loss":0,"cards_obtained":["Doubt"]},{"cards_removed":["Strike_R"],"damage_healed":0,"gold_gain":0,"player_choice":"Forget","damage_taken":0,"max_hp_gain":0,"max_hp_loss":0,"event_name":"Living Wall","floor":11,"gold_loss":0}],"is_beta":false,"boss_relics":[{"not_picked":["Orrery","Pandora\u0027s Box"],"picked":"Empty Cage"}],"items_purged_floors":[],"is_endless":false,"potions_floor_spawned":[3,10,13,16],"killed_by":"3 Byrds","ascension_level":5}