{"gold_per_floor":[119,4,16,28,28,59,71,116,151,163,189,201,233,270,282,373,385,415,438,450,21,21,55,71,96,96,125,125,142,168,182,182,256,256,272,285,303,303,124,155,455,483,483,321,337,337,372,387,387,387],"floor_reached":51,"playtime":3170,"items_purged":["Strike_R","Strike_R","Strike_R"],"score":1452,"play_id":"4310f79e-5b74-4def-86c2-0bc3e29990b3","local_time":"20190814124410","is_ascension_mode":true,"campfire_choices":[{"data":"Carnage","floor":7,"key":"SMITH"},{"data":"Bash","floor":10,"key":"SMITH"},{"data":"Clothesline","floor":12,"key":"SMITH"},{"data":"Demon Form","floor":15,"key":"SMITH"},{"data":"Limit Break","floor":28,"key":"SMITH"},{"data":"Flame Barrier","floor":32,"key":"SMITH"},{"data":"True Grit","floor":49,"key":"SMITH"}],"neow_cost":"NONE","seed_source_timestamp":181746275852400,"circlet_count":0,"master_deck":["AscendersBane","Defend_R","Defend_R","Defend_R","Defend_R","Bash+1","Anger","Shrug It Off","Carnage+1","Flame Barrier+1","Cleave","Clothesline+1","Spot Weakness","Inflame","Demon Form+1","Reaper","Shrug It Off","Clash","Fiend Fire","Whirlwind","True Grit+1","Blind","Limit Break+1","Thunderclap","Disarm","Armaments+1","Feel No Pain+1","Intimidate+1","Impervious","Shrug It Off","Offering","Shockwave","True Grit+1","Entrench","Shockwave+1","Corruption+1"],"relics":["Burning Blood","Blood Vial","NlothsMask","MawBank","Centennial Puzzle","Red Skull","Philosopher\u0027s Stone","Oddly Smooth Stone","Bag of Marbles","PreservedInsect","Frozen Egg 2","Dodecahedron","Anchor","Runic Pyramid","Mercury Hourglass","Bag of Preparation","Sundial","Ancient Tea Set"],"potions_floor_usage":[6,8,11,23,30,31,33,48,48,50],"damage_taken":[{"damage":1,"enemies":"Cultist","floor":1,"turns":4},{"damage":10,"enemies":"Small Slimes","floor":3,"turns":4},{"damage":0,"enemies":"Jaw Worm","floor":4,"turns":3},{"damage":15,"enemies":"3 Sentries","floor":6,"turns":7},{"damage":16,"enemies":"Gremlin Nob","floor":8,"turns":3},{"damage":0,"enemies":"2 Fungi Beasts","floor":11,"turns":2},{"damage":4,"enemies":"Blue Slaver","floor":13,"turns":3},{"damage":17,"enemies":"3 Sentries","floor":14,"turns":5},{"damage":23,"enemies":"Slime Boss","floor":16,"turns":8},{"damage":0,"enemies":"Chosen","floor":18,"turns":4},{"damage":40,"enemies":"2 Thieves","floor":19,"turns":4},{"damage":44,"enemies":"Gremlin Leader","floor":23,"turns":6},{"damage":28,"enemies":"Shelled Parasite and Fungi","floor":24,"turns":4},{"damage":32,"enemies":"Slavers","floor":25,"turns":4},{"damage":39,"enemies":"Gremlin Leader","floor":27,"turns":6},{"damage":20,"enemies":"Chosen and Byrds","floor":29,"turns":5},{"damage":10,"enemies":"Slavers","floor":30,"turns":2},{"damage":5,"enemies":"Snecko","floor":31,"turns":3},{"damage":51,"enemies":"Automaton","floor":33,"turns":8},{"damage":18,"enemies":"3 Shapes","floor":35,"turns":8},{"damage":0,"enemies":"Orb Walker","floor":36,"turns":4},{"damage":32,"enemies":"Sphere and 2 Shapes","floor":37,"turns":7},{"damage":28,"enemies":"Giant Head","floor":40,"turns":9},{"damage":19,"enemies":"Reptomancer","floor":42,"turns":6},{"damage":6,"enemies":"Maw","floor":45,"turns":7},{"damage":0,"enemies":"Nemesis","floor":47,"turns":7},{"damage":6,"enemies":"Writhing Mass","floor":48,"turns":5},{"damage":11,"enemies":"Time Eater","floor":50,"turns":7}],"seed_played":"-4015575007474025145","potions_obtained":[{"floor":3,"key":"SkillPotion"},{"floor":6,"key":"Energy Potion"},{"floor":8,"key":"Explosive Potion"},{"floor":14,"key":"Regen Potion"},{"floor":25,"key":"SpeedPotion"},{"floor":27,"key":"Energy Potion"},{"floor":30,"key":"FearPotion"},{"floor":37,"key":"Fire Potion"},{"floor":42,"key":"Fire Potion"},{"floor":48,"key":"Swift Potion"}],"is_trial":false,"path_per_floor":["M","$","M","M","?","E","R","E","T","R","M","R","M","E","R","B",null,"M","M","?","$","$","E","M","E","T","E","R","M","E","M","R","B",null,"M","M","M","?","$","E","?","E","T","$","M","?","E","M","R","B",null],"character_chosen":"IRONCLAD","items_purchased":["Shrug It Off","Carnage","Whirlwind","Oddly Smooth Stone","True Grit","Blind","Offering","Entrench"],"campfire_rested":0,"item_purchase_floors":[2,2,21,21,21,21,39,44],"current_hp_per_floor":[75,75,71,75,75,66,66,58,58,58,66,66,70,61,61,46,68,75,41,41,41,41,71,67,67,67,36,36,24,22,35,35,29,64,69,75,75,75,75,75,75,75,75,75,75,71,71,71,71,71],"gold":387,"neow_bonus":"RANDOM_COMMON_RELIC","is_prod":false,"is_daily":false,"chose_seed":false,"campfire_upgraded":7,"win_rate":0,"timestamp":1565801050,"path_taken":["M","?","M","?","?","E","R","E","T","R","M","R","M","E","R","BOSS","M","M","?","?","$","E","M","E","T","E","R","M","E","M","R","BOSS","M","M","M","?","$","E","?","E","T","$","?","?","E","M","R","BOSS"],"build_version":"2019-07-17","purchased_purges":3,"victory":true,"max_hp_per_floor":[75,75,75,75,75,75,75,75,75,75,75,75,75,75,75,75,75,75,75,75,75,75,75,75,75,75,75,75,75,75,75,75,75,75,75,75,75,75,75,75,75,75,75,75,75,71,71,71,71,71],"card_choices":[{"not_picked":["Wild Strike","Perfected Strike"],"picked":"Anger","floor":1},{"not_picked":["Havoc","Twin Strike"],"picked":"Flame Barrier","floor":3},{"not_picked":["Headbutt","Sword Boomerang"],"picked":"Cleave","floor":4},{"not_picked":["Sword Boomerang","Power Through"],"picked":"Clothesline","floor":6},{"not_picked":["Twin Strike","Blood for Blood","Cleave"],"picked":"SKIP","floor":8},{"not_picked":["Cleave","Anger"],"picked":"Spot Weakness","floor":11},{"not_picked":["Body Slam","Havoc"],"picked":"Inflame","floor":13},{"not_picked":["Wild Strike","Feel No Pain"],"picked":"Demon Form","floor":14},{"not_picked":["Impervious","Barricade"],"picked":"Reaper","floor":16},{"not_picked":["Perfected Strike","Havoc+1","Anger"],"picked":"SKIP","floor":18},{"not_picked":["Rupture","Warcry"],"picked":"Shrug It Off","floor":19},{"not_picked":["Armaments","Thunderclap+1"],"picked":"Limit Break","floor":23},{"not_picked":["Flex","Ghostly Armor"],"picked":"Thunderclap","floor":24},{"not_picked":["Barricade","Warcry"],"picked":"Disarm","floor":25},{"not_picked":["Thunderclap","Iron Wave"],"picked":"Armaments+1","floor":27},{"not_picked":["Havoc","Entrench"],"picked":"Feel No Pain+1","floor":29},{"not_picked":["Rage","Thunderclap"],"picked":"Intimidate+1","floor":30},{"not_picked":["Clash+1","Spot Weakness","Thunderclap"],"picked":"SKIP","floor":31},{"not_picked":["Exhume","Limit Break"],"picked":"Impervious","floor":33},{"not_picked":["Anger","Wild Strike"],"picked":"Shrug It Off","floor":35},{"not_picked":["Fire Breathing+1","Battle Trance","Flex"],"picked":"SKIP","floor":36},{"not_picked":["Infernal Blade","Clothesline+1","Twin Strike"],"picked":"SKIP","floor":37},{"not_picked":["Burning Pact","True Grit"],"picked":"Shockwave","floor":40},{"not_picked":["Shrug It Off+1","Bloodletting"],"picked":"True Grit+1","floor":42},{"not_picked":["Flex","Cleave"],"picked":"Shockwave+1","floor":45},{"not_picked":["Wild Strike+1","Shrug It Off","Inflame+1"],"picked":"SKIP","floor":47},{"not_picked":["Shrug It Off","True Grit"],"picked":"Corruption+1","floor":48}],"player_experience":745250,"relics_obtained":[{"floor":6,"key":"MawBank"},{"floor":8,"key":"Centennial Puzzle"},{"floor":14,"key":"Red Skull"},{"floor":23,"key":"Bag of Marbles"},{"floor":25,"key":"PreservedInsect"},{"floor":26,"key":"Frozen Egg 2"},{"floor":27,"key":"Dodecahedron"},{"floor":30,"key":"Anchor"},{"floor":40,"key":"Mercury Hourglass"},{"floor":42,"key":"Bag of Preparation"},{"floor":43,"key":"Sundial"},{"floor":47,"key":"Ancient Tea Set"}],"event_choices":[{"damage_healed":0,"gold_gain":0,"player_choice":"Trade","damage_taken":0,"relics_obtained":["NlothsMask"],"max_hp_gain":0,"max_hp_loss":0,"event_name":"FaceTrader","floor":5,"gold_loss":0},{"damage_healed":0,"gold_gain":0,"cards_transformed":["Strike_R","Strike_R"],"player_choice":"Became Test Subject","damage_taken":0,"max_hp_gain":0,"max_hp_loss":0,"event_name":"Drug Dealer","floor":20,"gold_loss":0,"cards_obtained":["Clash","Fiend Fire"]},{"damage_healed":0,"gold_gain":0,"player_choice":"Ignored","damage_taken":0,"max_hp_gain":0,"max_hp_loss":0,"event_name":"Tomb of Lord Red Mask","floor":38,"gold_loss":0},{"damage_healed":0,"gold_gain":300,"player_choice":"Gold","damage_taken":0,"max_hp_gain":0,"max_hp_loss":0,"event_name":"Wheel of Change","floor":41,"gold_loss":0},{"damage_healed":0,"gold_gain":0,"player_choice":"Max HP","damage_taken":0,"max_hp_gain":0,"max_hp_loss":4,"event_name":"Winding Halls","floor":46,"gold_loss":0}],"is_beta":false,"boss_relics":[{"not_picked":["Black Blood","Sozu"],"picked":"Philosopher\u0027s Stone"},{"not_picked":["Tiny House","Runic Cube"],"picked":"Runic Pyramid"}],"items_purged_floors":[21,39,44],"is_endless":false,"potions_floor_spawned":[3,6,8,14,25,27,30,37,42,48],"ascension_level":14}