{"path_per_floor":["M","?","?","M","?","E","R","E","T","R","$","R","M","M","R","B",null,"M","$","?","M","?"],"character_chosen":"IRONCLAD","items_purchased":["Perfected Strike","Finesse","Entrench","Twin Strike","Iron Wave","Jack Of All Trades"],"gold_per_floor":[112,112,112,128,128,161,161,197,197,197,67,67,80,99,99,229,229,253,18,18,34,34,34],"floor_reached":23,"campfire_rested":4,"playtime":2978,"item_purchase_floors":[11,11,19,19,19,19],"current_hp_per_floor":[80,64,64,70,70,48,72,36,46,73,73,90,90,88,90,26,90,67,67,67,48,42,0],"items_purged":[],"gold":34,"score":222,"play_id":"23b4ffbd-e729-48e7-9cfa-531e2dd19a1b","local_time":"20180616180655","is_prod":false,"is_daily":false,"chose_seed":false,"is_ascension_mode":false,"campfire_upgraded":0,"win_rate":0.0,"timestamp":1529168815,"campfire_choices":[{"floor":7.0,"key":"REST"},{"floor":10,"key":"REST"},{"floor":12,"key":"REST"},{"floor":15,"key":"REST"}],"path_taken":["M","?","?","?","?","E","R","E","T","R","$","R","M","M","R","BOSS","M","$","?","M","?","M"],"build_version":"2018-06-14v2","seed_source_timestamp":0,"purchased_purges":0,"victory":false,"master_deck":["Strike_R+1","Strike_R","Strike_R","Strike_R","Strike_R","Defend_R+1","Defend_R","Defend_R","Defend_R","Bash","Perfected Strike","Rage","Clothesline","Clothesline","Perfected Strike","Perfected Strike","Finesse","Anger","Perfected Strike","Impervious","Thunderclap+1","Entrench","Twin Strike","Iron Wave","Jack Of All Trades","Twin Strike","RitualDagger"],"max_hp_per_floor":[80,80,80,80,80,80,80,80,90,90,90,90,90,90,90,90,90,90,90,90,90,90,90],"special_seed":0,"relics":["Burning Blood","Golden Idol","Red Skull","Pear","Eternal Feather"],"card_choices":[{"not_picked":["Thunderclap","Anger"],"picked":"Perfected Strike","floor":0.0},{"not_picked":["Iron Wave","Rupture"],"picked":"Rage","floor":1.0},{"not_picked":["Burning Pact","Twin Strike"],"picked":"Clothesline","floor":4.0},{"not_picked":["Bloodletting","Clash"],"picked":"Clothesline","floor":6.0},{"not_picked":["Pummel","Brutality"],"picked":"Perfected Strike","floor":8},{"not_picked":["Body Slam","Combust"],"picked":"Anger","floor":13},{"not_picked":["Feel No Pain","Heavy Blade"],"picked":"Perfected Strike","floor":14},{"not_picked":["Double Tap","Fiend Fire"],"picked":"Impervious","floor":16},{"not_picked":["Body Slam","Combust"],"picked":"Thunderclap+1","floor":18},{"not_picked":["True Grit","Armaments"],"picked":"Twin Strike","floor":21}],"player_experience":11389,"potions_floor_usage":[],"damage_taken":[{"damage":0.0,"enemies":"2 Louse","floor":1.0,"turns":2.0},{"damage":0.0,"enemies":"Small Slimes","floor":4.0,"turns":3.0},{"damage":28.0,"enemies":"Gremlin Nob","floor":6.0,"turns":6.0},{"damage":42,"enemies":"Lagavulin","floor":8,"turns":10},{"damage":0,"enemies":"Cultist","floor":13,"turns":3},{"damage":8,"enemies":"3 Louse","floor":14,"turns":4},{"damage":70,"enemies":"Hexaghost","floor":16,"turns":11},{"damage":29,"enemies":"Shell Parasite","floor":18,"turns":8},{"damage":25,"enemies":"2 Thieves","floor":21,"turns":4},{"damage":55,"enemies":"Slaver and Parasite","floor":23,"turns":5}],"relics_obtained":[{"floor":6.0,"key":"Red Skull"},{"floor":9,"key":"Pear"}],"event_choices":[{"event_name":"Shining Light","player_choice":"Entered Light","floor":2.0,"damage_taken":0.0},{"event_name":"Golden Idol","player_choice":"Take Wound","floor":3.0,"damage_taken":0.0},{"event_name":"Purifier","player_choice":"One Purge","floor":5.0,"damage_taken":0.0},{"event_name":"Ghosts","player_choice":"Ignored","floor":20,"damage_taken":0},{"event_name":"Nest","player_choice":"Joined the Cult","floor":22,"damage_taken":0}],"boss_relics":[{"not_picked":["Runic Cube","Coffee Dripper"],"picked":"Eternal Feather"}],"items_purged_floors":[],"is_endless":false,"potions_floor_spawned":[6,8,14,21],"seed_played":"5851700915425753157","killed_by":"Slaver and Parasite","ascension_level":0,"potions_obtained":[{"floor":6.0,"key":"Ancient Potion"},{"floor":8,"key":"Ancient Potion"},{"floor":14,"key":"Strength Potion"}],"is_trial":false}