{"gold_per_floor":[112,42,62,76,90,123,142,142,142,155,155,175,175,136,136,136],"floor_reached":16,"playtime":2107,"items_purged":[],"score":104,"play_id":"c388b517-198a-4d12-a9b4-ebcb31bfe251","local_time":"20180624234437","is_ascension_mode":false,"campfire_choices":[{"data":"Inflame","floor":11,"key":"SMITH"},{"data":"Heavy Blade","floor":13,"key":"SMITH"},{"data":"Whirlwind","floor":15,"key":"SMITH"}],"neow_cost":"NONE","seed_source_timestamp":507798352375412,"circlet_count":0,"master_deck":["Strike_R","Strike_R","Strike_R","Strike_R","Defend_R","Defend_R","Defend_R","Defend_R","Bash+1","Headbutt","Inflame+1","Heavy Blade+1","Iron Wave","Shrug It Off","Cleave","Whirlwind+1"],"relics":["Burning Blood","Strawberry"],"potions_floor_usage":[],"damage_taken":[{"damage":14,"enemies":"Jaw Worm","floor":1,"turns":4},{"damage":1,"enemies":"Cultist","floor":3,"turns":3},{"damage":2,"enemies":"Small Slimes","floor":4,"turns":3},{"damage":3,"enemies":"3 Louse","floor":5,"turns":5},{"damage":8,"enemies":"Gremlin Nob","floor":6,"turns":4},{"damage":6,"enemies":"Exordium Wildlife","floor":7,"turns":5},{"damage":16,"enemies":"Lots of Slimes","floor":10,"turns":5},{"damage":8,"enemies":"Large Slime","floor":12,"turns":4},{"damage":69,"enemies":"Hexaghost","floor":16,"turns":9}],"seed_played":"1534545629371219611","potions_obtained":[{"floor":1,"key":"Swift Potion"},{"floor":3,"key":"Dexterity Potion"},{"floor":6,"key":"SkillPotion"},{"floor":12,"key":"Dexterity Potion"}],"is_trial":false,"path_per_floor":["M","$","M","M","M","E","M","?","T","M","R","M","R","$","R"],"character_chosen":"IRONCLAD","items_purchased":["Inflame","Whirlwind"],"campfire_rested":0,"item_purchase_floors":[2,14],"current_hp_per_floor":[72,72,77,80,80,85,85,78,78,68,68,66,66,66,66,0],"gold":136,"neow_bonus":"UPGRADE_CARD","is_prod":false,"is_daily":false,"chose_seed":false,"campfire_upgraded":3,"win_rate":0.0,"timestamp":1529880277,"path_taken":["M","$","M","M","M","E","M","?","T","M","R","?","R","$","R","BOSS"],"build_version":"2018-06-21v2","purchased_purges":0,"victory":false,"max_hp_per_floor":[80,80,80,80,80,87,87,87,87,87,87,87,87,87,87,87],"card_choices":[{"not_picked":["Clash","Corruption"],"picked":"Headbutt","floor":1},{"not_picked":["Dropkick","Combust","Blood for Blood"],"picked":"SKIP","floor":3},{"not_picked":["Clash","Fire Breathing"],"picked":"Heavy Blade","floor":4},{"not_picked":["Perfected Strike","Havoc"],"picked":"Iron Wave","floor":5},{"not_picked":["Havoc","Body Slam","Bludgeon"],"picked":"SKIP","floor":6},{"not_picked":["Twin Strike","Clash"],"picked":"Shrug It Off","floor":7},{"not_picked":["Entrench","Blood for Blood","Searing Blow"],"picked":"SKIP","floor":10},{"not_picked":["Rampage","Feel No Pain"],"picked":"Cleave","floor":12}],"player_experience":110690,"relics_obtained":[{"floor":6,"key":"Strawberry"}],"event_choices":[{"event_name":"Golden Wing","player_choice":"Card Removal","floor":8,"damage_taken":0}],"boss_relics":[],"items_purged_floors":[],"is_endless":false,"potions_floor_spawned":[1,3,6,12],"killed_by":"Hexaghost","ascension_level":0}