{"gold_per_floor":[110,127,20,20,20,20,31,31,31,31,43,118,129,140,140,240,240,256,256,40,59,59,59,59,69,69,82,96,96],"floor_reached":29,"playtime":2690,"items_purged":["Strike_G"],"score":326,"play_id":"bc76dbd5-ff6f-4b2c-874b-ca05d4ad3244","local_time":"20180706180656","is_ascension_mode":true,"campfire_choices":[{"data":"Noxious Fumes","floor":6.0,"key":"SMITH"},{"data":"Sucker Punch","floor":8.0,"key":"SMITH"},{"data":"Sucker Punch","floor":10.0,"key":"SMITH"},{"floor":15.0,"key":"REST"},{"data":"Footwork","floor":23,"key":"SMITH"}],"neow_cost":"","seed_source_timestamp":1523611162640378,"circlet_count":0,"master_deck":["Defend_G","Defend_G","Defend_G","Defend_G","Defend_G","Strike_G","Strike_G","Strike_G","Strike_G","Survivor","Neutralize","AscendersBane","Sucker Punch+1","Sucker Punch+1","Heel Hook","Noxious Fumes+1","Dagger Spray","Backflip","Flying Knee","Glass Knife","Noxious Fumes","Caltrops","Predator","Footwork+1","Outmaneuver","Heel Hook+1"],"special_seed":0,"relics":["Ring of the Snake","NlothsMask","Sozu","Gremlin Horn"],"potions_floor_usage":[21,25,27],"damage_taken":[{"damage":2.0,"enemies":"Cultist","floor":1.0,"turns":5.0},{"damage":7.0,"enemies":"Small Slimes","floor":2.0,"turns":3.0},{"damage":0.0,"enemies":"Jaw Worm","floor":7.0,"turns":5.0},{"damage":0.0,"enemies":"Gremlin Gang","floor":11.0,"turns":5.0},{"damage":0.0,"enemies":"3 Louse","floor":13.0,"turns":3.0},{"damage":4.0,"enemies":"Blue Slaver","floor":14.0,"turns":5.0},{"damage":4.0,"enemies":"The Guardian","floor":16.0,"turns":15.0},{"damage":7.0,"enemies":"3 Byrds","floor":18.0,"turns":4.0},{"damage":11,"enemies":"Spheric Guardian","floor":21,"turns":4},{"damage":6,"enemies":"Centurion and Healer","floor":25,"turns":7},{"damage":5,"enemies":"Chosen and Byrds","floor":27,"turns":6},{"damage":6,"enemies":"Snake Plant","floor":28,"turns":6},{"damage":11,"enemies":"3 Cultists","floor":29,"turns":4}],"seed_played":"-4412345740733307182","potions_obtained":[{"floor":7.0,"key":"GhostInAJar"},{"floor":11.0,"key":"Weak Potion"},{"floor":13.0,"key":"LiquidBronze"},{"floor":14.0,"key":"Fire Potion"}],"is_trial":false,"path_per_floor":["M","M","$","?","?","R","M","R","T","R","M","?","M","M","R","B",null,"M","?","$","M","$","R","?","M","T","M","M"],"character_chosen":"THE_SILENT","items_purchased":["Heel Hook","Noxious Fumes","Caltrops","Predator"],"campfire_rested":1,"item_purchase_floors":[3,3,20,20],"current_hp_per_floor":[61,54,54,54,54,54,54,54,54,54,54,43,43,39,60,56,67,60,60,60,49,49,49,36,30,30,25,19,8],"gold":96,"neow_bonus":"","is_prod":false,"is_daily":false,"chose_seed":false,"campfire_upgraded":4,"win_rate":0,"timestamp":1530896816,"path_taken":["M","M","$","?","?","R","M","R","T","R","?","?","?","M","R","BOSS","M","?","$","M","$","R","?","M","T","M","M","M"],"build_version":"2018-07-05","purchased_purges":1,"victory":false,"max_hp_per_floor":[70,70,70,70,70,70,70,70,70,70,70,70,70,70,70,70,70,70,70,70,70,70,70,75,75,75,75,75,75],"card_choices":[{"not_picked":["Dagger Spray","Deadly Poison"],"picked":"Sucker Punch","floor":1.0},{"not_picked":["Outmaneuver","PiercingWail"],"picked":"Sucker Punch","floor":2.0},{"not_picked":["Eviscerate","Acrobatics"],"picked":"Dagger Spray","floor":7.0},{"not_picked":["Masterful Stab","Dodge and Roll"],"picked":"Backflip","floor":11.0},{"not_picked":["Outmaneuver","Deflect","Poisoned Stab"],"picked":"SKIP","floor":13.0},{"not_picked":["Dagger Throw","Distraction"],"picked":"Flying Knee","floor":14.0},{"not_picked":["Corpse Explosion","Unload"],"picked":"Glass Knife","floor":16.0},{"not_picked":["Prepared","Infinite Blades","Sucker Punch"],"picked":"SKIP","floor":18.0},{"not_picked":["Caltrops","Finisher"],"picked":"Footwork","floor":21},{"not_picked":["Backstab+1","Expertise"],"picked":"Outmaneuver","floor":25},{"not_picked":["Acrobatics","Flying Knee","Dagger Spray"],"picked":"SKIP","floor":27},{"not_picked":["Deadly Poison+1","Quick Slash"],"picked":"Heel Hook+1","floor":28}],"player_experience":389110,"relics_obtained":[{"floor":26,"key":"Gremlin Horn"}],"event_choices":[{"event_name":"Shining Light","player_choice":"Ignored","floor":4.0,"damage_taken":0.0},{"event_name":"FaceTrader","player_choice":"Trade","floor":5.0,"damage_taken":0.0},{"event_name":"World of Goop","player_choice":"Gather Gold","floor":12.0,"damage_taken":0.0},{"event_name":"The Library","player_choice":"Read","floor":19.0,"damage_taken":0.0},{"event_name":"Forgotten Altar","player_choice":"Shed Blood","floor":24,"damage_taken":0}],"boss_relics":[{"not_picked":["Empty Cage","Orrery"],"picked":"Sozu"}],"items_purged_floors":[20],"is_endless":false,"potions_floor_spawned":[7,11,13,14,18,25,28],"killed_by":"3 Cultists","ascension_level":10}