{"gold_per_floor":[109,64,80,99,111,111,137,412,435,38,38,38,48,1,1,1],"floor_reached":16,"playtime":532,"items_purged":["Regret"],"score":140,"play_id":"d00e9a63-b26e-414f-ad12-d4f530e88df3","local_time":"20190722194627","is_ascension_mode":true,"campfire_choices":[{"data":"Armaments","floor":6,"key":"SMITH"},{"data":"Hemokinesis","floor":11,"key":"SMITH"},{"data":"Pommel Strike","floor":15,"key":"SMITH"}],"neow_cost":"NONE","seed_source_timestamp":105031063022300,"circlet_count":0,"master_deck":["Strike_R","Strike_R","Strike_R","Strike_R","Strike_R","Defend_R","Defend_R","Defend_R","Defend_R","Bash","Armaments+1","Shrug It Off","Pommel Strike+1","Hemokinesis+1","Warcry+1"],"relics":["Burning Blood","Red Skull","Regal Pillow","Toxic Egg 2","GremlinMask"],"potions_floor_usage":[5,5,16,16],"damage_taken":[{"damage":12,"enemies":"Small Slimes","floor":1,"turns":4},{"damage":1,"enemies":"Cultist","floor":3,"turns":4},{"damage":2,"enemies":"2 Louse","floor":4,"turns":3},{"damage":21,"enemies":"Lots of Slimes","floor":5,"turns":6},{"damage":32,"enemies":"Gremlin Nob","floor":7,"turns":5},{"damage":2,"enemies":"Red Slaver","floor":13,"turns":2},{"damage":61,"enemies":"Slime Boss","floor":16,"turns":6}],"seed_played":"-784690263601452470","potions_obtained":[{"floor":0,"key":"SkillPotion"},{"floor":0,"key":"SpeedPotion"},{"floor":0,"key":"GamblersBrew"},{"floor":7,"key":"Energy Potion"},{"floor":13,"key":"BloodPotion"}],"is_trial":false,"path_per_floor":["M","$","M","M","M","R","E","?","T","$","R","?","M","$","R","B"],"character_chosen":"IRONCLAD","items_purchased":["Shrug It Off","Toxic Egg 2","Hemokinesis","Warcry+1"],"campfire_rested":0,"item_purchase_floors":[2,10,10,14],"current_hp_per_floor":[66,66,71,75,60,60,34,34,34,34,34,34,38,38,38,0],"gold":1,"neow_bonus":"THREE_SMALL_POTIONS","is_prod":false,"is_daily":false,"chose_seed":false,"campfire_upgraded":3,"win_rate":0,"timestamp":1563839187,"path_taken":["M","$","M","M","M","R","E","?","T","?","R","?","?","$","R","BOSS"],"build_version":"2019-07-17","purchased_purges":1,"victory":false,"max_hp_per_floor":[80,80,80,80,80,80,80,80,80,80,80,80,80,80,80,80],"card_choices":[{"not_picked":["Ghostly Armor","Clash"],"picked":"Armaments","floor":1},{"not_picked":["Havoc","Reckless Charge","Wild Strike"],"picked":"SKIP","floor":3},{"not_picked":["Warcry","Bloodletting"],"picked":"Pommel Strike","floor":4},{"not_picked":["Entrench","Wild Strike","Body Slam"],"picked":"SKIP","floor":5},{"not_picked":["Wild Strike","Headbutt","Armaments"],"picked":"SKIP","floor":7},{"not_picked":["Fire Breathing","Thunderclap","Havoc+1"],"picked":"SKIP","floor":13}],"player_experience":496914,"relics_obtained":[{"floor":7,"key":"Red Skull"},{"floor":9,"key":"Regal Pillow"}],"event_choices":[{"damage_healed":0,"gold_gain":275,"player_choice":"Desecrate","damage_taken":0,"max_hp_gain":0,"max_hp_loss":0,"event_name":"Golden Shrine","floor":8,"gold_loss":0,"cards_obtained":["Regret"]},{"damage_healed":0,"gold_gain":0,"player_choice":"Trade","damage_taken":0,"relics_obtained":["GremlinMask"],"max_hp_gain":0,"max_hp_loss":0,"event_name":"FaceTrader","floor":12,"gold_loss":0}],"is_beta":false,"boss_relics":[],"items_purged_floors":[10],"is_endless":false,"potions_floor_spawned":[3,7,13],"killed_by":"Slime Boss","ascension_level":8}