{"gold_per_floor":[115,76,76,89,14,14,49,60,140,140,159,159,185,65,65,165,165,179,196,215,134,153,183,198,198,198,198,62,77,77,97,97,193,193,209,219,319,319,184,184,184,184,184,196,196,213,213,0,0,0],"floor_reached":51,"playtime":9708,"items_purged":["Strike_G","Strike_G"],"score":767,"play_id":"3485695c-b4ca-4596-b170-3d645c0b8e23","local_time":"20181125204924","is_ascension_mode":true,"campfire_choices":[{"data":"Footwork","floor":6.0,"key":"SMITH"},{"data":"Footwork","floor":10.0,"key":"SMITH"},{"data":"Deflect","floor":12.0,"key":"SMITH"},{"data":"Venomology","floor":15.0,"key":"SMITH"},{"floor":25.0,"key":"REST"},{"floor":32.0,"key":"REST"},{"data":"Footwork","floor":40.0,"key":"SMITH"},{"data":"Well Laid Plans","floor":41.0,"key":"SMITH"},{"data":"Terror","floor":45,"key":"SMITH"},{"floor":49,"key":"REST"}],"neow_cost":"NONE","seed_source_timestamp":0,"circlet_count":0,"master_deck":["Defend_G","Defend_G","Defend_G","Defend_G","Defend_G","Strike_G","Strike_G","Strike_G","Survivor","Neutralize","PiercingWail","Footwork+1","Dagger Spray","Footwork+1","Predator","Deflect+1","Backflip","Venomology+1","Deflect","Flying Knee","Caltrops","Dodge and Roll","Terror+1","Leg Sweep","Prepared+1","Normality","Well Laid Plans+1","Outmaneuver+1","Footwork+1","Die Die Die","Backflip","Flying Knee","Blade Dance","Deflect","Infinite Blades","Parasite","Dodge and Roll","Noxious Fumes","Dodge and Roll+1"],"special_seed":0,"relics":["Ring of the Snake","Bag of Marbles","Strawberry","Pocketwatch","Dodecahedron","Unceasing Top","Cursed Key","Dream Catcher","Kunai","FaceOfCleric","WristBlade","WingedGreaves","Snake Skull"],"potions_floor_usage":[44,46,50,50],"damage_taken":[{"damage":0.0,"enemies":"2 Louse","floor":1.0,"turns":4.0},{"damage":0.0,"enemies":"Cultist","floor":4.0,"turns":4.0},{"damage":0.0,"enemies":"3 Sentries","floor":7.0,"turns":10.0},{"damage":0.0,"enemies":"Small Slimes","floor":8.0,"turns":1.0},{"damage":8.0,"enemies":"Exordium Thugs","floor":11.0,"turns":5.0},{"damage":13.0,"enemies":"Gremlin Nob","floor":13.0,"turns":4.0},{"damage":9.0,"enemies":"The Guardian","floor":16.0,"turns":14.0},{"damage":1.0,"enemies":"3 Byrds","floor":18.0,"turns":9.0},{"damage":0.0,"enemies":"Shell Parasite","floor":19.0,"turns":4.0},{"damage":0.0,"enemies":"Shelled Parasite and Fungi","floor":20.0,"turns":11.0},{"damage":15.0,"enemies":"3 Cultists","floor":22.0,"turns":7.0},{"damage":27.0,"enemies":"Slavers","floor":23.0,"turns":9.0},{"damage":20.0,"enemies":"Sentry and Sphere","floor":24.0,"turns":10.0},{"damage":1.0,"enemies":"Snake Plant","floor":29.0,"turns":7.0},{"damage":10.0,"enemies":"Snecko","floor":31.0,"turns":6.0},{"damage":12.0,"enemies":"Automaton","floor":33.0,"turns":16.0},{"damage":6.0,"enemies":"3 Darklings","floor":35.0,"turns":9.0},{"damage":9.0,"enemies":"Orb Walker","floor":36.0,"turns":7.0},{"damage":7.0,"enemies":"Mind Bloom Boss Battle","floor":37.0,"turns":11.0},{"damage":0.0,"enemies":"Jaw Worm Horde","floor":42.0,"turns":1.0},{"damage":14,"enemies":"Writhing Mass","floor":44,"turns":8},{"damage":1,"enemies":"Maw","floor":46,"turns":10},{"damage":27,"enemies":"Time Eater","floor":50,"turns":18}],"seed_played":"800191486095889907","potions_obtained":[{"floor":4.0,"key":"Regen Potion"},{"floor":8.0,"key":"Regen Potion"},{"floor":11.0,"key":"Regen Potion"},{"floor":18.0,"key":"SpeedPotion"},{"floor":20.0,"key":"Regen Potion"},{"floor":24.0,"key":"Weak Potion"},{"floor":29.0,"key":"GhostInAJar"},{"floor":36.0,"key":"SkillPotion"}],"is_trial":false,"path_per_floor":["M","$","?","M","$","R","E","M","T","R","M","R","E","$","R","B",null,"M","M","M","M","$","M","E","M","R","T","?","$","M","?","M","R","B",null,"M","M","?","$","$","R","R","M","T","M","R","M","?","$","R","B",null],"character_chosen":"THE_SILENT","items_purchased":["Footwork","Footwork","Deflect","Caltrops","Well Laid Plans","Deflect","Infinite Blades","Snake Skull","Noxious Fumes"],"campfire_rested":3,"item_purchase_floors":[2,5,14,21,28,39,39,48,48],"current_hp_per_floor":[70,70,77,77,77,77,77,77,77,77,70,70,65,65,65,68,77,76,76,76,76,69,42,22,45,45,45,45,45,45,36,59,48,80,75,67,61,61,61,61,61,62,62,49,49,49,49,49,74,48],"gold":0,"neow_bonus":"RANDOM_COMMON_RELIC","is_prod":false,"is_daily":false,"chose_seed":false,"campfire_upgraded":7,"win_rate":0,"timestamp":1543178964,"path_taken":["M","$","?","M","$","R","E","M","T","R","M","R","E","$","R","BOSS","M","?","M","$","M","E","M","R","T","?","?","M","?","M","R","BOSS","M","M","?","$","$","R","R","M","T","M","R","M","?","$","R","BOSS"],"build_version":"2018-11-15","purchased_purges":2,"victory":true,"max_hp_per_floor":[70,70,77,77,77,77,77,77,77,77,77,77,77,77,77,77,77,77,77,77,77,77,77,77,77,77,77,77,78,78,79,79,80,80,81,82,83,83,83,83,83,84,84,85,85,86,86,86,86,87],"card_choices":[{"not_picked":["Cloak And Dagger","Quick Slash"],"picked":"PiercingWail","floor":1.0},{"not_picked":["Infinite Blades","Deflect"],"picked":"Dagger Spray","floor":4.0},{"not_picked":["Prepared","Underhanded Strike"],"picked":"Predator","floor":7.0},{"not_picked":["Bane","Setup"],"picked":"Deflect","floor":8.0},{"not_picked":["PiercingWail","Slice"],"picked":"Backflip","floor":11.0},{"not_picked":["Choke","Leg Sweep"],"picked":"Venomology","floor":13.0},{"not_picked":["Poisoned Stab","Underhanded Strike","Dagger Spray"],"picked":"SKIP","floor":18.0},{"not_picked":["Bane","Dagger Throw","Poisoned Stab"],"picked":"SKIP","floor":19.0},{"not_picked":["All Out Attack+1","Prepared+1"],"picked":"Flying Knee","floor":20.0},{"not_picked":["Deadly Poison","Finisher"],"picked":"Dodge and Roll","floor":22.0},{"not_picked":["Poisoned Stab","Dodge and Roll"],"picked":"Terror","floor":23.0},{"not_picked":["Prepared","Dash"],"picked":"Leg Sweep","floor":24.0},{"not_picked":["Concentrate","Quick Slash"],"picked":"Prepared+1","floor":25.0},{"not_picked":["Bouncing Flask","Deflect"],"picked":"Outmaneuver+1","floor":29.0},{"not_picked":["Poisoned Stab","Skewer","Quick Slash"],"picked":"SKIP","floor":31.0},{"not_picked":["Acrobatics","Underhanded Strike"],"picked":"Footwork","floor":32.0},{"not_picked":["Storm of Steel","Corpse Explosion"],"picked":"Die Die Die","floor":33.0},{"not_picked":["Deadly Poison+1","Prepared+1"],"picked":"Backflip","floor":35.0},{"not_picked":["Sucker Punch","Acrobatics+1"],"picked":"Flying Knee","floor":36.0},{"not_picked":["Flechettes","Dagger Spray+1"],"picked":"Blade Dance","floor":37.0},{"not_picked":["Escape Plan+1","Dash+1"],"picked":"Dodge and Roll","floor":44},{"not_picked":["Dagger Spray","Quick Slash","Prepared"],"picked":"SKIP","floor":46},{"not_picked":["Deflect","Leg Sweep+1"],"picked":"Dodge and Roll+1","floor":49}],"player_experience":195416,"relics_obtained":[{"floor":3.0,"key":"Strawberry"},{"floor":7.0,"key":"Pocketwatch"},{"floor":9.0,"key":"Dodecahedron"},{"floor":13.0,"key":"Unceasing Top"},{"floor":23.0,"key":"Dream Catcher"},{"floor":26.0,"key":"Kunai"},{"floor":37.0,"key":"WingedGreaves"}],"event_choices":[{"damage_healed":0.0,"max_hp_gain":0.0,"max_hp_loss":0.0,"gold_gain":0.0,"event_name":"Wheel of Change","player_choice":"Relic","floor":3.0,"gold_loss":0.0,"damage_taken":0.0},{"damage_healed":0.0,"max_hp_gain":0.0,"max_hp_loss":0.0,"gold_gain":0.0,"event_name":"FaceTrader","player_choice":"Trade","floor":27.0,"gold_loss":0.0,"damage_taken":0.0,"relics_obtained":["FaceOfCleric"]},{"damage_healed":0.0,"max_hp_gain":0.0,"max_hp_loss":0.0,"gold_gain":0.0,"event_name":"The Mausoleum","player_choice":"Ignored","floor":30.0,"gold_loss":0.0,"damage_taken":0.0},{"damage_healed":0.0,"max_hp_gain":0.0,"max_hp_loss":0.0,"gold_gain":0.0,"event_name":"MindBloom","player_choice":"Fight","floor":37.0,"gold_loss":0.0,"damage_taken":0.0},{"damage_healed":0,"gold_gain":0,"player_choice":"Ignored","damage_taken":0,"max_hp_gain":0,"max_hp_loss":0,"event_name":"Tomb of Lord Red Mask","floor":47,"gold_loss":0}],"is_beta":false,"boss_relics":[{"not_picked":["Runic Dome","Calling Bell"],"picked":"Cursed Key"},{"not_picked":["Coffee Dripper","Snecko Eye"],"picked":"WristBlade"}],"items_purged_floors":[14,28],"is_endless":false,"potions_floor_spawned":[4,8,11,18,20,24,29,36],"ascension_level":2}