{"gold_per_floor":[119,119,119,134,148,148,161,161,161,180,66,98,98,110,110,110],"floor_reached":16,"playtime":1678,"items_purged":[],"score":112,"play_id":"f02f9dc2-a915-4630-8f87-d6f85c92ebac","local_time":"20180629204113","is_ascension_mode":true,"campfire_choices":[{"data":"Predator","floor":6.0,"key":"SMITH"},{"data":"Sucker Punch","floor":8.0,"key":"SMITH"},{"floor":15.0,"key":"REST"}],"neow_cost":"","seed_source_timestamp":926847043730600,"circlet_count":0,"master_deck":["Defend_G","Defend_G","Defend_G","Defend_G","Defend_G","Strike_G","Strike_G","Strike_G","Survivor","Neutralize","Escape Plan","Predator+1","Sucker Punch+1","Dagger Spray","Die Die Die","Burst","Outmaneuver"],"special_seed":0,"relics":["Ring of the Snake","The Courier","Unceasing Top"],"potions_floor_usage":[16],"damage_taken":[{"damage":8.0,"enemies":"2 Louse","floor":1.0,"turns":7.0},{"damage":0.0,"enemies":"Jaw Worm","floor":4.0,"turns":6.0},{"damage":4.0,"enemies":"Cultist","floor":5.0,"turns":5.0},{"damage":5.0,"enemies":"Gremlin Gang","floor":7.0,"turns":4.0},{"damage":7.0,"enemies":"Lots of Slimes","floor":10.0,"turns":6.0},{"damage":13.0,"enemies":"Lagavulin","floor":12.0,"turns":10.0},{"damage":5.0,"enemies":"3 Louse","floor":14.0,"turns":2.0},{"damage":55,"enemies":"Hexaghost","floor":16,"turns":13}],"seed_played":"2436824933030432708","potions_obtained":[{"floor":4.0,"key":"SteroidPotion"},{"floor":7.0,"key":"AttackPotion"},{"floor":12.0,"key":"FearPotion"}],"is_trial":false,"path_per_floor":["M","?","?","M","M","R","M","R","T","M","$","E","?","M","R"],"character_chosen":"THE_SILENT","items_purchased":["Die Die Die"],"campfire_rested":1,"item_purchase_floors":[],"current_hp_per_floor":[62,67,67,67,63,63,58,58,58,51,51,38,38,33,55,0],"gold":110,"neow_bonus":"","is_prod":false,"is_daily":false,"chose_seed":false,"campfire_upgraded":2,"win_rate":0,"timestamp":1530301273,"path_taken":["M","?","?","?","M","R","M","R","T","M","$","E","?","M","R","BOSS"],"build_version":"2018-06-28","purchased_purges":0,"victory":false,"max_hp_per_floor":[70,75,75,75,75,75,75,75,75,75,75,75,75,75,75,75],"card_choices":[{"not_picked":["Underhanded Strike","Bane"],"picked":"Escape Plan","floor":1.0},{"not_picked":["Cloak And Dagger","Underhanded Strike","Dodge and Roll"],"picked":"SKIP","floor":4.0},{"not_picked":["Masterful Stab","Quick Slash"],"picked":"Predator","floor":5.0},{"not_picked":["Acrobatics","Bouncing Flask"],"picked":"Sucker Punch","floor":7.0},{"not_picked":["Sucker Punch","PiercingWail"],"picked":"Dagger Spray","floor":10.0},{"not_picked":["Flying Knee","Deflect"],"picked":"Burst","floor":12.0},{"not_picked":["Poisoned Stab","Flying Knee"],"picked":"Outmaneuver","floor":14.0}],"player_experience":234058,"relics_obtained":[{"floor":9.0,"key":"The Courier"},{"floor":12.0,"key":"Unceasing Top"}],"event_choices":[{"event_name":"Big Fish","player_choice":"Donut","floor":2.0,"damage_taken":0.0},{"event_name":"Bonfire Elementals","player_choice":"BASIC","floor":3.0,"damage_taken":0.0},{"event_name":"Scrap Ooze","player_choice":"unsuccessful","floor":13.0,"damage_taken":0.0}],"boss_relics":[],"items_purged_floors":[],"is_endless":false,"potions_floor_spawned":[4,7,12],"killed_by":"Hexaghost","ascension_level":2}