{"gold_per_floor":[117,134,134,146,164,190,190,221,295,295,320,333,343,343],"floor_reached":14,"playtime":958,"items_purged":[],"score":112,"play_id":"8ed0dda4-bb1d-412a-9ed8-510a1be4b627","local_time":"20190718084259","is_ascension_mode":true,"campfire_choices":[{"floor":7,"key":"REST"},{"floor":10,"key":"REST"}],"neow_cost":"NONE","seed_source_timestamp":227639779075821,"circlet_count":0,"master_deck":["Strike_R+1","Strike_R","Strike_R","Strike_R","Strike_R","Defend_R","Defend_R","Defend_R","Defend_R+1","Bash","Perfected Strike","Pommel Strike","Twin Strike","Cleave","Armaments","Feed"],"relics":["Eternal Feather","Kunai","Bird Faced Urn","Question Card","Odd Mushroom"],"potions_floor_usage":[13,13],"damage_taken":[{"damage":4,"enemies":"2 Louse","floor":1,"turns":4},{"damage":6,"enemies":"Small Slimes","floor":2,"turns":4},{"damage":6,"enemies":"Cultist","floor":4,"turns":3},{"damage":17,"enemies":"Red Slaver","floor":5,"turns":5},{"damage":20,"enemies":"Gremlin Nob","floor":6,"turns":4},{"damage":26,"enemies":"3 Sentries","floor":8,"turns":7},{"damage":19,"enemies":"The Mushroom Lair","floor":11,"turns":4},{"damage":11,"enemies":"Blue Slaver","floor":12,"turns":4},{"damage":13,"enemies":"Large Slime","floor":13,"turns":3},{"damage":7,"enemies":"3 Louse","floor":14,"turns":2}],"seed_played":"2640230272096426562","potions_obtained":[{"floor":1,"key":"Dexterity Potion"},{"floor":6,"key":"Strength Potion"},{"floor":8,"key":"FearPotion"},{"floor":11,"key":"FearPotion"},{"floor":13,"key":"Fire Potion"}],"is_trial":false,"path_per_floor":["M","M","?","M","M","E","R","E","T","R","?","M","M","M"],"character_chosen":"IRONCLAD","items_purchased":[],"campfire_rested":2,"item_purchase_floors":[],"current_hp_per_floor":[76,70,54,48,31,11,41,15,15,45,26,15,2,0],"gold":343,"neow_bonus":"BOSS_RELIC","is_prod":false,"is_daily":false,"chose_seed":false,"campfire_upgraded":0,"win_rate":0,"timestamp":1563457379,"path_taken":["M","M","?","M","M","E","R","E","T","R","?","M","M","M"],"build_version":"2019-07-17","purchased_purges":0,"victory":false,"max_hp_per_floor":[80,80,80,80,80,80,80,80,80,80,80,80,80,80],"card_choices":[{"not_picked":["Corruption","Sentinel"],"picked":"Perfected Strike","floor":1},{"not_picked":["Clash","Perfected Strike","Blood for Blood"],"picked":"SKIP","floor":2},{"not_picked":["Pummel","Flame Barrier","Immolate"],"picked":"SKIP","floor":4},{"not_picked":["Anger","Heavy Blade","Power Through"],"picked":"SKIP","floor":5},{"not_picked":["Headbutt","Wild Strike"],"picked":"Pommel Strike","floor":6},{"not_picked":["Power Through","Flame Barrier"],"picked":"Twin Strike","floor":8},{"not_picked":["Flex","Second Wind","Sentinel"],"picked":"Cleave","floor":11},{"not_picked":["Iron Wave","Carnage","Flame Barrier"],"picked":"Armaments","floor":12},{"not_picked":["Metallicize","Armaments","Pummel"],"picked":"Feed","floor":13}],"player_experience":195788,"relics_obtained":[{"floor":6,"key":"Kunai"},{"floor":8,"key":"Bird Faced Urn"},{"floor":9,"key":"Question Card"},{"floor":11,"key":"Odd Mushroom"}],"event_choices":[{"damage_healed":0,"gold_gain":0,"player_choice":"Entered Light","damage_taken":16,"max_hp_gain":0,"max_hp_loss":0,"event_name":"Shining Light","floor":3,"gold_loss":0,"cards_upgraded":["Defend_R","Strike_R"]},{"damage_healed":0,"gold_gain":0,"player_choice":"Fought Mushrooms","damage_taken":0,"max_hp_gain":0,"max_hp_loss":0,"event_name":"Mushrooms","floor":11,"gold_loss":0}],"is_beta":false,"boss_relics":[],"items_purged_floors":[],"is_endless":false,"potions_floor_spawned":[1,6,8,11,13],"killed_by":"3 Louse","ascension_level":2}