{"gold_per_floor":[116,129,129,147,224,224,234,234,316,316,327,13,26,42,42,143,143,162,180,23,23],"floor_reached":21,"playtime":1391,"items_purged":[],"score":173,"play_id":"34dfca83-5646-4c05-ae87-66145bb1fffd","local_time":"20180623135440","is_ascension_mode":false,"campfire_choices":[{"data":"Carnage","floor":6,"key":"SMITH"},{"data":"Clothesline","floor":8,"key":"SMITH"},{"data":"Clothesline","floor":15,"key":"SMITH"}],"neow_cost":"NONE","seed_source_timestamp":386731150889047,"circlet_count":0,"master_deck":["Strike_R","Strike_R","Strike_R","Strike_R","Strike_R","Defend_R","Defend_R","Defend_R","Defend_R","Clothesline+1","Carnage+1","Rampage","Perfected Strike","Regret","Heavy Blade","Clothesline+1","Wild Strike","Intimidate","Perfected Strike+1","Double Tap","Sword Boomerang","Twin Strike+1"],"relics":["Burning Blood","Bag of Preparation","Mummified Hand","Bag of Marbles","Pantograph","Runic Pyramid","Whetstone"],"potions_floor_usage":[4,4,11,19,19],"damage_taken":[{"damage":10,"enemies":"Jaw Worm","floor":1,"turns":6},{"damage":1,"enemies":"Cultist","floor":2,"turns":4},{"damage":10,"enemies":"Small Slimes","floor":4,"turns":3},{"damage":5,"enemies":"3 Louse","floor":7,"turns":4},{"damage":17,"enemies":"Exordium Thugs","floor":11,"turns":5},{"damage":8,"enemies":"2 Fungi Beasts","floor":13,"turns":3},{"damage":0,"enemies":"Looter","floor":14,"turns":1},{"damage":77,"enemies":"The Guardian","floor":16,"turns":11},{"damage":62,"enemies":"3 Byrds","floor":18,"turns":7},{"damage":15,"enemies":"Spheric Guardian","floor":19,"turns":3},{"damage":0,"enemies":"Chosen and Byrds","floor":21,"turns":3}],"seed_played":"2245379663692345353","potions_obtained":[{"floor":1,"key":"BloodPotion"},{"floor":2,"key":"Energy Potion"},{"floor":4,"key":"Dexterity Potion"},{"floor":13,"key":"SpeedPotion"},{"floor":18,"key":"GamblersBrew"}],"is_trial":false,"path_per_floor":["M","M","?","M","?","R","M","R","T","?","M","$","M","M","R","B",null,"M","M","$"],"character_chosen":"IRONCLAD","items_purchased":["Pantograph","Clothesline","Wild Strike","Whetstone"],"campfire_rested":0,"item_purchase_floors":[12,12,12,20],"current_hp_per_floor":[76,80,80,80,80,80,80,80,80,80,69,69,67,73,73,9,80,24,15,15,15],"gold":23,"neow_bonus":"RANDOM_COMMON_RELIC","is_prod":false,"is_daily":false,"chose_seed":false,"campfire_upgraded":3,"win_rate":0.0,"timestamp":1529758480,"path_taken":["M","M","?","M","?","R","M","R","T","?","M","$","M","M","R","BOSS","M","M","$","?"],"build_version":"2018-06-21v2","purchased_purges":0,"victory":false,"max_hp_per_floor":[80,80,80,80,80,80,80,80,80,80,80,80,80,80,80,80,80,80,80,80,80],"card_choices":[{"not_picked":["Second Wind","Perfected Strike"],"picked":"Clothesline","floor":1},{"not_picked":["Dual Wield","Rage"],"picked":"Carnage","floor":2},{"not_picked":["Pommel Strike","Whirlwind"],"picked":"Rampage","floor":4},{"not_picked":["Armaments","True Grit"],"picked":"Perfected Strike","floor":7},{"not_picked":["Limit Break","Disarm"],"picked":"Heavy Blade","floor":11},{"not_picked":["Sever Soul","Perfected Strike"],"picked":"Intimidate","floor":13},{"not_picked":["Armaments","True Grit"],"picked":"Perfected Strike","floor":14},{"not_picked":["Dark Embrace","Juggernaut"],"picked":"Double Tap","floor":16},{"not_picked":["Rupture","Flex"],"picked":"Sword Boomerang","floor":18},{"not_picked":["Shrug It Off","Body Slam+1"],"picked":"Twin Strike","floor":19}],"player_experience":79264,"relics_obtained":[{"floor":9,"key":"Mummified Hand"}],"event_choices":[{"event_name":"Bonfire Elementals","player_choice":"BASIC","floor":3,"damage_taken":0},{"event_name":"Golden Wing","player_choice":"Gained Gold","floor":5,"damage_taken":0},{"event_name":"Big Fish","player_choice":"Box","floor":10,"damage_taken":0}],"boss_relics":[{"not_picked":["Lizard Tail","Sozu"],"picked":"Runic Pyramid"}],"items_purged_floors":[],"is_endless":false,"potions_floor_spawned":[1,2,4,13,18],"killed_by":"Chosen and Byrds","ascension_level":0}