{"gold_per_floor":[215,165,165,11,86,118,118,146,170,170,170,170,188,212,212,314,314,333,137,137,137,150,179,179,208,208,223,0,0,0,12,12,12],"floor_reached":33,"playtime":1556,"items_purged":["Pain"],"score":421,"play_id":"bce7de9a-2707-4cdf-b6aa-47015b7cab3b","local_time":"20190719184219","is_ascension_mode":true,"campfire_choices":[{"data":"Immolate","floor":7,"key":"SMITH"},{"data":"Armaments","floor":10,"key":"SMITH"},{"data":"Bash","floor":12,"key":"SMITH"},{"data":"Ghostly Armor","floor":15,"key":"SMITH"},{"data":"Offering","floor":24,"key":"SMITH"},{"data":"Entrench","floor":29,"key":"SMITH"},{"floor":32,"key":"REST"}],"neow_cost":"NONE","seed_source_timestamp":252288685357200,"circlet_count":0,"master_deck":["Bash+1","Body Slam+1","Immolate+1","Ghostly Armor+1","Armaments+1","Iron Wave+1","Juggernaut","Blood for Blood+1","Wild Strike+1","Offering+1","Ghostly Armor","Infernal Blade","Iron Wave+1","Sentinel","Entrench+1","Dual Wield","Thunderclap+1","Flame Barrier+1","Feed+1","Intimidate+1","Evolve","Battle Trance"],"relics":["Burning Blood","Bottled Flame","Molten Egg 2","Ancient Tea Set","Odd Mushroom","Pandora\u0027s Box","Vajra","Charon\u0027s Ashes","Sundial","Lantern","Oddly Smooth Stone"],"potions_floor_usage":[16,16,33],"damage_taken":[{"damage":15,"enemies":"Small Slimes","floor":1,"turns":4},{"damage":24,"enemies":"Gremlin Nob","floor":6,"turns":4},{"damage":0,"enemies":"3 Sentries","floor":8,"turns":5},{"damage":2,"enemies":"Jaw Worm","floor":13,"turns":2},{"damage":0,"enemies":"The Mushroom Lair","floor":14,"turns":1},{"damage":49,"enemies":"Hexaghost","floor":16,"turns":9},{"damage":6,"enemies":"Spheric Guardian","floor":18,"turns":3},{"damage":10,"enemies":"3 Byrds","floor":22,"turns":4},{"damage":34,"enemies":"Slavers","floor":23,"turns":5},{"damage":6,"enemies":"Gremlin Leader","floor":25,"turns":2},{"damage":11,"enemies":"Snake Plant","floor":27,"turns":3},{"damage":7,"enemies":"Cultist and Chosen","floor":31,"turns":2},{"damage":71,"enemies":"Collector","floor":33,"turns":11}],"seed_played":"68203817630619470","potions_obtained":[{"floor":1,"key":"LiquidBronze"},{"floor":8,"key":"Regen Potion"},{"floor":16,"key":"SkillPotion"},{"floor":18,"key":"FearPotion"},{"floor":31,"key":"SpeedPotion"}],"is_trial":false,"path_per_floor":["M","?","?","$","?","E","R","E","T","R","?","R","M","?","R","B",null,"M","$","?","?","M","E","R","E","T","M","$","R","?","M","R","B"],"character_chosen":"IRONCLAD","items_purchased":["Immolate","Ghostly Armor","Entrench","Vajra","Evolve","Battle Trance"],"campfire_rested":1,"item_purchase_floors":[4,4,19,19,28,28],"current_hp_per_floor":[71,71,71,71,60,42,42,48,48,48,53,53,57,63,63,34,72,72,72,72,72,68,40,40,40,40,35,35,35,35,38,64,0],"gold":12,"neow_bonus":"HUNDRED_GOLD","is_prod":false,"is_daily":false,"chose_seed":false,"campfire_upgraded":6,"win_rate":0,"timestamp":1563576139,"path_taken":["M","?","?","$","?","E","R","E","T","R","?","R","M","?","R","BOSS","M","$","?","?","?","E","R","E","T","M","?","R","?","?","R","BOSS"],"build_version":"2019-07-17","purchased_purges":1,"victory":false,"max_hp_per_floor":[80,80,80,80,80,80,80,80,80,80,85,85,85,85,85,85,85,85,85,85,85,85,85,85,85,85,85,85,85,85,89,89,89],"card_choices":[{"not_picked":["Intimidate","Sentinel"],"picked":"Body Slam","floor":1},{"not_picked":["Fiend Fire","Corruption","Sword Boomerang"],"picked":"SKIP","floor":6},{"not_picked":["Warcry","Blood for Blood"],"picked":"Armaments","floor":8},{"not_picked":["Wild Strike+1","Havoc","Flex"],"picked":"SKIP","floor":13},{"not_picked":["Power Through","Wild Strike+1"],"picked":"Iron Wave+1","floor":14},{"not_picked":["Impervious","Berserk"],"picked":"Juggernaut","floor":16},{"not_picked":["Body Slam+1","Fire Breathing","Hemokinesis+1"],"picked":"SKIP","floor":18},{"not_picked":["Entrench","Twin Strike+1"],"picked":"Thunderclap+1","floor":22},{"not_picked":["Whirlwind+1","Reaper+1"],"picked":"Flame Barrier+1","floor":23},{"not_picked":["Inflame","Twin Strike+1"],"picked":"Feed+1","floor":25},{"not_picked":["Dropkick+1","Thunderclap+1"],"picked":"Intimidate+1","floor":27},{"not_picked":["Clothesline+1","Warcry","Second Wind+1"],"picked":"SKIP","floor":31}],"player_experience":428044,"relics_obtained":[{"floor":6,"key":"Bottled Flame"},{"floor":8,"key":"Molten Egg 2"},{"floor":9,"key":"Ancient Tea Set"},{"floor":14,"key":"Odd Mushroom"},{"floor":23,"key":"Charon\u0027s Ashes"},{"floor":25,"key":"Sundial"},{"floor":26,"key":"Lantern"}],"event_choices":[{"cards_removed":["Strike_R"],"damage_healed":0,"gold_gain":0,"player_choice":"Card Removal","damage_taken":0,"max_hp_gain":0,"max_hp_loss":0,"event_name":"The Cleric","floor":2,"gold_loss":50},{"damage_healed":0,"gold_gain":0,"player_choice":"Grow","damage_taken":0,"max_hp_gain":0,"max_hp_loss":0,"event_name":"Living Wall","floor":3,"gold_loss":0,"cards_upgraded":["Body Slam"]},{"damage_healed":0,"gold_gain":75,"player_choice":"Gather Gold","damage_taken":11,"max_hp_gain":0,"max_hp_loss":0,"event_name":"World of Goop","floor":5,"gold_loss":0},{"damage_healed":0,"gold_gain":0,"player_choice":"Donut","damage_taken":0,"max_hp_gain":5,"max_hp_loss":0,"event_name":"Big Fish","floor":11,"gold_loss":0},{"damage_healed":0,"gold_gain":0,"player_choice":"Fought Mushrooms","damage_taken":0,"max_hp_gain":0,"max_hp_loss":0,"event_name":"Mushrooms","floor":14,"gold_loss":0},{"damage_healed":0,"gold_gain":0,"player_choice":"Ignored","damage_taken":0,"max_hp_gain":0,"max_hp_loss":0,"event_name":"Vampires","floor":20,"gold_loss":0},{"damage_healed":0,"gold_gain":0,"player_choice":"2 cards matched","damage_taken":0,"max_hp_gain":0,"max_hp_loss":0,"event_name":"Match and Keep!","floor":21,"gold_loss":0,"cards_obtained":["Dual Wield","Pain"]},{"cards_removed":["Searing Blow"],"damage_healed":0,"gold_gain":0,"player_choice":"Gave Card","damage_taken":0,"relics_obtained":["Oddly Smooth Stone"],"max_hp_gain":0,"max_hp_loss":0,"event_name":"WeMeetAgain","floor":30,"gold_loss":0}],"is_beta":false,"boss_relics":[{"not_picked":["Eternal Feather","Black Star"],"picked":"Pandora\u0027s Box"}],"items_purged_floors":[28],"is_endless":false,"potions_floor_spawned":[1,8,16,18,31],"killed_by":"Collector","ascension_level":5}