{"gold_per_floor":[116,116,128,128,3,3,38,38,65,97,97,113,89,100,100,177,177,195,207,207,60,74,99,99,14,61,160,160,160,172,192,192,268,268,281,6,6,19,38,38,69,69,69,84,84,6,6],"floor_reached":47,"playtime":2492,"items_purged":["Regret"],"score":929,"play_id":"6d7ed37a-fb6b-4e3f-9b28-fdef058e97d2","local_time":"20190804013006","is_ascension_mode":true,"campfire_choices":[{"data":"Zap","floor":6,"key":"SMITH"},{"floor":8,"key":"REST"},{"floor":11,"key":"REST"},{"floor":15,"key":"REST"},{"data":"Defragment","floor":24,"key":"SMITH"},{"data":"Capacitor","floor":29,"key":"SMITH"},{"data":"Coolheaded","floor":32,"key":"SMITH"},{"data":"Defragment","floor":40,"key":"SMITH"},{"data":"Redo","floor":42,"key":"SMITH"},{"data":"Go for the Eyes","floor":45,"key":"SMITH"}],"neow_cost":"PERCENT_DAMAGE","seed_source_timestamp":85916083178300,"circlet_count":0,"master_deck":["AscendersBane","Zap+1","Dualcast","Finesse","Flash of Steel","Capacitor+1","Compile Driver","Coolheaded+1","Go for the Eyes+1","Conserve Battery","Leap","Core Surge","Turbo","Multi-Cast","Scrape","Gash","Glacier","Self Repair","Reprogram","Steam","Defragment+1","Gash","FTL","Steam","Stack","Doom and Gloom","Conserve Battery","Redo+1","Core Surge","Defragment+1","Leap","Defragment+1","White Noise+1","Scrape","Capacitor","Reinforced Body"],"relics":["Cracked Core","Lantern","Letter Opener","Whetstone","Boot","Pandora\u0027s Box","Singing Bowl","Blood Vial","Strawberry","Eternal Feather","Oddly Smooth Stone","Juzu Bracelet","Potion Belt"],"potions_floor_usage":[7,16,18,28,33,33,44],"damage_taken":[{"damage":0,"enemies":"2 Louse","floor":1,"turns":3},{"damage":0,"enemies":"Small Slimes","floor":3,"turns":3},{"damage":34,"enemies":"Gremlin Nob","floor":7,"turns":4},{"damage":20,"enemies":"Lagavulin","floor":10,"turns":6},{"damage":0,"enemies":"Cultist","floor":12,"turns":3},{"damage":13,"enemies":"Exordium Wildlife","floor":14,"turns":3},{"damage":0,"enemies":"The Guardian","floor":16,"turns":13},{"damage":0,"enemies":"Spheric Guardian","floor":18,"turns":4},{"damage":8,"enemies":"Shell Parasite","floor":19,"turns":7},{"damage":7,"enemies":"Shelled Parasite and Fungi","floor":22,"turns":9},{"damage":32,"enemies":"Book of Stabbing","floor":23,"turns":6},{"damage":8,"enemies":"Chosen and Byrds","floor":28,"turns":4},{"damage":0,"enemies":"Centurion and Healer","floor":30,"turns":6},{"damage":0,"enemies":"Snake Plant","floor":31,"turns":5},{"damage":3,"enemies":"Champ","floor":33,"turns":12},{"damage":22,"enemies":"Orb Walker","floor":35,"turns":4},{"damage":30,"enemies":"3 Darklings","floor":38,"turns":9},{"damage":3,"enemies":"Maw","floor":39,"turns":9},{"damage":60,"enemies":"Nemesis","floor":41,"turns":9},{"damage":22,"enemies":"Sphere and 2 Shapes","floor":44,"turns":8},{"damage":55,"enemies":"Reptomancer","floor":47,"turns":2}],"seed_played":"-1543148297355971119","potions_obtained":[{"floor":3,"key":"SmokeBomb"},{"floor":10,"key":"EssenceOfSteel"},{"floor":16,"key":"Block Potion"},{"floor":18,"key":"FearPotion"},{"floor":23,"key":"Dexterity Potion"},{"floor":33,"key":"Fruit Juice"},{"floor":35,"key":"Dexterity Potion"},{"floor":41,"key":"Swift Potion"}],"is_trial":false,"path_per_floor":["M","?","M","?","$","R","E","R","T","E","R","M","$","M","R","B",null,"M","M","?","$","M","E","R","?","T","?","M","R","M","M","R","B",null,"M","$","?","M","M","R","E","R","T","M","R","$","E"],"character_chosen":"DEFECT","items_purchased":["Fire Potion","Leap","FTL","Steam","Stack","Defragment","Oddly Smooth Stone","Leap","Reinforced Body"],"campfire_rested":3,"item_purchase_floors":[5,13,21,21,21,36,36,36,46],"current_hp_per_floor":[50,43,43,43,43,43,9,31,31,11,33,33,33,20,42,42,67,74,73,73,73,73,48,48,48,55,55,56,56,65,76,76,87,89,76,76,76,50,56,74,23,41,41,28,49,49,0],"gold":6,"neow_bonus":"RANDOM_COLORLESS_2","is_prod":false,"is_daily":false,"chose_seed":false,"campfire_upgraded":7,"win_rate":0,"timestamp":1564896606,"path_taken":["M","?","M","?","$","R","E","R","T","E","R","M","$","M","R","BOSS","M","M","?","$","M","E","R","?","T","?","M","R","M","M","R","BOSS","M","$","?","M","?","R","E","R","T","M","R","$","E"],"build_version":"2019-07-17","purchased_purges":1,"victory":false,"max_hp_per_floor":[75,75,75,75,75,75,75,75,75,75,75,75,75,75,75,75,75,75,75,75,75,75,75,75,75,82,82,82,82,82,84,84,89,89,91,91,91,93,93,93,93,93,93,93,93,93,93],"card_choices":[{"not_picked":["Beam Cell","Sweeping Beam"],"picked":"Capacitor","floor":1},{"not_picked":["Gash","Rebound"],"picked":"Compile Driver","floor":3},{"not_picked":["FTL","Beam Cell"],"picked":"Coolheaded","floor":7},{"not_picked":["Streamline","Barrage"],"picked":"Go for the Eyes","floor":10},{"not_picked":["Creative AI","Rebound"],"picked":"Conserve Battery","floor":12},{"not_picked":["Steam Power","Heatsinks","Redo"],"picked":"SKIP","floor":14},{"not_picked":["Thunder Strike","Hyperbeam"],"picked":"Core Surge","floor":16},{"not_picked":["Cold Snap","Turbo"],"picked":"Steam","floor":18},{"not_picked":["Go for the Eyes","FTL"],"picked":"Defragment","floor":19},{"not_picked":["Ball Lightning","Double Energy"],"picked":"Doom and Gloom","floor":22},{"not_picked":["Leap","All For One"],"picked":"Conserve Battery","floor":23},{"not_picked":["Hologram","BootSequence"],"picked":"Redo","floor":30},{"not_picked":["Leap","Redo","Turbo"],"picked":"Singing Bowl","floor":31},{"not_picked":["Hyperbeam","Seek"],"picked":"Core Surge","floor":33},{"not_picked":["Heatsinks","Tempest","Chaos"],"picked":"Singing Bowl","floor":35},{"not_picked":["Hologram","Go for the Eyes","Blizzard+1"],"picked":"Singing Bowl","floor":38},{"not_picked":["Redo+1","Beam Cell+1"],"picked":"White Noise+1","floor":39},{"not_picked":["Electrodynamics","Chill+1"],"picked":"Scrape","floor":41},{"not_picked":["Turbo","Rip and Tear"],"picked":"Capacitor","floor":44}],"player_experience":654826,"relics_obtained":[{"floor":7,"key":"Letter Opener"},{"floor":9,"key":"Whetstone"},{"floor":10,"key":"Boot"},{"floor":23,"key":"Singing Bowl"},{"floor":26,"key":"Strawberry"},{"floor":41,"key":"Juzu Bracelet"},{"floor":43,"key":"Potion Belt"}],"event_choices":[{"cards_removed":["Strike_B"],"damage_healed":0,"gold_gain":0,"player_choice":"Card Removal","damage_taken":7,"max_hp_gain":0,"max_hp_loss":0,"event_name":"Golden Wing","floor":2,"gold_loss":0},{"damage_healed":0,"gold_gain":0,"player_choice":"Box","damage_taken":0,"relics_obtained":["Lantern"],"max_hp_gain":0,"max_hp_loss":0,"event_name":"Big Fish","floor":4,"gold_loss":0,"cards_obtained":["Regret"]},{"damage_healed":0,"gold_gain":0,"player_choice":"Read","damage_taken":0,"max_hp_gain":0,"max_hp_loss":0,"event_name":"The Library","floor":20,"gold_loss":0,"cards_obtained":["Gash"]},{"damage_healed":0,"gold_gain":0,"player_choice":"Obtained Relic","damage_taken":0,"relics_obtained":["Blood Vial"],"max_hp_gain":0,"max_hp_loss":0,"event_name":"Addict","floor":25,"gold_loss":85},{"damage_healed":0,"gold_gain":99,"player_choice":"Stole From Cult","damage_taken":0,"max_hp_gain":0,"max_hp_loss":0,"event_name":"Nest","floor":27,"gold_loss":0},{"damage_healed":0,"gold_gain":0,"player_choice":"Copied","damage_taken":0,"max_hp_gain":0,"max_hp_loss":0,"event_name":"Duplicator","floor":37,"gold_loss":0,"cards_obtained":["Defragment"]}],"is_beta":false,"boss_relics":[{"not_picked":["Calling Bell","Empty Cage"],"picked":"Pandora\u0027s Box"},{"not_picked":["Astrolabe","Snecko Eye"],"picked":"Eternal Feather"}],"items_purged_floors":[5],"is_endless":false,"potions_floor_spawned":[3,10,16,18,23,28,33,35,41],"killed_by":"Reptomancer","ascension_level":13}