{"gold_per_floor":[360,373,391,408,46,81,101,132,132,132,462,491,491,505,505,600,600,614,632,644,661,661,661,686,319,342,342,342,342,353,384,384,485,485,499,499,499,518,518,549,568,568,592,592],"floor_reached":44,"playtime":2348,"items_purged":["Strike_B"],"score":575,"play_id":"fe13e7f4-7685-4759-bdcd-4da3f80d5786","local_time":"20190712102321","is_ascension_mode":true,"campfire_choices":[{"data":"Defragment","floor":10,"key":"SMITH"},{"data":"Coolheaded","floor":13,"key":"SMITH"},{"data":"Biased Cognition","floor":15,"key":"SMITH"},{"data":"Defragment","floor":23,"key":"SMITH"},{"data":"Rainbow","floor":27,"key":"SMITH"},{"data":"Fusion","floor":32,"key":"SMITH"}],"neow_cost":"TEN_PERCENT_HP_LOSS","seed_source_timestamp":25401102180000,"circlet_count":0,"master_deck":["Strike_B+1","Strike_B+1","Strike_B+1","Defend_B+1","Defend_B+1","Defend_B+1","Defend_B+1","Zap","Dualcast","Defragment+1","Coolheaded+1","Ball Lightning","Conserve Battery","BootSequence","Self Repair","Biased Cognition+1","Defragment+1","Coolheaded+1","Redo+1","Compile Driver","Sweeping Beam+1","Rainbow+1","Injury","Fusion+1","Core Surge","Glacier+1","Normality"],"relics":["Cracked Core","Ice Cream","Sundial","Strawberry","StoneCalendar","Old Coin","Odd Mushroom","Cursed Key","Bottled Lightning","War Paint","Ancient Tea Set","Bottled Tornado","White Beast Statue","FaceOfCleric","Emotion Chip","Potion Belt"],"potions_floor_usage":[12,12,16,20,24,31,40,40,42,42],"damage_taken":[{"damage":3,"enemies":"2 Louse","floor":1,"turns":2},{"damage":4,"enemies":"Small Slimes","floor":2,"turns":3},{"damage":2,"enemies":"Jaw Worm","floor":3,"turns":4},{"damage":13,"enemies":"3 Louse","floor":4,"turns":2},{"damage":12,"enemies":"Gremlin Nob","floor":6,"turns":4},{"damage":3,"enemies":"Blue Slaver","floor":7,"turns":3},{"damage":5,"enemies":"Lagavulin","floor":8,"turns":7},{"damage":17,"enemies":"Gremlin Nob","floor":11,"turns":5},{"damage":0,"enemies":"The Mushroom Lair","floor":12,"turns":4},{"damage":0,"enemies":"Large Slime","floor":14,"turns":5},{"damage":24,"enemies":"The Guardian","floor":16,"turns":7},{"damage":7,"enemies":"Spheric Guardian","floor":18,"turns":4},{"damage":0,"enemies":"Chosen","floor":19,"turns":4},{"damage":13,"enemies":"Shelled Parasite and Fungi","floor":20,"turns":5},{"damage":8,"enemies":"Snake Plant","floor":21,"turns":4},{"damage":1,"enemies":"Book of Stabbing","floor":24,"turns":6},{"damage":4,"enemies":"Snecko","floor":30,"turns":5},{"damage":2,"enemies":"Gremlin Leader","floor":31,"turns":6},{"damage":17,"enemies":"Collector","floor":33,"turns":8},{"damage":0,"enemies":"Orb Walker","floor":35,"turns":4},{"damage":4,"enemies":"3 Shapes","floor":38,"turns":3},{"damage":2,"enemies":"Nemesis","floor":40,"turns":5},{"damage":13,"enemies":"Spire Growth","floor":41,"turns":5},{"damage":14,"enemies":"Sphere and 2 Shapes","floor":42,"turns":3},{"damage":56,"enemies":"Reptomancer","floor":44,"turns":2}],"seed_played":"8386227901728265063","potions_obtained":[{"floor":2,"key":"Energy Potion"},{"floor":4,"key":"GamblersBrew"},{"floor":6,"key":"FearPotion"},{"floor":7,"key":"Explosive Potion"},{"floor":16,"key":"EssenceOfSteel"},{"floor":19,"key":"Swift Potion"},{"floor":21,"key":"Weak Potion"},{"floor":30,"key":"GamblersBrew"},{"floor":35,"key":"SmokeBomb"},{"floor":38,"key":"EssenceOfSteel"},{"floor":40,"key":"Poison Potion"},{"floor":41,"key":"EssenceOfSteel"}],"is_trial":false,"path_per_floor":["M","M","M","M","$","E","M","E","T","R","E","?","R","M","R","B",null,"M","M","M","M","?","R","E","$","T","R","?","?","M","E","R","B",null,"M","?","?","M","?","E","M","M","T","E"],"character_chosen":"DEFECT","items_purchased":["Ice Cream","Conserve Battery","Rainbow","War Paint"],"campfire_rested":0,"item_purchase_floors":[5,5,25,25],"current_hp_per_floor":[65,61,59,46,46,34,31,40,40,40,30,37,37,44,44,20,75,75,75,69,61,61,61,67,67,67,67,67,67,70,75,75,65,75,75,75,75,76,72,73,68,55,55,0],"gold":592,"neow_bonus":"TWO_FIFTY_GOLD","is_prod":false,"is_daily":false,"chose_seed":false,"campfire_upgraded":6,"win_rate":0,"timestamp":1562941401,"path_taken":["M","M","M","M","$","E","M","E","T","R","E","?","R","M","R","BOSS","M","M","M","M","?","R","E","$","T","R","?","?","M","E","R","BOSS","M","?","?","?","?","E","M","M","T","E"],"build_version":"2019-07-05","purchased_purges":1,"victory":false,"max_hp_per_floor":[68,68,68,68,68,68,68,75,75,75,75,75,75,75,75,75,75,75,75,75,75,75,75,75,75,75,75,75,75,75,75,75,75,75,75,75,75,76,72,73,74,75,75,75],"card_choices":[{"not_picked":["Stack","Double Energy"],"picked":"Defragment","floor":1},{"not_picked":["Consume","Blizzard"],"picked":"Coolheaded","floor":2},{"not_picked":["Double Energy","Rip and Tear"],"picked":"Ball Lightning","floor":3},{"not_picked":["Storm","Lockon","Go for the Eyes"],"picked":"SKIP","floor":4},{"not_picked":["Sweeping Beam","Steam"],"picked":"BootSequence","floor":6},{"not_picked":["Rainbow","Coolheaded"],"picked":"Self Repair","floor":7},{"not_picked":["Hyperbeam","Turbo","Barrage"],"picked":"SKIP","floor":8},{"not_picked":["Turbo","Steam"],"picked":"Biased Cognition","floor":11},{"not_picked":["Streamline","Rip and Tear","BootSequence"],"picked":"SKIP","floor":14},{"not_picked":["Go for the Eyes+1","Aggregate"],"picked":"Defragment","floor":18},{"not_picked":["Ball Lightning+1","Skim"],"picked":"Coolheaded","floor":19},{"not_picked":["Double Energy","Steam+1"],"picked":"Redo+1","floor":20},{"not_picked":["Cold Snap+1","Self Repair"],"picked":"Compile Driver","floor":21},{"not_picked":["Barrage","Hologram+1"],"picked":"Sweeping Beam+1","floor":24},{"not_picked":["Hello World+1","Turbo+1"],"picked":"Fusion","floor":30},{"not_picked":["Hologram+1","Melter","Lockon+1"],"picked":"SKIP","floor":31},{"not_picked":["All For One","Rainbow"],"picked":"Core Surge","floor":33},{"not_picked":["Beam Cell","Rebound+1","Go for the Eyes"],"picked":"SKIP","floor":35},{"not_picked":["Hologram","Redo+1","Gash+1"],"picked":"SKIP","floor":38},{"not_picked":["Steam","Consume","Gash"],"picked":"SKIP","floor":40},{"not_picked":["Coolheaded+1","Compile Driver+1"],"picked":"Glacier+1","floor":41}],"player_experience":312870,"relics_obtained":[{"floor":6,"key":"Sundial"},{"floor":8,"key":"Strawberry"},{"floor":9,"key":"StoneCalendar"},{"floor":11,"key":"Old Coin"},{"floor":12,"key":"Odd Mushroom"},{"floor":24,"key":"Bottled Lightning"},{"floor":26,"key":"Ancient Tea Set"},{"floor":31,"key":"Bottled Tornado"},{"floor":40,"key":"Emotion Chip"},{"floor":43,"key":"Potion Belt"}],"event_choices":[{"damage_healed":0,"gold_gain":0,"player_choice":"Fought Mushrooms","damage_taken":0,"max_hp_gain":0,"max_hp_loss":0,"event_name":"Mushrooms","floor":12,"gold_loss":0},{"damage_healed":0,"gold_gain":0,"player_choice":"Ignored","damage_taken":0,"max_hp_gain":0,"max_hp_loss":0,"event_name":"The Mausoleum","floor":22,"gold_loss":0},{"damage_healed":0,"gold_gain":0,"player_choice":"Simplicity","damage_taken":0,"max_hp_gain":0,"max_hp_loss":0,"event_name":"Back to Basics","floor":28,"gold_loss":0,"cards_upgraded":["Strike_B","Strike_B","Strike_B","Defend_B","Defend_B","Defend_B"]},{"damage_healed":0,"gold_gain":0,"player_choice":"Ignored","damage_taken":0,"max_hp_gain":0,"max_hp_loss":0,"event_name":"Vampires","floor":29,"gold_loss":0},{"damage_healed":0,"gold_gain":0,"player_choice":"Memory 1","damage_taken":0,"max_hp_gain":0,"max_hp_loss":0,"event_name":"SensoryStone","floor":36,"gold_loss":0},{"damage_healed":0,"gold_gain":0,"player_choice":"Trade","damage_taken":0,"relics_obtained":["FaceOfCleric"],"max_hp_gain":0,"max_hp_loss":0,"event_name":"FaceTrader","floor":37,"gold_loss":0},{"damage_healed":0,"gold_gain":0,"player_choice":"Max HP","damage_taken":0,"max_hp_gain":0,"max_hp_loss":4,"event_name":"Winding Halls","floor":39,"gold_loss":0}],"is_beta":false,"boss_relics":[{"not_picked":["Sozu","Black Star"],"picked":"Cursed Key"},{"not_picked":["Velvet Choker","Pandora\u0027s Box"],"picked":"White Beast Statue"}],"items_purged_floors":[25],"is_endless":false,"potions_floor_spawned":[2,4,6,7,16,19,21,30,35,38,40,41,42],"killed_by":"Reptomancer","ascension_level":2}