{"gold_per_floor":[116,116,135,0,20,20,48,58,84,96,96,126,145,45,45,142,142,162,131,131,31,43,43,56,56],"floor_reached":25,"playtime":1409,"items_purged":["Strike_B","Pain"],"score":290,"play_id":"ca029b35-b4f4-457c-8842-d9f253e87ad4","local_time":"20190720093532","is_ascension_mode":true,"campfire_choices":[{"data":"Defragment","floor":6,"key":"SMITH"},{"data":"Machine Learning","floor":11,"key":"SMITH"},{"data":"Capacitor","floor":15,"key":"SMITH"},{"data":"Seek","floor":23,"key":"SMITH"}],"neow_cost":"NONE","seed_source_timestamp":306031491212100,"circlet_count":0,"master_deck":["Strike_B","Strike_B","Strike_B","Defend_B","Defend_B+1","Defend_B","Defend_B","Zap+1","Dualcast","Glacier","Defragment+1","Seek+1","Conserve Battery+1","Machine Learning+1","Leap","Coolheaded","Capacitor+1","Go for the Eyes","Electrodynamics","Hologram","Compile Driver+1","Coolheaded"],"relics":["Cracked Core","War Paint","Strawberry","Regal Pillow","Inserter","WarpedTongs"],"potions_floor_usage":[0,12,16,16,18,19,25,25],"damage_taken":[{"damage":7,"enemies":"Small Slimes","floor":1,"turns":3},{"damage":0,"enemies":"Cultist","floor":3,"turns":3},{"damage":2,"enemies":"Jaw Worm","floor":5,"turns":4},{"damage":35,"enemies":"Gremlin Nob","floor":7,"turns":4},{"damage":0,"enemies":"Red Slaver","floor":8,"turns":3},{"damage":1,"enemies":"2 Fungi Beasts","floor":10,"turns":4},{"damage":1,"enemies":"Lagavulin","floor":12,"turns":6},{"damage":0,"enemies":"Exordium Wildlife","floor":13,"turns":5},{"damage":8,"enemies":"Slime Boss","floor":16,"turns":7},{"damage":7,"enemies":"Chosen","floor":18,"turns":4},{"damage":26,"enemies":"2 Thieves","floor":19,"turns":5},{"damage":4,"enemies":"Centurion and Healer","floor":22,"turns":7},{"damage":5,"enemies":"Shelled Parasite and Fungi","floor":24,"turns":6},{"damage":33,"enemies":"Slavers","floor":25,"turns":4}],"seed_played":"-388694486820458738","potions_obtained":[{"floor":0,"key":"Fruit Juice"},{"floor":0,"key":"FocusPotion"},{"floor":0,"key":"Explosive Potion"},{"floor":8,"key":"PowerPotion"},{"floor":12,"key":"EssenceOfSteel"},{"floor":16,"key":"AttackPotion"},{"floor":22,"key":"PowerPotion"},{"floor":24,"key":"Swift Potion"}],"is_trial":false,"path_per_floor":["M","?","M","$","M","R","E","M","T","M","R","E","M","$","R","B",null,"M","M","?","$","M","R","M","E"],"character_chosen":"DEFECT","items_purchased":["Seek","Go for the Eyes"],"campfire_rested":0,"item_purchase_floors":[4,14],"current_hp_per_floor":[66,66,66,66,64,64,29,29,36,35,35,34,34,34,34,26,72,65,39,39,39,35,35,30,0],"gold":56,"neow_bonus":"THREE_SMALL_POTIONS","is_prod":false,"is_daily":false,"chose_seed":false,"campfire_upgraded":4,"win_rate":0,"timestamp":1563629732,"path_taken":["M","?","M","?","M","R","E","M","T","M","R","E","M","$","R","BOSS","M","?","?","$","M","R","?","E"],"build_version":"2019-07-17","purchased_purges":2,"victory":false,"max_hp_per_floor":[80,80,80,80,80,80,80,80,87,87,87,87,87,87,87,87,87,87,87,87,87,87,87,87,87],"card_choices":[{"not_picked":["Sunder","Beam Cell"],"picked":"Glacier","floor":1},{"not_picked":["Turbo","Redo"],"picked":"Defragment","floor":3},{"not_picked":["Coolheaded","Beam Cell"],"picked":"Conserve Battery","floor":5},{"not_picked":["Fusion","Stack","Double Energy"],"picked":"SKIP","floor":7},{"not_picked":["Streamline","Fusion"],"picked":"Machine Learning","floor":8},{"not_picked":["Redo","Double Energy"],"picked":"Leap","floor":10},{"not_picked":["Turbo","Multi-Cast"],"picked":"Coolheaded","floor":12},{"not_picked":["Conserve Battery","Coolheaded"],"picked":"Capacitor","floor":13},{"not_picked":["All For One","Fission"],"picked":"Electrodynamics","floor":16},{"not_picked":["Streamline","Undo"],"picked":"Hologram","floor":18},{"not_picked":["Beam Cell","Streamline","Scrape"],"picked":"SKIP","floor":19},{"not_picked":["Stack","Lockon"],"picked":"Compile Driver+1","floor":22},{"not_picked":["Sweeping Beam","Coolheaded","Go for the Eyes"],"picked":"SKIP","floor":24},{"not_picked":["Sweeping Beam","Go for the Eyes"],"picked":"Coolheaded","floor":24}],"player_experience":436050,"relics_obtained":[{"floor":7,"key":"War Paint"},{"floor":9,"key":"Strawberry"},{"floor":12,"key":"Regal Pillow"}],"event_choices":[{"damage_healed":0,"gold_gain":0,"player_choice":"Upgraded","damage_taken":0,"max_hp_gain":0,"max_hp_loss":0,"event_name":"Upgrade Shrine","floor":2,"gold_loss":0,"cards_upgraded":["Zap"]},{"damage_healed":0,"gold_gain":0,"player_choice":"Rummage","damage_taken":0,"relics_obtained":["WarpedTongs"],"max_hp_gain":0,"max_hp_loss":0,"event_name":"Accursed Blacksmith","floor":20,"gold_loss":0,"cards_obtained":["Pain"]}],"is_beta":false,"boss_relics":[{"not_picked":["Tiny House","Runic Pyramid"],"picked":"Inserter"}],"items_purged_floors":[14,21],"is_endless":false,"potions_floor_spawned":[8,12,13,16,22,24],"killed_by":"Slavers","ascension_level":7}