{"gold_per_floor":[127,153,175,203,229,241,283,98,151,183,202,202,202,102,102,205,205,215,225,243,243,243,243,243,243,243,243,257,172,186,186],"floor_reached":31,"playtime":1460,"items_purged":["Strike_B","Strike_B"],"score":383,"play_id":"f28fdccd-813b-4531-9652-28d786e87728","local_time":"20190727112249","is_ascension_mode":true,"campfire_choices":[{"data":"Zap","floor":6,"key":"SMITH"},{"data":"Go for the Eyes","floor":12,"key":"SMITH"},{"floor":15,"key":"REST"},{"data":"Machine Learning","floor":23,"key":"SMITH"},{"floor":25,"key":"REST"},{"data":"Echo Form","floor":27,"key":"SMITH"}],"neow_cost":"NONE","seed_source_timestamp":505899991551900,"circlet_count":0,"master_deck":["AscendersBane","Strike_B","Defend_B","Defend_B","Defend_B","Defend_B","Zap+1","Dualcast","Go for the Eyes+1","Steam","Hologram","Echo Form+1","Compile Driver","Turbo","Capacitor","Biased Cognition","Ball Lightning","Machine Learning+1","Cold Snap","Self Repair","Compile Driver","BootSequence"],"relics":["Cracked Core","MawBank","Ginger","Happy Flower","Sundial","Busted Crown","Frozen Egg 2","Pen Nib"],"potions_floor_usage":[7,10,16,16,20,31],"damage_taken":[{"damage":0,"enemies":"Cultist","floor":1,"turns":3},{"damage":1,"enemies":"2 Louse","floor":2,"turns":3},{"damage":3,"enemies":"Jaw Worm","floor":3,"turns":4},{"damage":3,"enemies":"Looter","floor":4,"turns":3},{"damage":1,"enemies":"2 Fungi Beasts","floor":5,"turns":4},{"damage":30,"enemies":"Gremlin Nob","floor":7,"turns":4},{"damage":22,"enemies":"3 Sentries","floor":10,"turns":8},{"damage":0,"enemies":"3 Louse","floor":11,"turns":4},{"damage":14,"enemies":"The Guardian","floor":16,"turns":9},{"damage":0,"enemies":"Shell Parasite","floor":18,"turns":5},{"damage":17,"enemies":"Chosen","floor":19,"turns":5},{"damage":13,"enemies":"Centurion and Healer","floor":20,"turns":7},{"damage":22,"enemies":"Cultist and Chosen","floor":28,"turns":6},{"damage":29,"enemies":"Snecko","floor":30,"turns":6},{"damage":11,"enemies":"Shelled Parasite and Fungi","floor":31,"turns":3}],"seed_played":"8056816025793974386","potions_obtained":[{"floor":3,"key":"LiquidBronze"},{"floor":4,"key":"Poison Potion"},{"floor":7,"key":"EssenceOfSteel"},{"floor":10,"key":"Weak Potion"},{"floor":19,"key":"SkillPotion"},{"floor":30,"key":"Ancient Potion"}],"is_trial":false,"path_per_floor":["M","M","M","M","M","R","E","$","T","E","M","R","?","$","R","B",null,"M","M","M","?","?","R","?","R","T","R","M","?","M","M"],"character_chosen":"DEFECT","items_purchased":["Turbo","Capacitor"],"campfire_rested":2,"item_purchase_floors":[8,8],"current_hp_per_floor":[68,67,64,61,60,60,30,30,30,8,8,8,1,1,23,9,59,59,42,29,29,29,29,15,39,39,39,31,31,9,0],"gold":186,"neow_bonus":"RANDOM_COMMON_RELIC","is_prod":false,"is_daily":false,"chose_seed":false,"campfire_upgraded":4,"win_rate":0,"timestamp":1564240969,"path_taken":["M","M","?","?","M","R","E","$","T","E","M","R","?","$","R","BOSS","M","M","M","?","?","R","?","R","T","R","M","?","M","M"],"build_version":"2019-07-17","purchased_purges":2,"victory":false,"max_hp_per_floor":[75,75,75,75,75,75,75,75,75,75,75,75,75,75,75,75,75,75,75,75,75,75,75,80,80,80,80,80,80,80,80],"card_choices":[{"not_picked":["Doom and Gloom","Barrage"],"picked":"Go for the Eyes","floor":1},{"not_picked":["Fusion","Static Discharge"],"picked":"Steam","floor":2},{"not_picked":["Gash","White Noise","Redo"],"picked":"SKIP","floor":3},{"not_picked":["Turbo","Auto Shields"],"picked":"Hologram","floor":4},{"not_picked":["Rip and Tear","Streamline"],"picked":"Echo Form","floor":5},{"not_picked":["Go for the Eyes","Turbo"],"picked":"Compile Driver","floor":7},{"not_picked":["Loop","Multi-Cast"],"picked":"Biased Cognition","floor":10},{"not_picked":["Gash","Rebound"],"picked":"Ball Lightning","floor":11},{"not_picked":["Rainbow","Amplify"],"picked":"Machine Learning","floor":16},{"not_picked":[],"picked":"Cold Snap","floor":18},{"not_picked":["Cold Snap"],"picked":"SKIP","floor":19},{"not_picked":["Go for the Eyes"],"picked":"SKIP","floor":20},{"not_picked":[],"picked":"Compile Driver","floor":28},{"not_picked":[],"picked":"BootSequence","floor":30}],"player_experience":545295,"relics_obtained":[{"floor":7,"key":"Ginger"},{"floor":9,"key":"Happy Flower"},{"floor":10,"key":"Sundial"},{"floor":26,"key":"Frozen Egg 2"}],"event_choices":[{"cards_removed":["Strike_B"],"damage_healed":0,"gold_gain":0,"player_choice":"Card Removal","damage_taken":7,"max_hp_gain":0,"max_hp_loss":0,"event_name":"Golden Wing","floor":13,"gold_loss":0},{"damage_healed":0,"gold_gain":0,"player_choice":"Ignored","damage_taken":0,"max_hp_gain":0,"max_hp_loss":0,"event_name":"Vampires","floor":21,"gold_loss":0},{"damage_healed":0,"gold_gain":0,"player_choice":"Read","damage_taken":0,"max_hp_gain":0,"max_hp_loss":0,"event_name":"The Library","floor":22,"gold_loss":0,"cards_obtained":["Self Repair"]},{"damage_healed":0,"gold_gain":0,"player_choice":"Shed Blood","damage_taken":19,"max_hp_gain":5,"max_hp_loss":0,"event_name":"Forgotten Altar","floor":24,"gold_loss":0},{"damage_healed":0,"gold_gain":0,"player_choice":"Obtained Relic","damage_taken":0,"relics_obtained":["Pen Nib"],"max_hp_gain":0,"max_hp_loss":0,"event_name":"Addict","floor":29,"gold_loss":85}],"is_beta":false,"boss_relics":[{"not_picked":["Orrery","Empty Cage"],"picked":"Busted Crown"}],"items_purged_floors":[8,14],"is_endless":false,"potions_floor_spawned":[3,4,7,10,11,19,30],"killed_by":"Shelled Parasite and Fungi","ascension_level":11}