{"gold_per_floor":[118,118,118,138,156,156,108,108,134,148,162,162,162,128,128,228,228,244,169,20,20,31,31,41,41,41,52,52,52,52,52,52,152,152,164,164,183,183,283,283,317,333,333,333,346,0,0,16,16,16],"floor_reached":50,"playtime":5477,"items_purged":["Strike_R"],"score":458,"play_id":"1e77eb79-e391-4665-845c-5f46b3e77c65","local_time":"20180626172729","is_ascension_mode":false,"campfire_choices":[{"data":"Iron Wave","floor":6.0,"key":"SMITH"},{"data":"Body Slam","floor":8.0,"key":"SMITH"},{"data":"Disarm","floor":13.0,"key":"SMITH"},{"data":"Inflame","floor":15.0,"key":"SMITH"},{"data":"Entrench","floor":23,"key":"SMITH"},{"data":"Double Tap","floor":25,"key":"SMITH"},{"data":"Battle Trance","floor":28,"key":"SMITH"},{"floor":30,"key":"REST"},{"data":"Iron Wave","floor":32,"key":"SMITH"},{"data":"Shrug It Off","floor":40,"key":"SMITH"},{"floor":47,"key":"REST"},{"floor":49,"key":"REST"}],"neow_cost":"","seed_source_timestamp":0,"circlet_count":0,"master_deck":["Strike_R","Defend_R","Defend_R+1","Defend_R+1","Defend_R","Bash","Shrug It Off+1","Iron Wave+1","Body Slam+1","Iron Wave+1","Disarm+1","Inflame+1","Double Tap+1","Warcry+1","Entrench+1","Pommel Strike","Battle Trance+1","Shrug It Off+1","Heavy Blade+1","Doubt"],"special_seed":0,"relics":["Burning Blood","Strawberry","Philosopher\u0027s Stone","Toxic Egg 2","Du-Vu Doll","Lizard Tail","Bottled Flame","Question Card","Red Mask"],"potions_floor_usage":[24,33,41,50,50],"damage_taken":[{"damage":5.0,"enemies":"Jaw Worm","floor":1.0,"turns":6.0},{"damage":0.0,"enemies":"2 Louse","floor":4.0,"turns":2.0},{"damage":0.0,"enemies":"Cultist","floor":5.0,"turns":4.0},{"damage":0.0,"enemies":"Blue Slaver","floor":10.0,"turns":3.0},{"damage":8.0,"enemies":"Large Slime","floor":11.0,"turns":7.0},{"damage":81.0,"enemies":"Slime Boss","floor":16.0,"turns":15.0},{"damage":3,"enemies":"Shell Parasite","floor":18,"turns":5},{"damage":18,"enemies":"3 Byrds","floor":22,"turns":7},{"damage":3,"enemies":"Snecko","floor":24,"turns":5},{"damage":20,"enemies":"Slaver and Parasite","floor":27,"turns":5},{"damage":37,"enemies":"Automaton","floor":33,"turns":10},{"damage":0,"enemies":"Orb Walker","floor":35,"turns":3},{"damage":22,"enemies":"3 Shapes","floor":37,"turns":5},{"damage":35,"enemies":"Giant Head","floor":41,"turns":10},{"damage":24,"enemies":"Sphere and 2 Shapes","floor":42,"turns":4},{"damage":53,"enemies":"4 Shapes","floor":45,"turns":6},{"damage":29,"enemies":"Maw","floor":48,"turns":9},{"damage":165,"enemies":"Donu and Deca","floor":50,"turns":9}],"seed_played":"586612292531434403","potions_obtained":[{"floor":5.0,"key":"Fire Potion"},{"floor":11.0,"key":"BloodPotion"},{"floor":16.0,"key":"Ancient Potion"},{"floor":22,"key":"AttackPotion"},{"floor":27,"key":"Poison Potion"},{"floor":36,"key":"FairyPotion"},{"floor":41,"key":"EssenceOfSteel"}],"is_trial":false,"path_per_floor":["M","?","?","M","M","R","$","R","T","M","M","?","R","$","R","B",null,"M","?","$","?","M","R","M","R","T","M","R","?","R","T","R","B",null,"M","?","M","$","?","R","E","M","T","?","M","?","R","M","R"],"character_chosen":"IRONCLAD","items_purchased":["Body Slam","Inflame","Entrench"],"campfire_rested":3,"item_purchase_floors":[],"current_hp_per_floor":[80,80,64,70,76,76,76,76,83,87,85,90,90,90,90,15,92,92,92,92,92,80,80,83,83,83,69,69,69,92,92,92,61,92,92,92,76,76,76,76,47,29,29,92,45,45,72,49,76,0],"gold":16,"neow_bonus":"","is_prod":false,"is_daily":false,"chose_seed":false,"campfire_upgraded":9,"win_rate":0.0,"timestamp":1530030449,"path_taken":["M","?","?","M","M","R","$","R","T","M","M","?","R","?","R","BOSS","M","?","$","?","M","R","M","R","T","M","R","?","R","?","R","BOSS","M","?","M","$","?","R","E","M","T","?","M","?","R","M","R","BOSS"],"build_version":"2018-06-21v2","purchased_purges":1,"victory":false,"max_hp_per_floor":[80,80,80,80,80,80,80,80,87,87,87,92,92,92,92,92,92,92,92,92,92,92,92,92,92,92,92,92,92,92,92,92,92,92,92,92,92,92,92,92,92,92,92,92,92,92,92,92,92,92],"card_choices":[{"not_picked":["Wild Strike","Fire Breathing","Sever Soul"],"picked":"SKIP","floor":1.0},{"not_picked":["True Grit","Perfected Strike"],"picked":"Shrug It Off","floor":4.0},{"not_picked":["Havoc","Armaments"],"picked":"Iron Wave","floor":5.0},{"not_picked":["Metallicize","Uppercut"],"picked":"Iron Wave","floor":10.0},{"not_picked":["Metallicize","Sword Boomerang"],"picked":"Disarm","floor":11.0},{"not_picked":["Juggernaut","Feed"],"picked":"Double Tap","floor":16.0},{"not_picked":["Headbutt+1","Reckless Charge+1"],"picked":"Warcry+1","floor":18},{"not_picked":["Clothesline","Pommel Strike"],"picked":"Battle Trance","floor":22},{"not_picked":["Ghostly Armor+1","Perfected Strike","Combust"],"picked":"SKIP","floor":24},{"not_picked":["Fire Breathing","Headbutt"],"picked":"Shrug It Off+1","floor":27},{"not_picked":["Twin Strike+1","Second Wind+1","Heavy Blade+1"],"picked":"SKIP","floor":35},{"not_picked":["Headbutt+1","Rage+1"],"picked":"Heavy Blade+1","floor":37},{"not_picked":["Dual Wield+1","Metallicize","Clothesline"],"picked":"SKIP","floor":41},{"not_picked":["Dropkick+1","Clothesline","Clash+1"],"picked":"SKIP","floor":42},{"not_picked":["Armaments+1","Entrench+1","Cleave","Clothesline+1"],"picked":"SKIP","floor":45},{"not_picked":["True Grit+1","Twin Strike+1","Headbutt+1","Whirlwind"],"picked":"SKIP","floor":48}],"player_experience":156762,"relics_obtained":[{"floor":9.0,"key":"Strawberry"},{"floor":26,"key":"Toxic Egg 2"},{"floor":31,"key":"Du-Vu Doll"},{"floor":41,"key":"Bottled Flame"},{"floor":43,"key":"Question Card"}],"event_choices":[{"event_name":"Living Wall","player_choice":"Forget","floor":2.0,"damage_taken":0.0},{"event_name":"Shining Light","player_choice":"Entered Light","floor":3.0,"damage_taken":0.0},{"event_name":"Big Fish","player_choice":"Donut","floor":12.0,"damage_taken":0.0},{"event_name":"Beggar","player_choice":"Gave Gold","floor":19,"damage_taken":0},{"event_name":"Match and Keep!","player_choice":"1 cards matched","floor":21,"damage_taken":0},{"event_name":"The Mausoleum","player_choice":"No","floor":29,"damage_taken":0},{"event_name":"The Lab","player_choice":"Got Potions","floor":36,"damage_taken":0},{"event_name":"Golden Shrine","player_choice":"Pray","floor":39,"damage_taken":0},{"event_name":"MindBloom","player_choice":"Heal","floor":44,"damage_taken":0},{"event_name":"Tomb of Lord Red Mask","player_choice":"Paid","floor":46,"damage_taken":0}],"boss_relics":[{"not_picked":["Orrery","Black Star"],"picked":"Philosopher\u0027s Stone"},{"not_picked":["Busted Crown","Calling Bell"],"picked":"Lizard Tail"}],"items_purged_floors":[20],"is_endless":false,"potions_floor_spawned":[5,11,16,22,27,41,48],"killed_by":"Donu and Deca","ascension_level":0}