{"gold_per_floor":[18,18,18,18,29,29,54,54,78,103,28,28,28,45,45,141,141,151,170,170,24,35,35],"floor_reached":23,"playtime":1359,"items_purged":["Strike_R","Second Wind+1"],"score":187,"play_id":"847f7510-d933-40e8-9363-66ac89478e00","local_time":"20190805230453","is_ascension_mode":false,"campfire_choices":[{"data":"Juggernaut","floor":6,"key":"SMITH"},{"data":"Feel No Pain","floor":8,"key":"SMITH"},{"data":"Pommel Strike","floor":12,"key":"SMITH"},{"data":"Metallicize","floor":15,"key":"SMITH"}],"neow_cost":"NO_GOLD","seed_source_timestamp":416087206184327,"circlet_count":0,"master_deck":["Defend_R","Defend_R","Bash","Feel No Pain+1","Juggernaut+1","Pommel Strike+1","Cleave","Ghostly Armor","Metallicize+1","Reaper","Dark Embrace+1","True Grit+1","Iron Wave","Burning Pact+1","Shrug It Off","True Grit+1"],"relics":["Burning Blood","Pen Nib","Juzu Bracelet","Odd Mushroom","Astrolabe","Question Card"],"potions_floor_usage":[7,16],"damage_taken":[{"damage":8,"enemies":"Small Slimes","floor":1,"turns":4},{"damage":6,"enemies":"Jaw Worm","floor":5,"turns":5},{"damage":37,"enemies":"Gremlin Nob","floor":7,"turns":5},{"damage":26,"enemies":"The Mushroom Lair","floor":10,"turns":4},{"damage":0,"enemies":"2 Louse","floor":14,"turns":2},{"damage":38,"enemies":"Hexaghost","floor":16,"turns":9},{"damage":0,"enemies":"Chosen","floor":18,"turns":5},{"damage":18,"enemies":"Spheric Guardian","floor":19,"turns":6},{"damage":20,"enemies":"Shelled Parasite and Fungi","floor":22,"turns":11},{"damage":18,"enemies":"Slavers","floor":23,"turns":2}],"seed_played":"6626708192668661708","potions_obtained":[{"floor":5,"key":"Strength Potion"},{"floor":7,"key":"Block Potion"},{"floor":14,"key":"Explosive Potion"},{"floor":16,"key":"FearPotion"},{"floor":18,"key":"AttackPotion"}],"is_trial":false,"path_per_floor":["M","?","?","?","M","R","E","R","T","?","$","R","?","M","R","B",null,"M","M","T","$","M","E"],"character_chosen":"IRONCLAD","items_purchased":["Shrug It Off"],"campfire_rested":0,"item_purchase_floors":[21],"current_hp_per_floor":[78,78,71,71,71,71,40,40,40,20,20,20,80,80,80,48,80,80,68,68,68,54,36],"gold":35,"neow_bonus":"TRANSFORM_TWO_CARDS","is_prod":false,"is_daily":false,"chose_seed":false,"campfire_upgraded":4,"win_rate":0.0,"timestamp":1565039093,"path_taken":["M","?","?","?","M","R","E","R","T","?","?","R","?","M","R","BOSS","M","M","?","$","M","E"],"build_version":"2019-07-17","purchased_purges":2,"victory":false,"max_hp_per_floor":[80,80,80,80,80,80,80,80,80,80,80,80,80,80,80,80,80,80,80,80,80,80,80],"card_choices":[{"not_picked":["Bloodletting","Shockwave"],"picked":"Pommel Strike","floor":1},{"not_picked":["Perfected Strike","Warcry"],"picked":"Cleave","floor":5},{"not_picked":["Battle Trance","Headbutt"],"picked":"Seeing Red","floor":7},{"not_picked":["Inflame","Armaments"],"picked":"Ghostly Armor","floor":10},{"not_picked":["Twin Strike","Headbutt"],"picked":"Metallicize","floor":14},{"not_picked":["Demon Form","Berserk"],"picked":"Reaper","floor":16},{"not_picked":["Thunderclap","Perfected Strike"],"picked":"Iron Wave","floor":18},{"not_picked":["Twin Strike","Combust"],"picked":"Burning Pact+1","floor":19},{"not_picked":["Clothesline","Cleave","Warcry"],"picked":"True Grit+1","floor":22}],"player_experience":17917,"relics_obtained":[{"floor":7,"key":"Pen Nib"},{"floor":9,"key":"Juzu Bracelet"},{"floor":10,"key":"Odd Mushroom"},{"floor":20,"key":"Question Card"}],"event_choices":[{"damage_healed":0,"gold_gain":0,"cards_transformed":["Strike_R"],"player_choice":"Change","damage_taken":0,"max_hp_gain":0,"max_hp_loss":0,"event_name":"Living Wall","floor":2,"gold_loss":0,"cards_obtained":["Anger"]},{"cards_removed":["Anger"],"damage_healed":0,"gold_gain":0,"player_choice":"Card Removal","damage_taken":7,"max_hp_gain":0,"max_hp_loss":0,"event_name":"Golden Wing","floor":3,"gold_loss":0},{"damage_healed":0,"gold_gain":0,"player_choice":"Ignored","damage_taken":0,"max_hp_gain":0,"max_hp_loss":0,"event_name":"Liars Game","floor":4,"gold_loss":0},{"damage_healed":0,"gold_gain":0,"player_choice":"Fought Mushrooms","damage_taken":0,"max_hp_gain":0,"max_hp_loss":0,"event_name":"Mushrooms","floor":10,"gold_loss":0},{"cards_removed":["Seeing Red"],"damage_healed":60,"gold_gain":0,"player_choice":"Offered Uncommon","damage_taken":0,"max_hp_gain":0,"max_hp_loss":0,"event_name":"Bonfire Elementals","floor":13,"gold_loss":0}],"is_beta":false,"boss_relics":[{"not_picked":["Orrery","Eternal Feather"],"picked":"Astrolabe"}],"items_purged_floors":[11,21],"is_endless":false,"potions_floor_spawned":[5,7,14,16,18,22],"killed_by":"Slavers","ascension_level":0}