{"gold_per_floor":[111,125,125,143,68,109,109,148,148,148,148,148,148,24,24,148,148,171,196,111,40,58,58,73,73,73,73,114,114,132,7,7,128,128,142,267,332,34,367,367,395,395,444,469,439,454,454,480,480,480],"floor_reached":50,"playtime":2238,"items_purged":["Injury","Parasite","Strike_R","Strike_R"],"score":795,"play_id":"a988dac4-1c45-4aad-8a8f-e5a0221cb027","local_time":"20190727230401","is_ascension_mode":true,"campfire_choices":[{"data":"Clothesline","floor":7,"key":"SMITH"},{"data":"Bludgeon","floor":10,"key":"SMITH"},{"data":"Entrench","floor":12,"key":"SMITH"},{"data":"Anger","floor":15,"key":"SMITH"},{"data":"Flame Barrier","floor":23,"key":"SMITH"},{"data":"Metallicize","floor":25,"key":"SMITH"},{"data":"Offering","floor":27,"key":"SMITH"},{"data":"Demon Form","floor":32,"key":"SMITH"},{"data":"Juggernaut","floor":40,"key":"SMITH"},{"data":"Heavy Blade","floor":42,"key":"SMITH"},{"data":"Seeing Red","floor":49,"key":"SMITH"}],"neow_cost":"TEN_PERCENT_HP_LOSS","seed_source_timestamp":547194785431200,"circlet_count":0,"master_deck":["Strike_R","Strike_R","Strike_R","Defend_R","Defend_R","Defend_R","Defend_R+1","Bash","Shrug It Off+1","Pommel Strike","Entrench+1","Clothesline+1","Bludgeon+1","Anger+1","Offering+1","Inflame+1","Shrug It Off+1","Metallicize+1","Flame Barrier+1","Shrug It Off+1","Demon Form+1","Sword Boomerang","Heavy Blade+1","Juggernaut+1","Burning Pact","Shockwave","Seeing Red+1","Trip","Rage+1"],"relics":["Burning Blood","Magic Flower","Mummified Hand","Thread and Needle","Ginger","Coffee Dripper","War Paint","Mercury Hourglass","Blood Vial","Black Star","Mango","WingedGreaves","Bronze Scales","Question Card","Strawberry","Pen Nib","Happy Flower","Incense Burner","Oddly Smooth Stone","Orichalcum"],"potions_floor_usage":[6,16,33,37,41,48],"damage_taken":[{"damage":0,"enemies":"Small Slimes","floor":1,"turns":3},{"damage":1,"enemies":"2 Louse","floor":2,"turns":4},{"damage":14,"enemies":"Jaw Worm","floor":4,"turns":3},{"damage":54,"enemies":"3 Sentries","floor":6,"turns":14},{"damage":39,"enemies":"Lagavulin","floor":8,"turns":8},{"damage":29,"enemies":"Hexaghost","floor":16,"turns":11},{"damage":6,"enemies":"Spheric Guardian","floor":18,"turns":3},{"damage":6,"enemies":"Chosen","floor":19,"turns":3},{"damage":6,"enemies":"Snake Plant","floor":22,"turns":3},{"damage":6,"enemies":"3 Cultists","floor":24,"turns":5},{"damage":17,"enemies":"Slavers","floor":28,"turns":5},{"damage":6,"enemies":"Snecko","floor":30,"turns":5},{"damage":28,"enemies":"Collector","floor":33,"turns":7},{"damage":0,"enemies":"Orb Walker","floor":35,"turns":4},{"damage":6,"enemies":"Mind Bloom Boss Battle","floor":36,"turns":7},{"damage":31,"enemies":"2 Orb Walkers","floor":37,"turns":4},{"damage":17,"enemies":"Giant Head","floor":41,"turns":7},{"damage":51,"enemies":"Reptomancer","floor":44,"turns":6},{"damage":34,"enemies":"3 Darklings","floor":46,"turns":4},{"damage":10,"enemies":"Giant Head","floor":48,"turns":5},{"damage":27,"enemies":"Awakened One","floor":50,"turns":2}],"seed_played":"-4837269074279866796","potions_obtained":[{"floor":1,"key":"BloodPotion"},{"floor":2,"key":"Dexterity Potion"},{"floor":6,"key":"GamblersBrew"},{"floor":8,"key":"Explosive Potion"},{"floor":24,"key":"Energy Potion"},{"floor":33,"key":"Regen Potion"},{"floor":45,"key":"PowerPotion"},{"floor":45,"key":"GamblersBrew"},{"floor":46,"key":"Dexterity Potion"}],"is_trial":false,"path_per_floor":["M","M","?","M","$","E","R","E","T","R","?","R","?","$","R","B",null,"M","M","?","$","M","R","M","R","T","R","E","?","M","$","R","B",null,"M","?","?","$","?","R","E","R","T","E","?","M","?","E","R","B"],"character_chosen":"IRONCLAD","items_purchased":["Anger","Metallicize","Bronze Scales"],"campfire_rested":0,"item_purchase_floors":[14,21,38],"current_hp_per_floor":[72,72,72,67,67,49,49,19,19,19,37,37,61,61,61,41,62,65,68,68,68,69,69,69,69,69,69,61,61,67,67,67,50,64,69,83,61,61,61,61,82,82,82,43,43,21,21,23,23,0],"gold":480,"neow_bonus":"ONE_RARE_RELIC","is_prod":false,"is_daily":false,"chose_seed":false,"campfire_upgraded":11,"win_rate":0,"timestamp":1564283041,"path_taken":["M","M","?","M","$","E","R","E","T","R","?","R","?","$","R","BOSS","M","M","?","$","M","R","M","R","T","R","E","?","M","$","R","BOSS","M","?","?","$","?","R","E","R","T","E","?","?","?","E","R","BOSS"],"build_version":"2019-07-17","purchased_purges":4,"victory":false,"max_hp_per_floor":[72,72,72,72,72,72,72,72,72,72,72,72,72,69,69,69,69,69,69,69,69,69,69,69,69,69,69,69,69,69,69,69,69,69,69,83,83,83,83,83,90,90,90,90,90,90,90,90,90,90],"card_choices":[{"not_picked":["Twin Strike","Sentinel"],"picked":"Shrug It Off","floor":1},{"not_picked":["Thunderclap","Shockwave"],"picked":"Pommel Strike","floor":2},{"not_picked":["Wild Strike","Shockwave"],"picked":"Entrench","floor":4},{"not_picked":["Corruption","Armaments"],"picked":"Clothesline","floor":6},{"not_picked":["Dropkick","Pommel Strike"],"picked":"Bludgeon","floor":8},{"not_picked":["Bludgeon","Barricade"],"picked":"Offering","floor":16},{"not_picked":["Perfected Strike","Thunderclap"],"picked":"Inflame+1","floor":18},{"not_picked":["Rage+1","Twin Strike"],"picked":"Shrug It Off+1","floor":19},{"not_picked":["Perfected Strike","Metallicize"],"picked":"Flame Barrier","floor":22},{"not_picked":["Blood for Blood","Perfected Strike"],"picked":"Shrug It Off+1","floor":24},{"not_picked":["Twin Strike","Anger"],"picked":"Demon Form","floor":28},{"not_picked":["Warcry","Shrug It Off"],"picked":"Heavy Blade","floor":30},{"not_picked":["Exhume","Feed"],"picked":"Juggernaut","floor":33},{"not_picked":["Disarm","Clothesline","Heavy Blade"],"picked":"SKIP","floor":35},{"not_picked":["Perfected Strike+1","Flex"],"picked":"Burning Pact","floor":36},{"not_picked":["Spot Weakness","Clash+1"],"picked":"Shockwave","floor":41},{"not_picked":["Cleave","Dual Wield","Iron Wave","Combust"],"picked":"SKIP","floor":44},{"not_picked":["Carnage+1","Rampage+1","Heavy Blade+1"],"picked":"Seeing Red","floor":46},{"not_picked":["Finesse","Forethought","HandOfGreed"],"picked":"Trip","floor":47},{"not_picked":["Thunderclap","Fire Breathing+1","Uppercut+1"],"picked":"Rage+1","floor":48}],"player_experience":555808,"relics_obtained":[{"floor":6,"key":"Mummified Hand"},{"floor":8,"key":"Thread and Needle"},{"floor":9,"key":"Ginger"},{"floor":26,"key":"Mercury Hourglass"},{"floor":28,"key":"Blood Vial"},{"floor":36,"key":"Mango"},{"floor":37,"key":"WingedGreaves"},{"floor":41,"key":"Question Card"},{"floor":41,"key":"Strawberry"},{"floor":43,"key":"Pen Nib"},{"floor":44,"key":"Happy Flower"},{"floor":44,"key":"Incense Burner"},{"floor":48,"key":"Oddly Smooth Stone"},{"floor":48,"key":"Orichalcum"}],"event_choices":[{"damage_healed":0,"gold_gain":0,"player_choice":"Take Wound","damage_taken":0,"relics_obtained":["Golden Idol"],"max_hp_gain":0,"max_hp_loss":0,"event_name":"Golden Idol","floor":3,"gold_loss":0,"cards_obtained":["Injury"]},{"damage_healed":18,"gold_gain":0,"player_choice":"Healed and dodged fight","damage_taken":0,"max_hp_gain":0,"max_hp_loss":0,"event_name":"Mushrooms","floor":11,"gold_loss":0,"cards_obtained":["Parasite"]},{"damage_healed":24,"gold_gain":0,"player_choice":"Banana","damage_taken":0,"max_hp_gain":0,"max_hp_loss":0,"event_name":"Big Fish","floor":13,"gold_loss":0},{"damage_healed":0,"gold_gain":0,"player_choice":"Obtained Relic","damage_taken":0,"relics_obtained":["War Paint"],"max_hp_gain":0,"max_hp_loss":0,"event_name":"Addict","floor":20,"gold_loss":85},{"damage_healed":0,"gold_gain":0,"player_choice":"Read","damage_taken":0,"max_hp_gain":0,"max_hp_loss":0,"event_name":"The Library","floor":29,"gold_loss":0,"cards_obtained":["Sword Boomerang"]},{"damage_healed":0,"gold_gain":0,"player_choice":"Fight","damage_taken":0,"max_hp_gain":0,"max_hp_loss":0,"event_name":"MindBloom","floor":36,"gold_loss":0},{"damage_healed":0,"gold_gain":0,"player_choice":"Fight","damage_taken":0,"max_hp_gain":0,"max_hp_loss":0,"event_name":"Mysterious Sphere","floor":37,"gold_loss":0},{"damage_healed":0,"gold_gain":333,"player_choice":"Gave Idol","damage_taken":0,"max_hp_gain":0,"max_hp_loss":0,"event_name":"The Moai Head","floor":39,"relics_lost":["Golden Idol"],"gold_loss":0},{"damage_healed":0,"gold_gain":0,"player_choice":"Bought 2 Potions","damage_taken":0,"max_hp_gain":0,"max_hp_loss":0,"event_name":"The Woman in Blue","floor":45,"gold_loss":0},{"damage_healed":0,"gold_gain":0,"player_choice":"Memory 1","damage_taken":0,"max_hp_gain":0,"max_hp_loss":0,"event_name":"SensoryStone","floor":47,"gold_loss":0}],"is_beta":false,"boss_relics":[{"not_picked":["Runic Cube","White Beast Statue"],"picked":"Coffee Dripper"},{"not_picked":["Snecko Eye","Fusion Hammer"],"picked":"Black Star"}],"items_purged_floors":[5,14,31,38],"is_endless":false,"potions_floor_spawned":[1,2,6,8,24,28,33,35,46],"killed_by":"Awakened One","ascension_level":8}