{"path_per_floor":["M","M","?","M","M","R","T","$","T","E","M","M","M"],"character_chosen":"DEFECT","items_purchased":["Darkstone Periapt"],"gold_per_floor":[113,128,203,219,229,229,254,15,38,64,81,94,109,109],"floor_reached":14,"campfire_rested":1,"playtime":1043,"item_purchase_floors":[8],"current_hp_per_floor":[78,75,64,63,37,61,61,61,61,25,13,10,3,0],"items_purged":[],"gold":109,"score":94,"play_id":"04a96c42-0b32-4de2-926c-cde3655deae3","local_time":"20180622225719","is_prod":false,"is_daily":false,"chose_seed":false,"is_ascension_mode":false,"campfire_upgraded":0,"win_rate":0.0,"timestamp":1529704639,"campfire_choices":[{"floor":6,"key":"REST"}],"path_taken":["M","?","?","M","M","R","?","$","T","E","?","M","M","M"],"build_version":"2018-06-21","seed_source_timestamp":333237537097534,"purchased_purges":0,"circlet_count":0,"victory":false,"master_deck":["Strike_B","Strike_B","Strike_B+1","Strike_B","Defend_B","Defend_B","Defend_B","Defend_B","Zap","Dualcast","Loop","Chill","Rainbow","Melter+1","Streamline","Sunder","BootSequence","Loop"],"max_hp_per_floor":[82,82,82,82,82,82,82,82,82,82,82,82,82,82],"relics":["Cracked Core","Whetstone","Darkstone Periapt","Boot","Regal Pillow"],"card_choices":[{"not_picked":["Gash","Reinforced Body"],"picked":"Loop","floor":1},{"not_picked":["Redo","Stack"],"picked":"Chill","floor":2},{"not_picked":["Stack","Beam Cell"],"picked":"Rainbow","floor":4},{"not_picked":["Coolheaded","Chill"],"picked":"Melter","floor":5},{"not_picked":["Sweeping Beam","Ball Lightning"],"picked":"Streamline","floor":10},{"not_picked":["Cold Snap","Redo"],"picked":"Sunder","floor":11},{"not_picked":["Defragment","Reinforced Body"],"picked":"BootSequence","floor":12},{"not_picked":["Coolheaded","Cold Snap"],"picked":"Loop","floor":13}],"player_experience":67685,"potions_floor_usage":[],"damage_taken":[{"damage":4,"enemies":"Cultist","floor":1,"turns":4},{"damage":3,"enemies":"Jaw Worm","floor":2,"turns":4},{"damage":1,"enemies":"Small Slimes","floor":4,"turns":4},{"damage":26,"enemies":"Exordium Wildlife","floor":5,"turns":6},{"damage":36,"enemies":"Gremlin Nob","floor":10,"turns":5},{"damage":12,"enemies":"Lots of Slimes","floor":11,"turns":4},{"damage":3,"enemies":"Looter","floor":12,"turns":2},{"damage":7,"enemies":"Blue Slaver","floor":13,"turns":3},{"damage":3,"enemies":"Gremlin Gang","floor":14,"turns":1}],"relics_obtained":[{"floor":7,"key":"Whetstone"},{"floor":9,"key":"Boot"},{"floor":10,"key":"Regal Pillow"}],"event_choices":[{"event_name":"World of Goop","player_choice":"Gather Gold","floor":3,"damage_taken":0}],"boss_relics":[],"items_purged_floors":[],"is_endless":false,"potions_floor_spawned":[4,5,10,13],"seed_played":"5042415651248777562","killed_by":"Gremlin Gang","ascension_level":0,"potions_obtained":[{"floor":4,"key":"Dexterity Potion"},{"floor":5,"key":"Block Potion"},{"floor":10,"key":"GamblersBrew"}],"is_trial":false}