{"path_per_floor":["M","$","M","M","M","R","?","R","T","?","?","M","M","E","R","B",null,"M","$","?","M","$","R","M","R","T","R","M","?","$","M","R"],"character_chosen":"DEFECT","items_purchased":["Blind","Gremlin Horn","Sweeping Beam"],"gold_per_floor":[119,27,38,55,66,66,66,66,90,90,90,101,112,144,144,244,244,262,9,108,94,44,44,57,57,57,57,70,70,70,87,87,87],"floor_reached":33,"campfire_rested":5,"playtime":2684,"item_purchase_floors":[2,19,22],"current_hp_per_floor":[74,74,72,67,57,75,75,75,75,75,75,61,59,55,75,46,75,68,68,68,60,60,75,62,75,75,75,57,41,41,29,51,0],"items_purged":[],"gold":87,"score":247,"play_id":"8fe0550b-6dcf-4951-bef1-7850672867b1","local_time":"20180621215654","is_prod":false,"is_daily":false,"chose_seed":false,"is_ascension_mode":false,"campfire_upgraded":2,"win_rate":0.0,"timestamp":1529614614,"campfire_choices":[{"floor":6,"key":"REST"},{"data":"Conserve Battery","floor":8,"key":"SMITH"},{"floor":15,"key":"REST"},{"floor":23,"key":"REST"},{"floor":25,"key":"REST"},{"data":"Melter","floor":27,"key":"SMITH"},{"floor":32,"key":"REST"}],"path_taken":["M","$","M","?","M","R","?","R","T","?","?","M","M","E","R","BOSS","M","$","?","M","$","R","M","R","T","R","M","?","?","M","R","BOSS"],"build_version":"2018-06-14v2","seed_source_timestamp":241565881497147,"purchased_purges":0,"victory":false,"master_deck":["Strike_B","Strike_B","Strike_B","Strike_B","Defend_B","Defend_B+1","Defend_B","Defend_B","Zap","Conserve Battery+1","Blind+1","Stack","Cold Snap","Melter","Leap","Melter+1","Echo Form","Leap+1","Hologram","Sweeping Beam","Capacitor+1","Rebound+1","Necronomicurse","Streamline"],"max_hp_per_floor":[75,75,75,75,75,75,75,75,75,75,75,75,75,75,75,75,75,75,75,75,75,75,75,75,75,75,75,75,75,75,75,75,75],"relics":["Cracked Core","Potion Belt","Oddly Smooth Stone","Sozu","Gremlin Horn","Sundial","Necronomicon"],"card_choices":[{"not_picked":["Beam Cell","Heatsinks"],"picked":"Conserve Battery","floor":1},{"not_picked":["FTL","Hologram"],"picked":"Redo","floor":3},{"not_picked":["Tempest","Steam"],"picked":"Stack","floor":4},{"not_picked":["Go for the Eyes","Stack"],"picked":"Cold Snap","floor":5},{"not_picked":["Auto Shields","Beam Cell"],"picked":"Melter","floor":12},{"not_picked":["Go for the Eyes","Fusion"],"picked":"Leap","floor":13},{"not_picked":["Reinforced Body","Chaos"],"picked":"Melter","floor":14},{"not_picked":["Creative AI","Multi-Cast"],"picked":"Echo Form","floor":16},{"not_picked":["Glacier","Sweeping Beam"],"picked":"Leap+1","floor":18},{"not_picked":["Steam","Skim"],"picked":"Hologram","floor":21},{"not_picked":["Lockon","Gash"],"picked":"Capacitor+1","floor":24},{"not_picked":["Capacitor","Cold Snap+1"],"picked":"Rebound+1","floor":28},{"not_picked":["Force Field","Double Energy"],"picked":"Streamline","floor":31}],"player_experience":51082,"potions_floor_usage":[],"damage_taken":[{"damage":1,"enemies":"Cultist","floor":1,"turns":4},{"damage":2,"enemies":"Jaw Worm","floor":3,"turns":4},{"damage":5,"enemies":"Small Slimes","floor":4,"turns":4},{"damage":10,"enemies":"Exordium Thugs","floor":5,"turns":6},{"damage":14,"enemies":"Exordium Wildlife","floor":12,"turns":6},{"damage":2,"enemies":"3 Louse","floor":13,"turns":4},{"damage":4,"enemies":"3 Sentries","floor":14,"turns":9},{"damage":29,"enemies":"The Guardian","floor":16,"turns":17},{"damage":7,"enemies":"Shell Parasite","floor":18,"turns":5},{"damage":8,"enemies":"2 Thieves","floor":21,"turns":4},{"damage":13,"enemies":"Slaver and Parasite","floor":24,"turns":9},{"damage":18,"enemies":"Snake Plant","floor":28,"turns":8},{"damage":12,"enemies":"Centurion and Healer","floor":31,"turns":9},{"damage":53,"enemies":"Champ","floor":33,"turns":12}],"relics_obtained":[{"floor":9,"key":"Potion Belt"},{"floor":14,"key":"Oddly Smooth Stone"},{"floor":26,"key":"Sundial"},{"floor":29,"key":"Necronomicon"}],"event_choices":[{"event_name":"Accursed Blacksmith","player_choice":"Forge","floor":7,"damage_taken":0},{"event_name":"Bonfire Elementals","player_choice":"COMMON","floor":10,"damage_taken":0},{"event_name":"Upgrade Shrine","player_choice":"Upgraded","floor":11,"damage_taken":0},{"event_name":"Nest","player_choice":"Stole From Cult","floor":20,"damage_taken":0},{"event_name":"Cursed Tome","player_choice":"Obtained Book","floor":29,"damage_taken":0}],"boss_relics":[{"not_picked":["Philosopher\u0027s Stone","Calling Bell"],"picked":"Sozu"}],"items_purged_floors":[],"is_endless":false,"potions_floor_spawned":[4,5,13,14,21],"seed_played":"4681182716668239491","killed_by":"Champ","ascension_level":0,"potions_obtained":[{"floor":4,"key":"PowerPotion"},{"floor":5,"key":"Fire Potion"},{"floor":13,"key":"SpeedPotion"},{"floor":14,"key":"PowerPotion"}],"is_trial":false}