{"gold_per_floor":[17,0,10,10,22,47,47,75,98,20,20,50,70,70,70,170,170,185,195,207,219,229,229,242,258,338,338,338,263,263,278,278,378,378,388,33,44,58,74,74,74,74,74,91,91,105,105,15,15,15],"floor_reached":51,"playtime":5302,"items_purged":["Prepared","Strike_G"],"score":838,"play_id":"d6786f22-b078-49e9-8435-66d84913966c","local_time":"20180704113037","is_ascension_mode":true,"campfire_choices":[{"floor":7.0,"key":"REST"},{"floor":11.0,"key":"REST"},{"data":"Footwork","floor":15.0,"key":"SMITH"},{"floor":23.0,"key":"REST"},{"data":"Noxious Fumes","floor":28.0,"key":"SMITH"},{"data":"Sucker Punch","floor":30.0,"key":"SMITH"},{"floor":32.0,"key":"REST"},{"data":"Footwork","floor":40.0,"key":"SMITH"},{"data":"Noxious Fumes","floor":42.0,"key":"SMITH"},{"data":"Sucker Punch","floor":45,"key":"SMITH"},{"data":"Tools of the Trade","floor":47,"key":"SMITH"},{"data":"Caltrops","floor":49,"key":"SMITH"}],"neow_cost":"","seed_source_timestamp":1324097284813107,"circlet_count":0,"master_deck":["Defend_G","Defend_G","Defend_G","Defend_G","Defend_G","Strike_G","Strike_G","Strike_G","Strike_G+1","Survivor","Neutralize+1","Die Die Die","Flying Knee","Footwork+1","PiercingWail","Sucker Punch+1","Noxious Fumes+1","Backstab","Dodge and Roll","Cloak And Dagger","Backflip","Flying Knee","Deflect","Tools of the Trade+1","Footwork+1","Noxious Fumes+1","Good Instincts","Sucker Punch+1","Blur+1","Infinite Blades","Bane","Backflip+1","Caltrops+1"],"special_seed":0,"relics":["Ring of the Snake","Blood Vial","Snake Skull","Oddly Smooth Stone","Bronze Scales","Eternal Feather","Tiny Chest","Cursed Key"],"potions_floor_usage":[50],"damage_taken":[{"damage":0.0,"enemies":"2 Louse","floor":1.0,"turns":2.0},{"damage":0.0,"enemies":"Small Slimes","floor":3.0,"turns":2.0},{"damage":0.0,"enemies":"Cultist","floor":5.0,"turns":4.0},{"damage":16.0,"enemies":"3 Sentries","floor":6.0,"turns":9.0},{"damage":17.0,"enemies":"Lagavulin","floor":8.0,"turns":11.0},{"damage":10.0,"enemies":"3 Sentries","floor":12.0,"turns":6.0},{"damage":0.0,"enemies":"2 Fungi Beasts","floor":13.0,"turns":2.0},{"damage":8.0,"enemies":"The Guardian","floor":16.0,"turns":11.0},{"damage":22.0,"enemies":"Spheric Guardian","floor":18.0,"turns":7.0},{"damage":13.0,"enemies":"Shell Parasite","floor":19.0,"turns":9.0},{"damage":10.0,"enemies":"Snake Plant","floor":20.0,"turns":6.0},{"damage":2.0,"enemies":"3 Cultists","floor":21.0,"turns":5.0},{"damage":2.0,"enemies":"Chosen and Byrds","floor":22.0,"turns":8.0},{"damage":18.0,"enemies":"Snake Plant","floor":24.0,"turns":5.0},{"damage":3.0,"enemies":"3 Cultists","floor":25.0,"turns":6.0},{"damage":10.0,"enemies":"Chosen and Byrds","floor":31.0,"turns":6.0},{"damage":61.0,"enemies":"Champ","floor":33.0,"turns":17.0},{"damage":8.0,"enemies":"3 Shapes","floor":35.0,"turns":9.0},{"damage":6.0,"enemies":"3 Darklings","floor":37.0,"turns":6.0},{"damage":5.0,"enemies":"4 Shapes","floor":38.0,"turns":7.0},{"damage":7.0,"enemies":"Sphere and 2 Shapes","floor":39.0,"turns":7.0},{"damage":0,"enemies":"Maw","floor":44,"turns":9},{"damage":28,"enemies":"3 Darklings","floor":46,"turns":5},{"damage":44,"enemies":"Donu and Deca","floor":50,"turns":10}],"seed_played":"-6262554305248071886","potions_obtained":[{"floor":1.0,"key":"SteroidPotion"},{"floor":5.0,"key":"SkillPotion"},{"floor":19.0,"key":"Weak Potion"},{"floor":21.0,"key":"Weak Potion"},{"floor":22.0,"key":"Dexterity Potion"},{"floor":24.0,"key":"Explosive Potion"},{"floor":31.0,"key":"LiquidBronze"},{"floor":37.0,"key":"SteroidPotion"},{"floor":44,"key":"SteroidPotion"}],"is_trial":false,"path_per_floor":["M","?","M","?","M","E","R","E","T","$","R","E","M","?","R","B",null,"M","M","M","M","M","R","M","M","T","?","R","$","R","M","R","B",null,"M","$","M","M","M","R","?","R","T","M","R","M","R","$","R","B"],"character_chosen":"THE_SILENT","items_purchased":["Noxious Fumes","Noxious Fumes","Backflip","Good Instincts","Sucker Punch","Caltrops","Fire Potion"],"campfire_rested":4,"item_purchase_floors":[],"current_hp_per_floor":[63,63,63,49,49,33,54,39,39,39,60,52,54,54,54,48,65,45,34,26,26,26,55,39,38,38,38,46,46,54,46,70,9,55,49,49,45,42,37,49,49,61,61,63,70,42,54,54,66,24],"gold":15,"neow_bonus":"","is_prod":false,"is_daily":false,"chose_seed":false,"campfire_upgraded":8,"win_rate":0,"timestamp":1530700237,"path_taken":["M","?","M","?","?","E","R","E","T","?","R","E","M","?","R","BOSS","M","M","M","?","M","R","M","M","T","?","R","?","R","M","R","BOSS","M","$","M","?","M","R","?","R","T","M","R","M","R","?","R","BOSS"],"build_version":"2018-06-28","purchased_purges":2,"victory":true,"max_hp_per_floor":[70,70,70,70,70,70,70,70,70,70,70,70,70,70,70,70,70,70,70,70,70,70,70,70,70,70,70,70,70,70,70,70,70,70,70,70,70,70,70,70,70,70,70,70,70,70,70,70,70,70],"card_choices":[{"not_picked":["Grand Finale","Tools of the Trade"],"picked":"Die Die Die","floor":0.0},{"not_picked":["Choke","Expertise","Quick Slash"],"picked":"SKIP","floor":1.0},{"not_picked":["Deflect","Blade Dance"],"picked":"Flying Knee","floor":3.0},{"not_picked":["Leg Sweep","Blur"],"picked":"Footwork","floor":5.0},{"not_picked":["Concentrate","Deadly Poison"],"picked":"PiercingWail","floor":6.0},{"not_picked":["Bane","Slice"],"picked":"Sucker Punch","floor":8.0},{"not_picked":["Riddle With Holes","Bullet Time","All Out Attack"],"picked":"SKIP","floor":12.0},{"not_picked":["Accuracy","Acrobatics","Outmaneuver"],"picked":"SKIP","floor":13.0},{"not_picked":["Choke","Accuracy"],"picked":"Backstab","floor":18.0},{"not_picked":["Deadly Poison","Cloak And Dagger"],"picked":"Dodge and Roll","floor":19.0},{"not_picked":["Quick Slash+1","Catalyst"],"picked":"Cloak And Dagger","floor":20.0},{"not_picked":["Distraction+1","Prepared"],"picked":"Backflip","floor":21.0},{"not_picked":["Riddle With Holes+1","Predator"],"picked":"Prepared","floor":22.0},{"not_picked":["Cloak And Dagger","Venomology"],"picked":"Flying Knee","floor":24.0},{"not_picked":["Quick Slash","Concentrate","Eviscerate"],"picked":"SKIP","floor":25.0},{"not_picked":["Prepared","Choke"],"picked":"Deflect","floor":31.0},{"not_picked":["Burst","Wraith Form v2"],"picked":"Tools of the Trade","floor":33.0},{"not_picked":["Endless Agony","Backflip"],"picked":"Footwork","floor":35.0},{"not_picked":["Poisoned Stab","Outmaneuver","Underhanded Strike+1"],"picked":"SKIP","floor":37.0},{"not_picked":["Deflect+1","Bouncing Flask"],"picked":"Blur+1","floor":38.0},{"not_picked":["Poisoned Stab+1","Blade Dance+1"],"picked":"Infinite Blades","floor":39.0},{"not_picked":["Dagger Spray+1","Acrobatics+1"],"picked":"Bane","floor":44},{"not_picked":["Quick Slash+1","PiercingWail+1"],"picked":"Backflip+1","floor":46}],"player_experience":340472,"relics_obtained":[{"floor":6.0,"key":"Blood Vial"},{"floor":8.0,"key":"Snake Skull"},{"floor":9.0,"key":"Oddly Smooth Stone"},{"floor":12.0,"key":"Bronze Scales"},{"floor":26.0,"key":"Tiny Chest"}],"event_choices":[{"event_name":"World of Goop","player_choice":"Left","floor":2.0,"damage_taken":0.0},{"event_name":"Shining Light","player_choice":"Entered Light","floor":4.0,"damage_taken":0.0},{"event_name":"Scrap Ooze","player_choice":"unsuccessful","floor":14.0,"damage_taken":0.0},{"event_name":"Cursed Tome","player_choice":"Ignored","floor":27.0,"damage_taken":0.0},{"event_name":"Falling","player_choice":"Removed Skill","floor":41.0,"damage_taken":0.0}],"boss_relics":[{"not_picked":["Busted Crown","Philosopher\u0027s Stone"],"picked":"Eternal Feather"},{"not_picked":["Runic Pyramid","Fusion Hammer"],"picked":"Cursed Key"}],"items_purged_floors":[],"is_endless":false,"potions_floor_spawned":[1,5,19,21,22,24,31,37,44],"ascension_level":7}