{"path_per_floor":["M","?","M","$","M","R","M","R","T","M","?","?","M","M","R"],"character_chosen":"IRONCLAD","items_purchased":["Ghostly Armor","Cleave"],"gold_per_floor":[119,119,137,39,55,55,67,67,67,83,258,258,273,289,289,289],"floor_reached":16,"campfire_rested":1,"playtime":1078,"item_purchase_floors":[4,4],"current_hp_per_floor":[69,69,75,75,80,80,70,70,70,65,65,65,67,54,78,0],"items_purged":[],"gold":289,"score":94,"play_id":"35d6c240-effc-47b5-928a-2094a8ee6361","local_time":"20180616130800","is_prod":false,"is_daily":false,"chose_seed":false,"is_ascension_mode":false,"campfire_upgraded":2,"win_rate":0.0,"timestamp":1529150880,"campfire_choices":[{"data":"Ghostly Armor","floor":6,"key":"SMITH"},{"data":"Perfected Strike","floor":8,"key":"SMITH"},{"floor":15,"key":"REST"}],"path_taken":["M","?","M","?","?","R","M","R","T","M","?","?","?","M","R","BOSS"],"build_version":"2018-06-14v2","seed_source_timestamp":151147699237466,"purchased_purges":0,"victory":false,"master_deck":["Strike_R","Strike_R","Strike_R","Strike_R","Strike_R","Defend_R","Defend_R+1","Defend_R","Defend_R","Bash","Perfected Strike+1","Armaments","Ghostly Armor+1","Cleave","Body Slam","Bludgeon+1","Pummel","Doubt","Headbutt","Uppercut"],"max_hp_per_floor":[80,80,80,80,80,80,80,80,80,80,80,80,80,80,80,80],"relics":["Burning Blood","Lantern"],"card_choices":[{"not_picked":["Burning Pact","Rampage"],"picked":"Perfected Strike","floor":1},{"not_picked":["Clash","Corruption"],"picked":"Armaments","floor":3},{"not_picked":["True Grit","Headbutt"],"picked":"Body Slam","floor":5},{"not_picked":["Dual Wield","Warcry"],"picked":"Bludgeon","floor":7},{"not_picked":["Clothesline","Sever Soul"],"picked":"Pummel","floor":10},{"not_picked":["Intimidate","Spot Weakness"],"picked":"Headbutt","floor":13},{"not_picked":["Clothesline","Iron Wave"],"picked":"Uppercut","floor":14}],"player_experience":9434,"potions_floor_usage":[],"damage_taken":[{"damage":17,"enemies":"Small Slimes","floor":1,"turns":5},{"damage":0,"enemies":"2 Louse","floor":3,"turns":3},{"damage":0,"enemies":"Jaw Worm","floor":5,"turns":3},{"damage":16,"enemies":"Exordium Thugs","floor":7,"turns":7},{"damage":11,"enemies":"Gremlin Gang","floor":10,"turns":5},{"damage":4,"enemies":"2 Fungi Beasts","floor":13,"turns":3},{"damage":19,"enemies":"Large Slime","floor":14,"turns":6},{"damage":79,"enemies":"Hexaghost","floor":16,"turns":9}],"relics_obtained":[{"floor":9,"key":"Lantern"}],"event_choices":[{"event_name":"Living Wall","player_choice":"Grow","floor":2,"damage_taken":0},{"event_name":"Liars Game","player_choice":"agreed","floor":11,"damage_taken":0},{"event_name":"Upgrade Shrine","player_choice":"Upgraded","floor":12,"damage_taken":0}],"boss_relics":[],"items_purged_floors":[],"is_endless":false,"potions_floor_spawned":[5,10,13,14],"seed_played":"1909734316674632592","killed_by":"Hexaghost","ascension_level":0,"potions_obtained":[{"floor":5,"key":"Regen Potion"},{"floor":10,"key":"Swift Potion"},{"floor":13,"key":"Regen Potion"},{"floor":14,"key":"Dexterity Potion"}],"is_trial":false}