{"gold_per_floor":[112,112,122,141,16,42,52,52,78,78,106,119,119,145,145,245,245,265,282,127,127,138,138,169,189,213,225,225,241,270,280,280,378,428,440,440,164,175,185,185,215,229,253,353,353,386,400,400,400,400],"floor_reached":50,"playtime":4131,"items_purged":["Strike_G","Strike_G"],"score":787,"play_id":"99b0af23-59cf-48ce-ad53-ae4623a2d54b","local_time":"20190718115641","is_ascension_mode":true,"campfire_choices":[{"data":"Footwork","floor":8,"key":"SMITH"},{"data":"Dagger Spray","floor":10,"key":"SMITH"},{"data":"Prepared","floor":13,"key":"SMITH"},{"data":"Neutralize","floor":15,"key":"SMITH"},{"data":"Glass Knife","floor":23,"key":"SMITH"},{"data":"Defend_G","floor":32,"key":"PURGE"},{"data":"After Image","floor":40,"key":"SMITH"},{"data":"Infinite Blades","floor":45,"key":"SMITH"},{"floor":49,"key":"REST"}],"neow_cost":"NONE","seed_source_timestamp":138970228404900,"circlet_count":0,"master_deck":["Strike_G","Strike_G","Strike_G","Defend_G","Defend_G","Defend_G","Defend_G","Survivor","Neutralize+1","Poisoned Stab","Cloak And Dagger","Dagger Spray+1","Footwork+1","Prepared+1","Dash","Riddle With Holes+1","Quick Slash","Glass Knife+1","Leg Sweep","Backflip","Infinite Blades+1","Sucker Punch+1","Terror+1","PiercingWail+1","Setup","After Image+1","Caltrops+1","Sadistic Nature","Calculated Gamble+1","Deadly Poison+1","Blade Dance","Backflip+1","Accuracy","Bouncing Flask+1"],"relics":["Ring of the Snake","PreservedInsect","Art of War","Blood Vial","Strawberry","Pen Nib","Pear","Philosopher\u0027s Stone","Paper Crane","Anchor","CultistMask","Peace Pipe","Tiny House","Shuriken","Omamori","Mango","Smiling Mask"],"potions_floor_usage":[6,16,16,16,25,30,33,46,46],"damage_taken":[{"damage":0,"enemies":"Small Slimes","floor":1,"turns":5},{"damage":0,"enemies":"2 Louse","floor":3,"turns":2},{"damage":5,"enemies":"Jaw Worm","floor":4,"turns":4},{"damage":16,"enemies":"Gremlin Nob","floor":6,"turns":5},{"damage":10,"enemies":"Lots of Slimes","floor":7,"turns":3},{"damage":10,"enemies":"Lagavulin","floor":11,"turns":9},{"damage":0,"enemies":"3 Louse","floor":12,"turns":4},{"damage":2,"enemies":"3 Sentries","floor":14,"turns":4},{"damage":13,"enemies":"Slime Boss","floor":16,"turns":11},{"damage":8,"enemies":"Shell Parasite","floor":18,"turns":5},{"damage":2,"enemies":"3 Byrds","floor":19,"turns":4},{"damage":9,"enemies":"Shelled Parasite and Fungi","floor":22,"turns":7},{"damage":0,"enemies":"Book of Stabbing","floor":24,"turns":5},{"damage":0,"enemies":"Cultist and Chosen","floor":25,"turns":5},{"damage":10,"enemies":"3 Cultists","floor":27,"turns":6},{"damage":0,"enemies":"Centurion and Healer","floor":29,"turns":4},{"damage":0,"enemies":"Gremlin Leader","floor":30,"turns":3},{"damage":1,"enemies":"Snake Plant","floor":31,"turns":5},{"damage":50,"enemies":"Automaton","floor":33,"turns":12},{"damage":19,"enemies":"Orb Walker","floor":35,"turns":4},{"damage":22,"enemies":"3 Darklings","floor":38,"turns":8},{"damage":3,"enemies":"Maw","floor":39,"turns":9},{"damage":16,"enemies":"Giant Head","floor":41,"turns":10},{"damage":8,"enemies":"Transient","floor":42,"turns":5},{"damage":0,"enemies":"Mind Bloom Boss Battle","floor":44,"turns":6},{"damage":13,"enemies":"Reptomancer","floor":46,"turns":6},{"damage":16,"enemies":"3 Darklings","floor":47,"turns":6},{"damage":89,"enemies":"Awakened One","floor":50,"turns":8}],"seed_played":"-6841761122111245032","potions_obtained":[{"floor":3,"key":"PowerPotion"},{"floor":7,"key":"EssenceOfSteel"},{"floor":11,"key":"Ancient Potion"},{"floor":12,"key":"Poison Potion"},{"floor":19,"key":"Ancient Potion"},{"floor":24,"key":"Poison Potion"},{"floor":27,"key":"FairyPotion"},{"floor":30,"key":"Swift Potion"},{"floor":33,"key":"SkillPotion"},{"floor":34,"key":"LiquidBronze"},{"floor":41,"key":"Energy Potion"},{"floor":42,"key":"Weak Potion"}],"is_trial":false,"path_per_floor":["M","?","M","M","$","E","M","R","T","R","E","M","R","E","R","B",null,"M","M","$","?","M","R","E","M","T","M","?","M","E","M","R","B",null,"M","?","$","M","M","R","E","M","T","?","R","E","M","?","R","B"],"character_chosen":"THE_SILENT","items_purchased":["Footwork","Prepared","Infinite Blades","Sadistic Nature"],"campfire_rested":1,"item_purchase_floors":[5,5,20,37],"current_hp_per_floor":[70,63,63,58,58,42,34,34,41,41,33,35,35,45,45,34,87,79,79,79,62,55,55,57,59,59,51,51,53,55,56,56,8,97,78,78,78,58,57,57,43,37,37,53,53,42,28,28,61,0],"gold":400,"neow_bonus":"RANDOM_COMMON_RELIC","is_prod":false,"is_daily":false,"chose_seed":false,"campfire_upgraded":7,"win_rate":0,"timestamp":1563465401,"path_taken":["M","?","M","M","$","E","M","R","T","R","E","M","R","E","R","BOSS","M","M","$","?","M","R","E","M","T","M","?","?","E","M","R","BOSS","M","?","$","M","M","R","E","M","T","?","R","E","M","?","R","BOSS"],"build_version":"2019-07-17","purchased_purges":2,"victory":false,"max_hp_per_floor":[70,70,70,70,70,70,70,70,77,77,77,77,77,87,87,87,87,87,87,87,92,92,92,92,92,92,92,92,92,92,92,92,92,97,97,97,97,97,97,97,97,97,97,111,111,111,111,111,111,111],"card_choices":[{"not_picked":["Backflip","Outmaneuver"],"picked":"Poisoned Stab","floor":1},{"not_picked":["Leg Sweep","Eviscerate"],"picked":"Cloak And Dagger","floor":3},{"not_picked":["Caltrops","Outmaneuver"],"picked":"Dagger Spray","floor":4},{"not_picked":["Caltrops","Slice"],"picked":"Cloak And Dagger","floor":6},{"not_picked":["Adrenaline","Acrobatics"],"picked":"Dash","floor":7},{"not_picked":["Slice","Choke"],"picked":"Riddle With Holes","floor":11},{"not_picked":["Deadly Poison","Eviscerate"],"picked":"Quick Slash","floor":12},{"not_picked":["Flying Knee","Outmaneuver","Expertise"],"picked":"SKIP","floor":14},{"not_picked":["Wraith Form v2","Die Die Die"],"picked":"Glass Knife","floor":16},{"not_picked":["Outmaneuver","Terror"],"picked":"Leg Sweep","floor":18},{"not_picked":["Masterful Stab+1","Deflect"],"picked":"Backflip","floor":19},{"not_picked":["Underhanded Strike","Blade Dance+1","Predator"],"picked":"SKIP","floor":22},{"not_picked":["Leg Sweep","Predator"],"picked":"Sucker Punch+1","floor":24},{"not_picked":["Glass Knife","Acrobatics"],"picked":"Terror+1","floor":25},{"not_picked":["Sucker Punch","Flying Knee"],"picked":"PiercingWail+1","floor":27},{"not_picked":["Outmaneuver+1","Predator+1"],"picked":"Setup","floor":29},{"not_picked":["Slice","Choke","Phantasmal Killer"],"picked":"SKIP","floor":30},{"not_picked":["Dagger Throw","Tactician","Blur"],"picked":"SKIP","floor":31},{"not_picked":["Malaise","Tools of the Trade"],"picked":"After Image","floor":33},{"not_picked":["Dodge and Roll","Bouncing Flask+1"],"picked":"Caltrops+1","floor":35},{"not_picked":["Night Terror","Masterful Stab+1"],"picked":"Calculated Gamble+1","floor":38},{"not_picked":["Accuracy+1","Reflex+1"],"picked":"Deadly Poison+1","floor":39},{"not_picked":["Reflex+1","Deadly Poison+1","PiercingWail+1"],"picked":"SKIP","floor":41},{"not_picked":["Flying Knee+1","Riddle With Holes"],"picked":"Blade Dance","floor":42},{"not_picked":["Caltrops+1","Heel Hook+1"],"picked":"Backflip+1","floor":44},{"not_picked":["Acrobatics","Finisher"],"picked":"Accuracy","floor":46},{"not_picked":["Prepared+1","Skewer"],"picked":"Bouncing Flask+1","floor":47}],"player_experience":394919,"relics_obtained":[{"floor":6,"key":"Blood Vial"},{"floor":9,"key":"Strawberry"},{"floor":11,"key":"Pen Nib"},{"floor":14,"key":"Pear"},{"floor":24,"key":"Paper Crane"},{"floor":26,"key":"Anchor"},{"floor":30,"key":"Peace Pipe"},{"floor":41,"key":"Shuriken"},{"floor":43,"key":"Omamori"},{"floor":44,"key":"Mango"},{"floor":46,"key":"Smiling Mask"}],"event_choices":[{"damage_healed":0,"gold_gain":0,"player_choice":"Success","damage_taken":7,"relics_obtained":["Art of War"],"max_hp_gain":0,"max_hp_loss":0,"event_name":"Scrap Ooze","floor":2,"gold_loss":0},{"damage_healed":0,"gold_gain":0,"player_choice":"Shed Blood","damage_taken":22,"max_hp_gain":5,"max_hp_loss":0,"event_name":"Forgotten Altar","floor":21,"gold_loss":0},{"damage_healed":0,"gold_gain":0,"player_choice":"Trade","damage_taken":0,"relics_obtained":["CultistMask"],"max_hp_gain":0,"max_hp_loss":0,"event_name":"FaceTrader","floor":28,"gold_loss":0},{"cards_removed":["Cloak And Dagger"],"damage_healed":0,"gold_gain":0,"player_choice":"Removed Skill","damage_taken":0,"max_hp_gain":0,"max_hp_loss":0,"event_name":"Falling","floor":36,"gold_loss":0},{"damage_healed":0,"gold_gain":0,"player_choice":"Fight","damage_taken":0,"max_hp_gain":0,"max_hp_loss":0,"event_name":"MindBloom","floor":44,"gold_loss":0},{"damage_healed":0,"gold_gain":0,"player_choice":"Ignored","damage_taken":0,"max_hp_gain":0,"max_hp_loss":0,"event_name":"Mysterious Sphere","floor":48,"gold_loss":0}],"is_beta":false,"boss_relics":[{"not_picked":["White Beast Statue","WristBlade"],"picked":"Philosopher\u0027s Stone"},{"not_picked":["Sozu","Busted Crown"],"picked":"Tiny House"}],"items_purged_floors":[20,37],"is_endless":false,"potions_floor_spawned":[3,7,11,12,19,24,27,30,33,38,41,42,44],"killed_by":"Awakened One","ascension_level":4}