{"gold_per_floor":[109,119,21,21,40,40,71,71,153,173,188,200,220,233,233,332,332,343,360,109,125,125,156,156,174,174,200,200,200,200,219,219,317,317,328,340,215,215,234,266,266,266,266,65,85,99,99,112,112,112],"floor_reached":51,"playtime":5707,"items_purged":["Anger","Iron Wave","Writhe"],"score":798,"play_id":"cbbbece3-b1ec-4bae-86a3-0a394b99a7f8","local_time":"20190815140918","daily_mods":["Draft"],"is_ascension_mode":false,"campfire_choices":[{"data":"Heavy Blade","floor":6,"key":"SMITH"},{"data":"Inflame","floor":8,"key":"SMITH"},{"data":"Armaments","floor":15,"key":"SMITH"},{"data":"True Grit","floor":24,"key":"SMITH"},{"data":"Impervious","floor":28,"key":"SMITH"},{"data":"Metallicize","floor":32,"key":"SMITH"},{"data":"Limit Break","floor":41,"key":"SMITH"},{"data":"Feel No Pain","floor":47,"key":"SMITH"},{"data":"Burning Pact","floor":49,"key":"SMITH"}],"neow_cost":"","seed_source_timestamp":4105456855504,"circlet_count":0,"master_deck":["Heavy Blade+1","Clothesline","Dual Wield","Corruption","Flex","Anger","Shrug It Off","Pommel Strike","Feel No Pain+1","Metallicize+1","Inflame+1","Armaments+1","Headbutt","Cleave","True Grit+1","Thunderclap","Impervious+1","Burning Pact+1","Barricade","Blood for Blood","Spot Weakness+1","Limit Break+1","Whirlwind+1","Body Slam","Panache","Disarm+1"],"relics":["Burning Blood","Ancient Tea Set","Pantograph","Snecko Eye","Bronze Scales","Centennial Puzzle","Shuriken","Bag of Marbles","Mummified Hand","White Beast Statue","Boot","Paper Frog","HandDrill"],"potions_floor_usage":[16,16,23,40,45,50,50],"damage_taken":[{"damage":3,"enemies":"Cultist","floor":1,"turns":3},{"damage":0,"enemies":"Jaw Worm","floor":2,"turns":3},{"damage":7,"enemies":"2 Louse","floor":5,"turns":2},{"damage":15,"enemies":"Gremlin Nob","floor":7,"turns":5},{"damage":2,"enemies":"Looter","floor":10,"turns":2},{"damage":8,"enemies":"Blue Slaver","floor":11,"turns":4},{"damage":6,"enemies":"2 Fungi Beasts","floor":12,"turns":3},{"damage":4,"enemies":"Red Slaver","floor":13,"turns":5},{"damage":10,"enemies":"Looter","floor":14,"turns":2},{"damage":31,"enemies":"The Guardian","floor":16,"turns":9},{"damage":8,"enemies":"Shell Parasite","floor":18,"turns":5},{"damage":0,"enemies":"Spheric Guardian","floor":19,"turns":3},{"damage":5,"enemies":"Cultist and Chosen","floor":21,"turns":6},{"damage":20,"enemies":"Gremlin Leader","floor":23,"turns":4},{"damage":0,"enemies":"Chosen and Byrds","floor":25,"turns":5},{"damage":4,"enemies":"Book of Stabbing","floor":27,"turns":5},{"damage":12,"enemies":"Centurion and Healer","floor":31,"turns":3},{"damage":24,"enemies":"Champ","floor":33,"turns":9},{"damage":27,"enemies":"3 Darklings","floor":35,"turns":4},{"damage":5,"enemies":"Orb Walker","floor":36,"turns":4},{"damage":0,"enemies":"4 Shapes","floor":39,"turns":8},{"damage":28,"enemies":"Nemesis","floor":40,"turns":3},{"damage":7,"enemies":"Writhing Mass","floor":45,"turns":4},{"damage":0,"enemies":"Transient","floor":46,"turns":5},{"damage":0,"enemies":"3 Darklings","floor":48,"turns":4},{"damage":33,"enemies":"Time Eater","floor":50,"turns":7}],"seed_played":"-4841995884056525640","potions_obtained":[{"floor":7,"key":"SkillPotion"},{"floor":11,"key":"Ancient Potion"},{"floor":13,"key":"SteroidPotion"},{"floor":16,"key":"PowerPotion"},{"floor":19,"key":"Fire Potion"},{"floor":31,"key":"AttackPotion"},{"floor":35,"key":"Strength Potion"},{"floor":40,"key":"Poison Potion"},{"floor":45,"key":"Strength Potion"},{"floor":46,"key":"Regen Potion"}],"is_trial":true,"path_per_floor":["M","M","$","?","M","R","E","R","T","M","M","M","M","M","R","B",null,"M","M","$","M","?","E","R","M","T","E","R","?","?","M","R","B",null,"M","M","$","?","M","E","R","?","T","$","M","M","R","M","R","B",null],"character_chosen":"IRONCLAD","items_purchased":["Cleave","Bronze Scales","HandDrill"],"campfire_rested":0,"item_purchase_floors":[3,20,44],"current_hp_per_floor":[80,80,80,80,79,79,70,70,70,74,72,72,74,70,70,55,80,78,80,80,80,80,66,66,72,72,74,74,74,59,53,53,60,85,64,65,65,65,71,49,49,49,49,49,48,54,54,60,60,58],"gold":112,"neow_bonus":"","is_prod":false,"is_daily":false,"chose_seed":false,"campfire_upgraded":9,"win_rate":0,"timestamp":1565896158,"path_taken":["M","M","$","?","M","R","E","R","T","M","M","M","M","M","R","BOSS","M","M","$","?","?","E","R","M","T","E","R","?","?","M","R","BOSS","M","M","$","?","M","E","R","?","T","$","M","M","R","M","R","BOSS"],"build_version":"2019-07-17","purchased_purges":3,"victory":true,"max_hp_per_floor":[80,80,80,80,80,80,80,80,80,80,80,80,80,80,80,80,80,80,80,80,80,80,80,80,80,80,80,80,80,85,85,85,85,85,85,85,85,85,85,85,85,85,85,85,85,85,85,85,85,85],"card_choices":[{"not_picked":["Flex","Burning Pact"],"picked":"Heavy Blade","floor":0},{"not_picked":["Clothesline","Wild Strike"],"picked":"Anger","floor":0},{"not_picked":["Evolve","Iron Wave"],"picked":"Clothesline","floor":0},{"not_picked":["True Grit","Reckless Charge"],"picked":"Dual Wield","floor":0},{"not_picked":["Clash","Warcry"],"picked":"Corruption","floor":0},{"not_picked":["Anger","Sword Boomerang"],"picked":"Flex","floor":0},{"not_picked":["Clothesline","Evolve"],"picked":"Anger","floor":0},{"not_picked":["Wild Strike","Thunderclap"],"picked":"Shrug It Off","floor":0},{"not_picked":["Fire Breathing","Anger"],"picked":"Pommel Strike","floor":0},{"not_picked":["Headbutt","Power Through"],"picked":"Feel No Pain","floor":0},{"not_picked":["Anger","Infernal Blade"],"picked":"Metallicize","floor":0},{"not_picked":["Havoc","Iron Wave"],"picked":"Inflame","floor":0},{"not_picked":["Heavy Blade","Rampage"],"picked":"Iron Wave","floor":0},{"not_picked":["Havoc","Wild Strike"],"picked":"Armaments","floor":0},{"not_picked":["Heavy Blade","Clash"],"picked":"Headbutt","floor":0},{"not_picked":["Pommel Strike","Flex","Heavy Blade"],"picked":"SKIP","floor":1},{"not_picked":["Thunderclap","Flex","Rampage"],"picked":"SKIP","floor":2},{"not_picked":["Shrug It Off","Dropkick","Anger"],"picked":"SKIP","floor":5},{"not_picked":["Feel No Pain","Hemokinesis","Perfected Strike"],"picked":"SKIP","floor":7},{"not_picked":["Flex","Whirlwind"],"picked":"True Grit","floor":10},{"not_picked":["Armaments","Clash"],"picked":"Thunderclap","floor":11},{"not_picked":["Searing Blow","Shrug It Off"],"picked":"Impervious","floor":12},{"not_picked":["Thunderclap","Feel No Pain"],"picked":"Burning Pact","floor":13},{"not_picked":["Body Slam","Searing Blow","Sword Boomerang"],"picked":"SKIP","floor":14},{"not_picked":["Brutality","Bludgeon"],"picked":"Barricade","floor":16},{"not_picked":["Body Slam","Dropkick","Inflame+1"],"picked":"SKIP","floor":18},{"not_picked":["Clothesline","Thunderclap","Body Slam"],"picked":"SKIP","floor":19},{"not_picked":["Headbutt","Heavy Blade","Pommel Strike"],"picked":"SKIP","floor":21},{"not_picked":["Barricade","Corruption"],"picked":"Blood for Blood","floor":23},{"not_picked":["Armaments","Flame Barrier"],"picked":"Spot Weakness+1","floor":25},{"not_picked":["Havoc+1","Intimidate","Warcry"],"picked":"SKIP","floor":27},{"not_picked":["Carnage+1","Iron Wave","Body Slam"],"picked":"SKIP","floor":31},{"not_picked":["Berserk","Bludgeon"],"picked":"Limit Break","floor":33},{"not_picked":["Sword Boomerang+1","Flex"],"picked":"Whirlwind+1","floor":35},{"not_picked":["Warcry","Clothesline+1","Perfected Strike"],"picked":"SKIP","floor":36},{"not_picked":["Deep Breath","Purity"],"picked":"Swift Strike","floor":38},{"not_picked":["Thunderclap","Headbutt","Bloodletting"],"picked":"SKIP","floor":39},{"not_picked":["True Grit","Dual Wield+1"],"picked":"Body Slam","floor":40},{"not_picked":["Clash","Warcry","Sword Boomerang+1"],"picked":"SKIP","floor":45},{"not_picked":["Burning Pact","Barricade"],"picked":"Disarm+1","floor":46},{"not_picked":["Iron Wave","Sever Soul+1","Blood for Blood"],"picked":"SKIP","floor":48}],"player_experience":391459,"relics_obtained":[{"floor":7,"key":"Ancient Tea Set"},{"floor":9,"key":"Pantograph"},{"floor":23,"key":"Centennial Puzzle"},{"floor":26,"key":"Shuriken"},{"floor":27,"key":"Bag of Marbles"},{"floor":40,"key":"Boot"},{"floor":43,"key":"Paper Frog"}],"event_choices":[{"damage_healed":0,"gold_gain":0,"player_choice":"0 cards matched","damage_taken":0,"max_hp_gain":0,"max_hp_loss":0,"event_name":"Match and Keep!","floor":4,"gold_loss":0,"cards_obtained":[]},{"damage_healed":0,"gold_gain":0,"player_choice":"Ignored","damage_taken":0,"max_hp_gain":0,"max_hp_loss":0,"event_name":"Vampires","floor":22,"gold_loss":0},{"damage_healed":0,"gold_gain":0,"player_choice":"Opened","damage_taken":0,"relics_obtained":["Mummified Hand"],"max_hp_gain":0,"max_hp_loss":0,"event_name":"The Mausoleum","floor":29,"gold_loss":0,"cards_obtained":["Writhe"]},{"damage_healed":0,"gold_gain":0,"player_choice":"Shed Blood","damage_taken":20,"max_hp_gain":5,"max_hp_loss":0,"event_name":"Forgotten Altar","floor":30,"gold_loss":0},{"damage_healed":0,"gold_gain":0,"player_choice":"Memory 1","damage_taken":0,"max_hp_gain":0,"max_hp_loss":0,"event_name":"SensoryStone","floor":38,"gold_loss":0},{"damage_healed":0,"gold_gain":0,"cards_transformed":["Swift Strike"],"player_choice":"Transformed","damage_taken":0,"max_hp_gain":0,"max_hp_loss":0,"event_name":"Transmorgrifier","floor":42,"gold_loss":0,"cards_obtained":["Panache"]}],"is_beta":false,"boss_relics":[{"not_picked":["Ectoplasm","Astrolabe"],"picked":"Snecko Eye"},{"not_picked":["Fusion Hammer","Sozu"],"picked":"White Beast Statue"}],"items_purged_floors":[3,20,37],"is_endless":false,"potions_floor_spawned":[7,11,13,16,19,21,31,35,36,39,40,45,46,48],"ascension_level":0}