{"gold_per_floor":[111,61,136,151,164,164,198,217,217,217,233,268,268,301,301,400,400,419,469,481,441,458,458,489,7,7,7,22,22,42,42,42,42],"floor_reached":33,"playtime":1478,"items_purged":["Strike_R"],"score":468,"play_id":"5f981e31-f04a-4e51-a506-bbb57ae4a10a","local_time":"20190805214656","is_ascension_mode":true,"campfire_choices":[{"data":"Armaments","floor":6.0,"key":"SMITH"},{"data":"Immolate","floor":10.0,"key":"SMITH"},{"data":"Bash","floor":15.0,"key":"SMITH"},{"data":"Metallicize","floor":23,"key":"SMITH"},{"data":"Whirlwind","floor":27,"key":"SMITH"},{"floor":32,"key":"REST"}],"neow_cost":"NONE","seed_source_timestamp":0,"circlet_count":0,"master_deck":["AscendersBane","Strike_R","Strike_R","Defend_R","Defend_R","Defend_R","Defend_R","Bash+1","Headbutt","Armaments+1","Anger","Immolate+1","Clothesline","Limit Break","Metallicize+1","Burning Pact","Whirlwind+1","Disarm"],"special_seed":0,"relics":["Burning Blood","NeowsBlessing","FossilizedHelix","Singing Bowl","Bottled Lightning","Letter Opener","Philosopher\u0027s Stone","Frozen Egg 2","Pantograph","Self Forming Clay"],"potions_floor_usage":[20,20,22,22,24,24,30,31],"damage_taken":[{"damage":0.0,"enemies":"Small Slimes","floor":1.0,"turns":1.0},{"damage":0.0,"enemies":"Jaw Worm","floor":4.0,"turns":1.0},{"damage":0.0,"enemies":"Cultist","floor":5.0,"turns":1.0},{"damage":37.0,"enemies":"3 Sentries","floor":7.0,"turns":11.0},{"damage":0.0,"enemies":"Exordium Wildlife","floor":8.0,"turns":2.0},{"damage":0.0,"enemies":"Lots of Slimes","floor":11.0,"turns":1.0},{"damage":10.0,"enemies":"Lagavulin","floor":12.0,"turns":7.0},{"damage":0.0,"enemies":"Gremlin Nob","floor":14.0,"turns":3.0},{"damage":40.0,"enemies":"The Guardian","floor":16.0,"turns":15.0},{"damage":5,"enemies":"Chosen","floor":18,"turns":5},{"damage":32,"enemies":"3 Byrds","floor":20,"turns":3},{"damage":0,"enemies":"Centurion and Healer","floor":22,"turns":5},{"damage":50,"enemies":"Slavers","floor":24,"turns":5},{"damage":8,"enemies":"Snake Plant","floor":28,"turns":4},{"damage":25,"enemies":"Sentry and Sphere","floor":30,"turns":7},{"damage":0,"enemies":"3 Cultists","floor":31,"turns":1},{"damage":71,"enemies":"Collector","floor":33,"turns":7}],"seed_played":"-3628433924453435639","potions_obtained":[{"floor":4.0,"key":"SkillPotion"},{"floor":5.0,"key":"Regen Potion"},{"floor":14.0,"key":"LiquidBronze"},{"floor":18,"key":"Energy Potion"},{"floor":21,"key":"Regen Potion"},{"floor":21,"key":"AttackPotion"},{"floor":21,"key":"SteroidPotion"},{"floor":22,"key":"GamblersBrew"},{"floor":28,"key":"Fire Potion"},{"floor":30,"key":"SmokeBomb"}],"is_trial":false,"path_per_floor":["M","?","?","M","M","R","E","M","T","R","M","E","?","E","R","B",null,"M","?","M","?","M","R","E","$","T","R","M","$","M","M","R","B"],"character_chosen":"IRONCLAD","items_purchased":["Whirlwind","Pantograph","Disarm"],"campfire_rested":1,"item_purchase_floors":[25,25,25],"current_hp_per_floor":[78,78,67,73,79,79,48,54,54,54,60,56,49,62,62,30,71,74,74,48,48,70,70,26,26,26,26,26,26,9,15,42,0],"gold":42,"neow_bonus":"THREE_ENEMY_KILL","is_prod":false,"is_daily":false,"chose_seed":false,"campfire_upgraded":5,"win_rate":0,"timestamp":1565056016,"path_taken":["M","?","?","M","M","R","E","M","T","R","M","E","?","E","R","BOSS","M","?","?","?","M","R","E","$","T","R","M","$","M","?","R","BOSS"],"build_version":"2019-07-17","purchased_purges":1,"victory":false,"max_hp_per_floor":[80,80,80,80,80,80,80,80,80,80,80,80,80,82,82,84,84,86,86,86,86,88,88,88,88,88,88,90,90,92,92,92,92],"card_choices":[{"not_picked":["Clash","Burning Pact"],"picked":"Headbutt","floor":1.0},{"not_picked":["Wild Strike","Sentinel"],"picked":"Armaments","floor":4.0},{"not_picked":["Wild Strike","Warcry"],"picked":"Anger","floor":5.0},{"not_picked":["Havoc","True Grit"],"picked":"Immolate","floor":7.0},{"not_picked":["Wild Strike","Reckless Charge","Havoc"],"picked":"SKIP","floor":8.0},{"not_picked":["Dual Wield","Bloodletting"],"picked":"Clothesline","floor":11.0},{"not_picked":["Blood for Blood","Inflame"],"picked":"Limit Break","floor":12.0},{"not_picked":["Sever Soul","Perfected Strike","Thunderclap"],"picked":"Singing Bowl","floor":14.0},{"not_picked":["Exhume","Double Tap","Barricade"],"picked":"Singing Bowl","floor":16.0},{"not_picked":["Seeing Red","Clothesline","Pommel Strike"],"picked":"Singing Bowl","floor":18},{"not_picked":["Cleave+1","Iron Wave"],"picked":"Metallicize","floor":20},{"not_picked":["Havoc","Pommel Strike","Heavy Blade"],"picked":"Singing Bowl","floor":22},{"not_picked":["Heavy Blade","Barricade"],"picked":"Burning Pact","floor":24},{"not_picked":["Sentinel","Rupture+1","Armaments"],"picked":"Singing Bowl","floor":28},{"not_picked":["Havoc","Anger","Iron Wave"],"picked":"Singing Bowl","floor":30}],"player_experience":659461,"relics_obtained":[{"floor":7.0,"key":"FossilizedHelix"},{"floor":9.0,"key":"Singing Bowl"},{"floor":12.0,"key":"Bottled Lightning"},{"floor":14.0,"key":"Letter Opener"},{"floor":24,"key":"Frozen Egg 2"},{"floor":26,"key":"Self Forming Clay"}],"event_choices":[{"cards_removed":["Strike_R"],"damage_healed":0.0,"max_hp_gain":0.0,"max_hp_loss":0.0,"gold_gain":0.0,"event_name":"The Cleric","player_choice":"Card Removal","floor":2.0,"gold_loss":50.0,"damage_taken":0.0},{"damage_healed":0.0,"max_hp_gain":0.0,"max_hp_loss":0.0,"gold_gain":75.0,"event_name":"World of Goop","player_choice":"Gather Gold","floor":3.0,"gold_loss":0.0,"damage_taken":11.0},{"cards_removed":["Strike_R"],"damage_healed":0.0,"max_hp_gain":0.0,"max_hp_loss":0.0,"gold_gain":0.0,"event_name":"Golden Wing","player_choice":"Card Removal","floor":13.0,"gold_loss":0.0,"damage_taken":7.0},{"damage_healed":0,"gold_gain":100,"player_choice":"Bet on Murderer","damage_taken":0,"max_hp_gain":0,"max_hp_loss":0,"event_name":"The Joust","floor":19,"gold_loss":50},{"damage_healed":0,"gold_gain":0,"player_choice":"Bought 3 Potions","damage_taken":0,"max_hp_gain":0,"max_hp_loss":0,"event_name":"The Woman in Blue","floor":21,"gold_loss":0}],"is_beta":false,"boss_relics":[{"not_picked":["Runic Cube","Black Star"],"picked":"Philosopher\u0027s Stone"}],"items_purged_floors":[25],"is_endless":false,"potions_floor_spawned":[4,5,14,18,22,28,30],"killed_by":"Collector","ascension_level":10}