{"gold_per_floor":[114,189,29,29,29,29,47,47,72,72,88,88,113,123,123,123],"floor_reached":16,"playtime":1759,"items_purged":[],"score":98,"play_id":"cbf91553-9bc3-48e3-b82c-20d9e2a3e4ac","local_time":"20180625085932","is_ascension_mode":false,"campfire_choices":[{"data":"Inflame","floor":6,"key":"SMITH"},{"data":"Evolve","floor":10,"key":"SMITH"},{"floor":12,"key":"REST"},{"data":"Heavy Blade","floor":15,"key":"SMITH"}],"neow_cost":"NONE","seed_source_timestamp":541455758623167,"circlet_count":0,"master_deck":["Strike_R","Strike_R","Strike_R","Strike_R","Defend_R","Defend_R","Defend_R","Defend_R","Bash","Cleave","Inflame+1","Heavy Blade+1","Flame Barrier","Evolve+1","Shockwave"],"relics":["Burning Blood","Letter Opener","Happy Flower","Molten Egg 2"],"potions_floor_usage":[],"damage_taken":[{"damage":1,"enemies":"Small Slimes","floor":1,"turns":4},{"damage":1,"enemies":"Jaw Worm","floor":7,"turns":3},{"damage":4,"enemies":"2 Louse","floor":11,"turns":3},{"damage":9,"enemies":"Lagavulin","floor":13,"turns":7},{"damage":9,"enemies":"Looter","floor":14,"turns":4},{"damage":63,"enemies":"The Guardian","floor":16,"turns":13}],"seed_played":"4272872351909898762","potions_obtained":[{"floor":1,"key":"LiquidBronze"},{"floor":14,"key":"Fruit Juice"}],"is_trial":false,"path_per_floor":["M","?","$","?","$","R","M","?","T","R","M","R","E","M","R"],"character_chosen":"IRONCLAD","items_purchased":["Inflame","Heavy Blade","Flame Barrier"],"campfire_rested":1,"item_purchase_floors":[3,3,3],"current_hp_per_floor":[80,69,69,69,69,69,74,49,49,49,51,75,72,69,69,6],"gold":123,"neow_bonus":"REMOVE_CARD","is_prod":false,"is_daily":false,"chose_seed":false,"campfire_upgraded":3,"win_rate":0.0,"timestamp":1529913572,"path_taken":["M","?","$","?","?","R","M","?","T","R","M","R","E","M","R","BOSS"],"build_version":"2018-06-21v2","purchased_purges":0,"victory":false,"max_hp_per_floor":[80,80,80,80,80,80,80,80,80,80,80,80,80,80,80,80],"card_choices":[{"not_picked":["Feel No Pain","Reckless Charge"],"picked":"Cleave","floor":1},{"not_picked":["Twin Strike","Body Slam"],"picked":"Evolve","floor":7},{"not_picked":["Havoc","Pommel Strike"],"picked":"Shockwave","floor":11},{"not_picked":["Power Through","Uppercut","Twin Strike"],"picked":"SKIP","floor":13},{"not_picked":["Twin Strike+1","Warcry","Infernal Blade"],"picked":"SKIP","floor":14}],"player_experience":118214,"relics_obtained":[{"floor":9,"key":"Happy Flower"},{"floor":13,"key":"Molten Egg 2"}],"event_choices":[{"event_name":"World of Goop","player_choice":"Gather Gold","floor":2,"damage_taken":0},{"event_name":"The Cleric","player_choice":"Leave","floor":4,"damage_taken":0},{"event_name":"Scrap Ooze","player_choice":"success","floor":8,"damage_taken":25}],"boss_relics":[],"items_purged_floors":[],"is_endless":false,"potions_floor_spawned":[1,14],"killed_by":"The Guardian","ascension_level":0}