{"gold_per_floor":[110,60,10,10,28,28,38,68,68,68,93,107,133,148,148,250,250,231,251,251,251,251],"floor_reached":22,"playtime":4645,"items_purged":[],"score":224,"play_id":"bc2fa448-e9f2-4c6f-ae22-ed2418ee0cdd","local_time":"20180629190526","is_ascension_mode":true,"campfire_choices":[{"data":"Backflip","floor":6,"key":"SMITH"},{"data":"Dagger Spray","floor":10,"key":"SMITH"},{"floor":15,"key":"REST"}],"neow_cost":"NONE","seed_source_timestamp":920531211167447,"circlet_count":0,"master_deck":["Defend_G","Defend_G","Defend_G","Defend_G","Defend_G","Strike_G+1","Strike_G+1","Survivor","Neutralize","Leg Sweep","Backflip+1","Blur","Dagger Spray+1","Tools of the Trade","Backflip","Dash","Glass Knife","Bane"],"relics":["Ring of the Snake","Whetstone","Pantograph","Darkstone Periapt","Ninja Scroll","Oddly Smooth Stone","Lizard Tail"],"potions_floor_usage":[11,16,16,18,22],"damage_taken":[{"damage":1,"enemies":"Jaw Worm","floor":1,"turns":6},{"damage":0,"enemies":"2 Louse","floor":5,"turns":4},{"damage":0,"enemies":"Cultist","floor":7,"turns":6},{"damage":3,"enemies":"3 Sentries","floor":8,"turns":12},{"damage":19,"enemies":"Gremlin Nob","floor":11,"turns":6},{"damage":1,"enemies":"3 Louse","floor":12,"turns":4},{"damage":3,"enemies":"3 Sentries","floor":13,"turns":9},{"damage":0,"enemies":"Gremlin Gang","floor":14,"turns":4},{"damage":8,"enemies":"Slime Boss","floor":16,"turns":12},{"damage":2,"enemies":"2 Thieves","floor":18,"turns":5},{"damage":0,"enemies":"3 Byrds","floor":19,"turns":6},{"damage":36,"floor":22,"turns":7}],"seed_played":"3467214913669730934","potions_obtained":[{"floor":1,"key":"FearPotion"},{"floor":7,"key":"Block Potion"},{"floor":8,"key":"Fire Potion"},{"floor":12,"key":"Block Potion"},{"floor":16,"key":"Strength Potion"},{"floor":18,"key":"Swift Potion"}],"is_trial":false,"path_per_floor":["M","$","?","?","M","R","M","E","T","R","E","M","E","M","R","B",null,"M","M","?","?"],"character_chosen":"THE_SILENT","items_purchased":["Backflip"],"campfire_rested":1,"item_purchase_floors":[2],"current_hp_per_floor":[69,69,69,69,69,69,69,66,66,66,47,46,43,43,64,62,70,68,68,68,68,32],"gold":251,"neow_bonus":"RANDOM_COMMON_RELIC","is_prod":false,"is_daily":false,"chose_seed":false,"campfire_upgraded":2,"win_rate":0,"timestamp":1530295526,"path_taken":["M","$","?","?","M","R","M","E","T","R","E","M","E","M","R","BOSS","M","?","?","?","?"],"build_version":"2018-06-28","purchased_purges":0,"victory":false,"max_hp_per_floor":[70,70,70,70,70,70,70,70,70,70,70,70,70,70,70,70,70,70,70,70,70,70],"card_choices":[{"not_picked":["Masterful Stab","Flying Knee"],"picked":"Leg Sweep","floor":1},{"not_picked":["PiercingWail","Accuracy","Choke"],"picked":"SKIP","floor":5},{"not_picked":["Outmaneuver","Calculated Gamble"],"picked":"Dagger Spray","floor":7},{"not_picked":["Dash","Underhanded Strike"],"picked":"Tools of the Trade","floor":8},{"not_picked":["Cloak And Dagger","Masterful Stab"],"picked":"Backflip","floor":11},{"not_picked":["Reflex","Heel Hook"],"picked":"Dash","floor":12},{"not_picked":["Acrobatics","PiercingWail","Deflect"],"picked":"SKIP","floor":13},{"not_picked":["Quick Slash","Poisoned Stab","Underhanded Strike"],"picked":"SKIP","floor":14},{"not_picked":["Phantasmal Killer","Grand Finale"],"picked":"Glass Knife","floor":16},{"not_picked":["Slice","Sucker Punch","Poisoned Stab"],"picked":"SKIP","floor":18},{"not_picked":["Poisoned Stab","Sucker Punch+1","Bullet Time"],"picked":"SKIP","floor":19}],"player_experience":227808,"relics_obtained":[{"floor":8,"key":"Pantograph"},{"floor":9,"key":"Darkstone Periapt"},{"floor":11,"key":"Ninja Scroll"},{"floor":13,"key":"Oddly Smooth Stone"}],"event_choices":[{"event_name":"The Cleric","player_choice":"Card Removal","floor":3,"damage_taken":0},{"event_name":"Transmorgrifier","player_choice":"Transform","floor":4,"damage_taken":0},{"event_name":"Transmorgrifier","player_choice":"Transform","floor":20,"damage_taken":0},{"event_name":"The Mausoleum","player_choice":"No","floor":21,"damage_taken":0},{"event_name":"Masked Bandits","player_choice":"Fought over 251 gold","floor":22,"damage_taken":0}],"boss_relics":[{"not_picked":["Velvet Choker","Fusion Hammer"],"picked":"Lizard Tail"}],"items_purged_floors":[],"is_endless":false,"potions_floor_spawned":[1,7,8,12,16,18],"ascension_level":2}