{"gold_per_floor":[19,31,31,31,31,31,57,57,57,70,81,101,130,146,146,249,249,269,68,68,84,98,98,98],"floor_reached":24,"playtime":1083,"items_purged":["Strike_R"],"score":291,"play_id":"0f09f307-bbd8-4383-ae12-30093368922f","local_time":"20190726115636","is_ascension_mode":true,"campfire_choices":[{"data":"Battle Trance","floor":6,"key":"SMITH"},{"data":"Whirlwind","floor":8,"key":"SMITH"},{"data":"Entrench","floor":15,"key":"SMITH"},{"floor":23,"key":"REST"}],"neow_cost":"NO_GOLD","seed_source_timestamp":421900460153000,"circlet_count":0,"master_deck":["Strike_R","Strike_R","Defend_R","Defend_R","Defend_R","Defend_R","Bash","Battle Trance+1","Metallicize+1","Whirlwind+1","Seeing Red","Inflame","Entrench+1","Reaper","Spot Weakness","Juggernaut","Anger+1","Rage","Clothesline","Body Slam"],"relics":["Burning Blood","Calipers","Gremlin Horn","Shuriken","Bottled Lightning","Velvet Choker"],"potions_floor_usage":[7,13,16,16,18,18],"damage_taken":[{"damage":10,"enemies":"Cultist","floor":1,"turns":5},{"damage":9,"enemies":"Jaw Worm","floor":2,"turns":4},{"damage":40,"enemies":"Gremlin Nob","floor":7,"turns":5},{"damage":0,"enemies":"2 Louse","floor":10,"turns":1},{"damage":8,"enemies":"Lots of Slimes","floor":11,"turns":2},{"damage":6,"enemies":"Looter","floor":12,"turns":2},{"damage":27,"enemies":"Lagavulin","floor":13,"turns":5},{"damage":0,"enemies":"3 Louse","floor":14,"turns":1},{"damage":29,"enemies":"The Guardian","floor":16,"turns":14},{"damage":22,"enemies":"Shell Parasite","floor":18,"turns":5},{"damage":15,"enemies":"Chosen","floor":21,"turns":5},{"damage":36,"enemies":"Snake Plant","floor":22,"turns":5},{"damage":44,"enemies":"Book of Stabbing","floor":24,"turns":5}],"seed_played":"1590828603043989464","potions_obtained":[{"floor":1,"key":"Poison Potion"},{"floor":7,"key":"Poison Potion"},{"floor":10,"key":"Swift Potion"},{"floor":14,"key":"FearPotion"},{"floor":16,"key":"Block Potion"},{"floor":18,"key":"Fruit Juice"}],"is_trial":false,"path_per_floor":["M","M","?","$","?","R","E","R","T","M","M","M","E","M","R","B",null,"M","$","?","M","M","R","E"],"character_chosen":"IRONCLAD","items_purchased":["Rage","Clothesline"],"campfire_rested":1,"item_purchase_floors":[19,19],"current_hp_per_floor":[68,65,65,65,65,65,31,31,31,37,35,35,14,20,20,9,62,51,51,51,49,19,44,0],"gold":98,"neow_bonus":"ONE_RARE_RELIC","is_prod":false,"is_daily":false,"chose_seed":false,"campfire_upgraded":3,"win_rate":0,"timestamp":1564156596,"path_taken":["M","?","?","$","?","R","E","R","T","M","M","M","E","M","R","BOSS","M","$","?","M","M","R","E"],"build_version":"2019-07-17","purchased_purges":1,"victory":false,"max_hp_per_floor":[80,80,80,80,80,80,80,80,80,80,80,80,80,80,80,80,80,85,85,85,85,85,85,85],"card_choices":[{"not_picked":["Body Slam","Thunderclap"],"picked":"Battle Trance","floor":1},{"not_picked":["Disarm","Carnage"],"picked":"Metallicize","floor":2},{"not_picked":["Barricade","Iron Wave"],"picked":"Whirlwind","floor":7},{"not_picked":["Havoc","Heavy Blade"],"picked":"Seeing Red","floor":10},{"not_picked":["Dual Wield","Sentinel"],"picked":"Inflame","floor":11},{"not_picked":["Clash","Power Through"],"picked":"Entrench","floor":12},{"not_picked":["Seeing Red","Blood for Blood"],"picked":"Reaper","floor":13},{"not_picked":["Uppercut","Corruption"],"picked":"Spot Weakness","floor":14},{"not_picked":["Bludgeon","Demon Form"],"picked":"Juggernaut","floor":16},{"not_picked":["Second Wind","Hemokinesis+1"],"picked":"Anger+1","floor":18},{"not_picked":["Heavy Blade","Wild Strike","Clothesline"],"picked":"SKIP","floor":21},{"not_picked":["Intimidate+1","Rupture"],"picked":"Body Slam","floor":22}],"player_experience":527172,"relics_obtained":[{"floor":7,"key":"Gremlin Horn"},{"floor":9,"key":"Shuriken"},{"floor":13,"key":"Bottled Lightning"}],"event_choices":[{"damage_healed":0,"gold_gain":0,"player_choice":"Grow","damage_taken":0,"max_hp_gain":0,"max_hp_loss":0,"event_name":"Living Wall","floor":3,"gold_loss":0,"cards_upgraded":["Metallicize"]},{"cards_removed":["Strike_R"],"damage_healed":0,"gold_gain":0,"player_choice":"Offered Basic","damage_taken":0,"max_hp_gain":0,"max_hp_loss":0,"event_name":"Bonfire Elementals","floor":5,"gold_loss":0},{"cards_removed":["Strike_R"],"damage_healed":0,"gold_gain":0,"player_choice":"Purged","damage_taken":0,"max_hp_gain":0,"max_hp_loss":0,"event_name":"Purifier","floor":20,"gold_loss":0}],"is_beta":false,"boss_relics":[{"not_picked":["Fusion Hammer","Eternal Feather"],"picked":"Velvet Choker"}],"items_purged_floors":[19],"is_endless":false,"potions_floor_spawned":[1,7,10,14,16,18],"killed_by":"Book of Stabbing","ascension_level":8}