{"gold_per_floor":[116,69,88,103,103,133,83,101,101,101,24,52,64,75,75,149,199,217,127,89,66,77,77,87,120,120,120,44,44,64,89,89,163,163,180,180,198,198,198,198,66,66,66,66,100,113,213,24,24,24],"floor_reached":51,"playtime":2903,"items_purged":["Strike_G"],"score":1132,"play_id":"e8854330-758c-4993-9e65-2e633b6fa500","local_time":"20190802074400","is_ascension_mode":true,"campfire_choices":[{"data":"Neutralize","floor":10,"key":"SMITH"},{"floor":15,"key":"REST"},{"data":"Footwork","floor":23,"key":"SMITH"},{"data":"Sucker Punch","floor":29,"key":"SMITH"},{"data":"Sucker Punch","floor":32,"key":"SMITH"},{"data":"Caltrops","floor":40,"key":"SMITH"},{"data":"Footwork","floor":42,"key":"SMITH"},{"data":"After Image","floor":44,"key":"SMITH"},{"floor":49,"key":"REST"}],"neow_cost":"PERCENT_DAMAGE","seed_source_timestamp":1009742346019900,"circlet_count":0,"master_deck":["AscendersBane","Defend_G+1","Defend_G","Defend_G","Defend_G","Defend_G","Survivor","Neutralize+1","Quick Slash","Bouncing Flask","Footwork+1","Dagger Spray","After Image+1","Noxious Fumes+1","Sucker Punch+1","Cloak And Dagger","Tools of the Trade","Backflip","Terror","Blur","Sucker Punch+1","Caltrops+1","PiercingWail+1","Calculated Gamble","Deflect","Adrenaline","Footwork+1","Underhanded Strike","Reflex","Caltrops","Noxious Fumes"],"relics":["Ring of the Snake","Regal Pillow","Paper Crane","Tingsha","Tiny House","Vajra","Ginger","Bronze Scales","Meat on the Bone","Busted Crown","The Courier","Mercury Hourglass","Ice Cream"],"potions_floor_usage":[6,16,24,25,31,33,33,50,50],"damage_taken":[{"damage":6,"enemies":"Jaw Worm","floor":1,"turns":9},{"damage":0,"enemies":"Small Slimes","floor":3,"turns":2},{"damage":0,"enemies":"Cultist","floor":4,"turns":3},{"damage":8,"enemies":"Lagavulin","floor":6,"turns":8},{"damage":2,"enemies":"Blue Slaver","floor":8,"turns":5},{"damage":11,"enemies":"3 Sentries","floor":12,"turns":11},{"damage":11,"enemies":"3 Louse","floor":13,"turns":4},{"damage":0,"enemies":"Exordium Wildlife","floor":14,"turns":3},{"damage":2,"enemies":"Slime Boss","floor":16,"turns":9},{"damage":3,"enemies":"Shell Parasite","floor":18,"turns":7},{"damage":3,"enemies":"3 Byrds","floor":22,"turns":7},{"damage":0,"enemies":"Snake Plant","floor":24,"turns":5},{"damage":25,"enemies":"Slavers","floor":25,"turns":6},{"damage":2,"enemies":"Centurion and Healer","floor":30,"turns":7},{"damage":9,"enemies":"Book of Stabbing","floor":31,"turns":7},{"damage":22,"enemies":"Automaton","floor":33,"turns":16},{"damage":0,"enemies":"Orb Walker","floor":35,"turns":3},{"damage":21,"enemies":"3 Darklings","floor":37,"turns":5},{"damage":12,"enemies":"Reptomancer","floor":45,"turns":8},{"damage":0,"enemies":"Maw","floor":46,"turns":7},{"damage":2,"enemies":"Mind Bloom Boss Battle","floor":47,"turns":7},{"damage":28,"enemies":"Time Eater","floor":50,"turns":13}],"seed_played":"-6821973972835081030","potions_obtained":[{"floor":1,"key":"AttackPotion"},{"floor":3,"key":"SteroidPotion"},{"floor":13,"key":"Energy Potion"},{"floor":17,"key":"Explosive Potion"},{"floor":25,"key":"Explosive Potion"},{"floor":30,"key":"Poison Potion"},{"floor":31,"key":"EssenceOfSteel"},{"floor":33,"key":"FearPotion"},{"floor":45,"key":"SpeedPotion"},{"floor":46,"key":"Dexterity Potion"}],"is_trial":false,"path_per_floor":["M","$","M","M","?","E","?","M","T","R","$","E","M","M","R","B",null,"M","?","$","$","M","R","M","E","T","?","$","R","M","E","R","B",null,"M","?","M","?","?","R","$","R","T","R","E","M","?","$","R","B",null],"character_chosen":"THE_SILENT","items_purchased":["Quick Slash","After Image","Blur","Sucker Punch","Calculated Gamble","Footwork","Underhanded Strike","Dexterity Potion","Caltrops","Noxious Fumes"],"campfire_rested":2,"item_purchase_floors":[2,11,20,21,28,41,41,48,48,48],"current_hp_per_floor":[39,39,39,39,62,54,54,52,52,52,52,41,30,30,66,64,74,71,71,71,71,68,68,68,43,43,43,43,43,41,32,32,22,62,62,62,41,41,41,41,41,41,41,41,41,41,39,39,71,43],"gold":24,"neow_bonus":"REMOVE_TWO","is_prod":false,"is_daily":false,"chose_seed":false,"campfire_upgraded":7,"win_rate":0,"timestamp":1564746240,"path_taken":["M","$","M","M","?","E","?","M","T","R","$","E","M","M","R","BOSS","M","?","?","$","M","R","M","E","T","?","$","R","M","E","R","BOSS","M","?","M","?","?","R","$","R","T","R","E","?","?","$","R","BOSS"],"build_version":"2019-07-17","purchased_purges":1,"victory":true,"max_hp_per_floor":[70,70,70,70,70,70,70,70,70,70,70,70,70,70,70,70,75,75,75,75,75,75,75,75,75,75,75,75,75,75,75,75,75,75,75,71,71,71,71,71,71,71,71,71,71,71,71,71,71,71],"card_choices":[{"not_picked":["Masterful Stab","Quick Slash"],"picked":"All Out Attack","floor":1},{"not_picked":["Underhanded Strike","Backflip"],"picked":"Bouncing Flask","floor":3},{"not_picked":["Dagger Throw","Quick Slash"],"picked":"Footwork","floor":4},{"not_picked":["Underhanded Strike","Terror","Heel Hook"],"picked":"SKIP","floor":6},{"not_picked":["Eviscerate","Flying Knee"],"picked":"Dagger Spray","floor":8},{"not_picked":["Outmaneuver","Calculated Gamble"],"picked":"Noxious Fumes","floor":12},{"not_picked":["Dagger Throw","Blur"],"picked":"Sucker Punch","floor":13},{"not_picked":["Accuracy","Terror"],"picked":"Cloak And Dagger","floor":14},{"not_picked":["Corpse Explosion","Die Die Die"],"picked":"Tools of the Trade","floor":16},{"not_picked":["Slice","Poisoned Stab"],"picked":"Backflip","floor":17},{"not_picked":["Deadly Poison","Poisoned Stab"],"picked":"Terror","floor":18},{"not_picked":["Infinite Blades","Dagger Spray"],"picked":"Caltrops","floor":22},{"not_picked":["Bouncing Flask","Escape Plan"],"picked":"PiercingWail+1","floor":24},{"not_picked":["Expertise","Terror+1","Cloak And Dagger"],"picked":"SKIP","floor":25},{"not_picked":["Venomology","Underhanded Strike"],"picked":"Deflect","floor":30},{"not_picked":["Dagger Spray","Choke","Eviscerate"],"picked":"SKIP","floor":31},{"not_picked":["Venomology","Malaise"],"picked":"Adrenaline","floor":33},{"not_picked":["Deadly Poison"],"picked":"SKIP","floor":35},{"not_picked":["Dash"],"picked":"SKIP","floor":37},{"not_picked":[],"picked":"Reflex","floor":45},{"not_picked":["Flying Knee"],"picked":"SKIP","floor":46}],"player_experience":617654,"relics_obtained":[{"floor":6,"key":"Regal Pillow"},{"floor":9,"key":"Paper Crane"},{"floor":12,"key":"Tingsha"},{"floor":25,"key":"Vajra"},{"floor":26,"key":"Ginger"},{"floor":31,"key":"Meat on the Bone"},{"floor":43,"key":"The Courier"},{"floor":45,"key":"Mercury Hourglass"},{"floor":47,"key":"Ice Cream"}],"event_choices":[{"damage_healed":23,"gold_gain":0,"player_choice":"Banana","damage_taken":0,"max_hp_gain":0,"max_hp_loss":0,"event_name":"Big Fish","floor":5,"gold_loss":0},{"cards_removed":["Strike_G"],"damage_healed":0,"gold_gain":0,"player_choice":"Card Removal","damage_taken":0,"max_hp_gain":0,"max_hp_loss":0,"event_name":"The Cleric","floor":7,"gold_loss":50},{"cards_removed":["Strike_G"],"damage_healed":0,"gold_gain":0,"player_choice":"Upgrade and Remove","damage_taken":0,"max_hp_gain":0,"max_hp_loss":0,"event_name":"Designer","floor":19,"gold_loss":90,"cards_upgraded":["Noxious Fumes"]},{"damage_healed":0,"gold_gain":0,"player_choice":"Opened","damage_taken":0,"relics_obtained":["Bronze Scales"],"max_hp_gain":0,"max_hp_loss":0,"event_name":"The Mausoleum","floor":27,"gold_loss":0},{"damage_healed":0,"gold_gain":0,"player_choice":"Max HP","damage_taken":0,"max_hp_gain":0,"max_hp_loss":4,"event_name":"Winding Halls","floor":36,"gold_loss":0},{"damage_healed":0,"gold_gain":0,"player_choice":"Ignored","damage_taken":0,"max_hp_gain":0,"max_hp_loss":0,"event_name":"Tomb of Lord Red Mask","floor":38,"gold_loss":0},{"cards_removed":["All Out Attack"],"damage_healed":0,"gold_gain":0,"player_choice":"Removed Attack","damage_taken":0,"max_hp_gain":0,"max_hp_loss":0,"event_name":"Falling","floor":39,"gold_loss":0},{"damage_healed":0,"gold_gain":0,"player_choice":"Fight","damage_taken":0,"max_hp_gain":0,"max_hp_loss":0,"event_name":"MindBloom","floor":47,"gold_loss":0}],"is_beta":false,"boss_relics":[{"not_picked":["White Beast Statue","HoveringKite"],"picked":"Tiny House"},{"not_picked":["Calling Bell","Runic Pyramid"],"picked":"Busted Crown"}],"items_purged_floors":[48],"is_endless":false,"potions_floor_spawned":[1,3,13,25,30,31,33,45,46],"ascension_level":13}