{"gold_per_floor":[113,87,101,101,115,115,127,127,179,179,194,210,210,224,224,224],"floor_reached":16,"playtime":3804,"items_purged":[],"score":94,"play_id":"a279934c-a567-4ab4-9ce4-1715428be7fe","local_time":"20180625180619","is_ascension_mode":false,"campfire_choices":[{"data":"Inflame","floor":6,"key":"SMITH"},{"data":"Cleave","floor":10,"key":"SMITH"},{"data":"Fiend Fire","floor":13,"key":"SMITH"},{"floor":15,"key":"REST"}],"neow_cost":"NONE","seed_source_timestamp":572218085928590,"circlet_count":0,"master_deck":["Strike_R","Strike_R","Defend_R","Defend_R","Defend_R","Defend_R","Bash","Inflame+1","Fiend Fire+1","Cleave+1"],"relics":["Burning Blood","Blood Vial"],"potions_floor_usage":[],"damage_taken":[{"damage":7,"enemies":"Cultist","floor":1,"turns":6},{"damage":4,"enemies":"2 Louse","floor":3,"turns":3},{"damage":0,"enemies":"Jaw Worm","floor":5,"turns":3},{"damage":0,"enemies":"Large Slime","floor":7,"turns":5},{"damage":4,"enemies":"Gremlin Gang","floor":11,"turns":2},{"damage":12,"enemies":"Exordium Thugs","floor":12,"turns":4},{"damage":18,"enemies":"Large Slime","floor":14,"turns":7},{"damage":32,"enemies":"The Guardian","floor":16,"turns":4}],"seed_played":"2150560555188457569","potions_obtained":[{"floor":1,"key":"BloodPotion"},{"floor":11,"key":"PowerPotion"},{"floor":12,"key":"SneckoOil"},{"floor":14,"key":"SpeedPotion"}],"is_trial":false,"path_per_floor":["M","?","M","?","M","R","M","?","T","R","M","M","R","M","R"],"character_chosen":"IRONCLAD","items_purchased":[],"campfire_rested":1,"item_purchase_floors":[],"current_hp_per_floor":[79,79,80,80,80,80,80,80,80,80,80,74,74,64,80,48],"gold":224,"neow_bonus":"REMOVE_CARD","is_prod":false,"is_daily":false,"chose_seed":false,"campfire_upgraded":3,"win_rate":0.0,"timestamp":1529946379,"path_taken":["M","?","M","?","M","R","M","?","T","R","?","M","R","M","R","BOSS"],"build_version":"2018-06-21v2","purchased_purges":0,"victory":false,"max_hp_per_floor":[80,80,80,80,80,80,80,80,80,80,80,80,80,80,80,80],"card_choices":[{"not_picked":["Warcry","Armaments"],"picked":"Inflame","floor":1},{"not_picked":["Wild Strike","Headbutt"],"picked":"Fiend Fire","floor":3},{"not_picked":["Anger","True Grit"],"picked":"Cleave","floor":5},{"not_picked":["Flex","Burning Pact","Warcry"],"picked":"SKIP","floor":7},{"not_picked":["Fire Breathing","Clash","Searing Blow"],"picked":"SKIP","floor":11},{"not_picked":["Second Wind","Rampage","Wild Strike"],"picked":"SKIP","floor":12},{"not_picked":["Iron Wave","Reckless Charge","Corruption"],"picked":"SKIP","floor":14}],"player_experience":139543,"relics_obtained":[{"floor":9,"key":"Blood Vial"}],"event_choices":[{"event_name":"World of Goop","player_choice":"Left","floor":2,"damage_taken":0},{"event_name":"Purifier","player_choice":"One Purge","floor":4,"damage_taken":0},{"event_name":"Living Wall","player_choice":"Forget","floor":8,"damage_taken":0}],"boss_relics":[],"items_purged_floors":[],"is_endless":false,"potions_floor_spawned":[1,11,12,14],"killed_by":"The Guardian","ascension_level":0}