{"gold_per_floor":[112,2,12,12,187,222,242,265,288,109,140,164,164,208,208,337,337,361,361,381,401,19,19,53,53,53,53,69,108,72,108,108,232,232,246,246,96,111,130,130,165,165,165,165,185,209,209,227,227,227],"floor_reached":50,"playtime":3684,"items_purged":["Strike_R","Doubt","Strike_R","Strike_R"],"score":830,"play_id":"33503267-8f83-46da-803c-72af648e589b","local_time":"20190815234702","is_ascension_mode":true,"campfire_choices":[{"data":"Barricade","floor":13.0,"key":"SMITH"},{"floor":15.0,"key":"REST"},{"floor":23.0,"key":"REST"},{"floor":25.0,"key":"REST"},{"floor":32.0,"key":"REST"},{"floor":40.0,"key":"REST"},{"floor":42.0,"key":"REST"},{"floor":44.0,"key":"RECALL"},{"data":"Armaments","floor":49,"key":"SMITH"}],"neow_cost":"NONE","seed_source_timestamp":10009043372500,"circlet_count":0,"master_deck":["Strike_R+1","Strike_R+1","Defend_R+1","Defend_R+1","Defend_R","Defend_R","Bash","Inflame","Inflame","Metallicize","Whirlwind","Anger","Ghostly Armor","Barricade+1","Entrench","Juggernaut","Juggernaut","Disarm+1","Armaments+1","Metallicize","Limit Break","Armaments+1","Shrug It Off"],"special_seed":0,"relics":["Burning Blood","NeowsBlessing","Golden Idol","Bronze Scales","War Paint","Whetstone","Vajra","Velvet Choker","GremlinMask","Matryoshka","Bag of Preparation","Red Skull","Singing Bowl","Question Card","Letter Opener","White Beast Statue","Omamori","Happy Flower"],"potions_floor_usage":[46,48,50],"damage_taken":[{"damage":0.0,"enemies":"Cultist","floor":1.0,"turns":1.0},{"damage":0.0,"enemies":"Small Slimes","floor":3.0,"turns":1.0},{"damage":0.0,"enemies":"Gremlin Nob","floor":6.0,"turns":1.0},{"damage":6.0,"enemies":"2 Louse","floor":7.0,"turns":4.0},{"damage":10.0,"enemies":"2 Fungi Beasts","floor":8.0,"turns":2.0},{"damage":8.0,"enemies":"Lagavulin","floor":11.0,"turns":6.0},{"damage":11.0,"enemies":"Exordium Thugs","floor":12.0,"turns":5.0},{"damage":25.0,"enemies":"3 Sentries","floor":14.0,"turns":7.0},{"damage":23.0,"enemies":"Hexaghost","floor":16.0,"turns":8.0},{"damage":12.0,"enemies":"Chosen","floor":18.0,"turns":5.0},{"damage":22.0,"enemies":"Shell Parasite","floor":20.0,"turns":4.0},{"damage":35.0,"enemies":"Shelled Parasite and Fungi","floor":21.0,"turns":6.0},{"damage":22.0,"enemies":"Gremlin Leader","floor":24.0,"turns":6.0},{"damage":8.0,"enemies":"Cultist and Chosen","floor":28.0,"turns":6.0},{"damage":15.0,"enemies":"Book of Stabbing","floor":29.0,"turns":4.0},{"damage":23.0,"enemies":"Gremlin Leader","floor":31.0,"turns":5.0},{"damage":3.0,"enemies":"Automaton","floor":33.0,"turns":12.0},{"damage":21.0,"enemies":"Orb Walker","floor":35.0,"turns":4.0},{"damage":6.0,"enemies":"3 Shapes","floor":38.0,"turns":6.0},{"damage":39.0,"enemies":"3 Darklings","floor":39.0,"turns":5.0},{"damage":49.0,"enemies":"Nemesis","floor":41.0,"turns":7.0},{"damage":13,"enemies":"4 Shapes","floor":45,"turns":8},{"damage":10,"enemies":"Sphere and 2 Shapes","floor":46,"turns":6},{"damage":0,"enemies":"3 Darklings","floor":48,"turns":2},{"damage":62,"enemies":"Time Eater","floor":50,"turns":5}],"seed_played":"-6624324563794171871","potions_obtained":[{"floor":1.0,"key":"Energy Potion"},{"floor":6.0,"key":"EntropicBrew"},{"floor":7.0,"key":"GamblersBrew"},{"floor":11.0,"key":"Strength Potion"},{"floor":18.0,"key":"Weak Potion"},{"floor":21.0,"key":"Strength Potion"},{"floor":24.0,"key":"AttackPotion"},{"floor":35.0,"key":"SkillPotion"},{"floor":38.0,"key":"SkillPotion"},{"floor":39.0,"key":"FearPotion"},{"floor":41.0,"key":"Dexterity Potion"},{"floor":45,"key":"Energy Potion"},{"floor":46,"key":"SteroidPotion"},{"floor":48,"key":"GamblersBrew"}],"is_trial":false,"path_per_floor":["M","$","M","?","?","E","M","M","T","$","E","M","R","E","R","B",null,"M","?","M","M","$","R","E","R","T","$","M","E","$","E","R","B",null,"M","?","$","M","M","R","E","R","T","R","M","M","$","M","R","B"],"character_chosen":"IRONCLAD","items_purchased":["Inflame","Ghostly Armor","Matryoshka","Metallicize"],"campfire_rested":6,"item_purchase_floors":[2,10,22,30],"current_hp_per_floor":[78,78,80,60,60,66,66,62,62,62,60,55,55,36,60,43,71,65,65,49,20,20,44,28,52,52,52,52,45,45,30,55,58,79,64,64,64,66,35,62,19,46,46,46,41,39,39,47,47,0],"gold":227,"neow_bonus":"THREE_ENEMY_KILL","is_prod":false,"is_daily":false,"chose_seed":false,"campfire_upgraded":2,"win_rate":0,"timestamp":1565902022,"path_taken":["M","?","M","?","?","E","M","M","T","$","E","M","R","E","R","BOSS","M","?","M","M","$","R","E","R","T","?","M","E","$","E","R","BOSS","M","?","?","M","M","R","E","R","T","R","M","M","$","?","R","BOSS"],"build_version":"2019-07-17","purchased_purges":4,"victory":false,"max_hp_per_floor":[80,80,80,80,80,80,80,80,80,80,80,80,80,80,80,80,80,80,80,80,80,80,80,80,80,80,80,82,84,84,86,86,86,86,86,86,86,88,90,90,90,90,90,90,92,94,94,96,96,96],"card_choices":[{"not_picked":["Seeing Red","Anger"],"picked":"Inflame","floor":1.0},{"not_picked":["Iron Wave","Twin Strike"],"picked":"Metallicize","floor":3.0},{"not_picked":["Blood for Blood","Evolve","Wild Strike"],"picked":"SKIP","floor":6.0},{"not_picked":["Havoc","Double Tap"],"picked":"Whirlwind","floor":7.0},{"not_picked":["Carnage","Flex"],"picked":"Anger","floor":8.0},{"not_picked":["Rampage","Anger"],"picked":"Barricade","floor":11.0},{"not_picked":["Perfected Strike","Sword Boomerang"],"picked":"Entrench","floor":12.0},{"not_picked":["Evolve","Cleave"],"picked":"Juggernaut","floor":14.0},{"not_picked":["Fiend Fire","Exhume"],"picked":"Juggernaut","floor":16.0},{"not_picked":["Perfected Strike","Twin Strike"],"picked":"Disarm+1","floor":18.0},{"not_picked":["Anger","Cleave","Perfected Strike"],"picked":"SKIP","floor":20.0},{"not_picked":["Wild Strike","Rupture","Perfected Strike"],"picked":"SKIP","floor":21.0},{"not_picked":["Clash","Iron Wave"],"picked":"Armaments","floor":24.0},{"not_picked":["Infernal Blade","Warcry+1","Clash"],"picked":"Singing Bowl","floor":28.0},{"not_picked":["Inflame","Hemokinesis","Rampage"],"picked":"Singing Bowl","floor":29.0},{"not_picked":["Cleave+1","Searing Blow","Hemokinesis+1","Body Slam"],"picked":"Singing Bowl","floor":31.0},{"not_picked":["Barricade","Juggernaut","Double Tap"],"picked":"Limit Break","floor":33.0},{"not_picked":["Power Through+1","Bloodletting+1","Body Slam+1"],"picked":"Armaments+1","floor":35.0},{"not_picked":["Headbutt+1","Perfected Strike+1","Sword Boomerang","Carnage"],"picked":"Singing Bowl","floor":38.0},{"not_picked":["Heavy Blade+1","True Grit","Bloodletting+1","Perfected Strike+1"],"picked":"Singing Bowl","floor":39.0},{"not_picked":["Second Wind","Uppercut+1","Clothesline"],"picked":"Shrug It Off","floor":41.0},{"not_picked":["Rupture+1","True Grit+1","Sword Boomerang+1","Perfected Strike+1"],"picked":"Singing Bowl","floor":45},{"not_picked":["Clash","Seeing Red+1","Flex","Combust"],"picked":"Singing Bowl","floor":46},{"not_picked":["Limit Break","Spot Weakness+1","Rampage","True Grit"],"picked":"Singing Bowl","floor":48}],"player_experience":224858,"relics_obtained":[{"floor":6.0,"key":"Bronze Scales"},{"floor":9.0,"key":"War Paint"},{"floor":11.0,"key":"Whetstone"},{"floor":14.0,"key":"Vajra"},{"floor":24.0,"key":"Bag of Preparation"},{"floor":26.0,"key":"Red Skull"},{"floor":26.0,"key":"Singing Bowl"},{"floor":29.0,"key":"Question Card"},{"floor":31.0,"key":"Letter Opener"},{"floor":41.0,"key":"Omamori"},{"floor":43.0,"key":"Happy Flower"}],"event_choices":[{"damage_healed":0.0,"max_hp_gain":0.0,"max_hp_loss":0.0,"gold_gain":0.0,"event_name":"Golden Idol","player_choice":"Take Damage","floor":4.0,"gold_loss":0.0,"damage_taken":20.0,"relics_obtained":["Golden Idol"]},{"damage_healed":0.0,"max_hp_gain":0.0,"max_hp_loss":0.0,"gold_gain":175.0,"event_name":"Liars Game","player_choice":"AGREE","floor":5.0,"gold_loss":0.0,"damage_taken":0.0,"cards_obtained":["Doubt"]},{"damage_healed":0.0,"max_hp_gain":0.0,"max_hp_loss":0.0,"gold_gain":0.0,"event_name":"FaceTrader","player_choice":"Trade","floor":19.0,"gold_loss":0.0,"damage_taken":0.0,"relics_obtained":["GremlinMask"]},{"damage_healed":0.0,"max_hp_gain":0.0,"max_hp_loss":0.0,"gold_gain":0.0,"event_name":"SecretPortal","player_choice":"Ignored","floor":36.0,"gold_loss":0.0,"damage_taken":0.0}],"is_beta":false,"boss_relics":[{"not_picked":["Sozu","Astrolabe"],"picked":"Velvet Choker"},{"not_picked":["Lizard Tail","Eternal Feather"],"picked":"White Beast Statue"}],"items_purged_floors":[2,10,22,37],"is_endless":false,"potions_floor_spawned":[1,6,7,11,18,21,24,35,38,39,41,45,46,48],"killed_by":"Time Eater","ascension_level":8}