{"gold_per_floor":[112,72,72,85,96,124,124,159,186,111,126,126,144,144,144,274,274,294,120,136,155,70,70,93,107,107,107,107,68,68,83,83,83],"floor_reached":33,"playtime":3226,"items_purged":["Strike_G","Strike_G"],"score":395,"play_id":"6f528403-c8f8-49e4-a47c-5f2487b0cd84","local_time":"20180705105916","is_ascension_mode":true,"campfire_choices":[{"data":"Sucker Punch","floor":7.0,"key":"SMITH"},{"data":"Sucker Punch","floor":12.0,"key":"SMITH"},{"floor":15.0,"key":"REST"},{"data":"Caltrops","floor":23.0,"key":"SMITH"},{"floor":32,"key":"REST"}],"neow_cost":"","seed_source_timestamp":0,"circlet_count":0,"master_deck":["Defend_G","Defend_G","Defend_G","Defend_G","Defend_G","Strike_G","Strike_G","Survivor","Neutralize+1","Sucker Punch+1","Dash","Backflip","Dagger Throw","Sucker Punch+1","Backstab","Glass Knife","Predator+1","Caltrops+1","Cloak And Dagger","Leg Sweep","Escape Plan","Flying Knee","Noxious Fumes","Bouncing Flask"],"special_seed":0,"relics":["Ring of the Snake","Happy Flower","Orichalcum","Strawberry","Golden Idol","Cursed Key"],"potions_floor_usage":[31],"damage_taken":[{"damage":1.0,"enemies":"2 Louse","floor":1.0,"turns":3.0},{"damage":0.0,"enemies":"Cultist","floor":4.0,"turns":4.0},{"damage":0.0,"enemies":"Jaw Worm","floor":5.0,"turns":4.0},{"damage":10.0,"enemies":"Gremlin Nob","floor":6.0,"turns":5.0},{"damage":0.0,"enemies":"3 Sentries","floor":8.0,"turns":11.0},{"damage":5.0,"enemies":"3 Louse","floor":11.0,"turns":3.0},{"damage":0.0,"enemies":"Looter","floor":13.0,"turns":3.0},{"damage":24.0,"enemies":"Slime Boss","floor":16.0,"turns":13.0},{"damage":6.0,"enemies":"Spheric Guardian","floor":18.0,"turns":5.0},{"damage":8.0,"enemies":"2 Thieves","floor":20.0,"turns":4.0},{"damage":0.0,"enemies":"Cultist and Chosen","floor":21.0,"turns":6.0},{"damage":7.0,"enemies":"Snecko","floor":24.0,"turns":4.0},{"damage":22.0,"enemies":"Snake Plant","floor":25.0,"turns":6.0},{"damage":16,"enemies":"Slaver and Parasite","floor":31,"turns":7},{"damage":36,"enemies":"Automaton","floor":33,"turns":6}],"seed_played":"-1438063880242286455","potions_obtained":[{"floor":2.0,"key":"Dexterity Potion"},{"floor":2.0,"key":"Swift Potion"},{"floor":2.0,"key":"Fire Potion"},{"floor":8.0,"key":"Energy Potion"},{"floor":11.0,"key":"GamblersBrew"},{"floor":18.0,"key":"SneckoOil"},{"floor":24.0,"key":"Explosive Potion"}],"is_trial":false,"path_per_floor":["M","?","?","M","M","E","R","E","T","$","M","R","M","?","R","B",null,"M","$","M","M","$","R","M","M","T","?","?","$","?","M","R"],"character_chosen":"THE_SILENT","items_purchased":["Caltrops","Escape Plan","Flying Knee","Bouncing Flask"],"campfire_rested":2,"item_purchase_floors":[],"current_hp_per_floor":[62,62,62,62,62,52,52,52,59,59,54,54,54,54,71,47,65,59,59,51,51,51,51,44,22,22,22,22,22,22,6,27,0],"gold":83,"neow_bonus":"","is_prod":false,"is_daily":false,"chose_seed":false,"campfire_upgraded":3,"win_rate":0,"timestamp":1530784756,"path_taken":["M","?","?","M","M","E","R","E","T","$","M","R","M","?","R","BOSS","M","$","M","M","$","R","M","M","T","?","?","$","?","M","R","BOSS"],"build_version":"2018-06-28","purchased_purges":2,"victory":false,"max_hp_per_floor":[70,70,70,70,70,70,70,70,77,77,77,77,77,71,71,71,71,71,71,71,71,71,71,71,71,71,71,71,71,71,71,71,71],"card_choices":[{"not_picked":["Deadly Poison","PiercingWail"],"picked":"Sucker Punch","floor":1.0},{"not_picked":["Outmaneuver","Concentrate"],"picked":"Dash","floor":4.0},{"not_picked":["PiercingWail","Sucker Punch"],"picked":"Backflip","floor":5.0},{"not_picked":["Prepared","Outmaneuver"],"picked":"Dagger Throw","floor":6.0},{"not_picked":["Expertise","Acrobatics"],"picked":"Sucker Punch","floor":8.0},{"not_picked":["Underhanded Strike","Expertise","Bouncing Flask"],"picked":"SKIP","floor":11.0},{"not_picked":["Underhanded Strike","Prepared"],"picked":"Backstab","floor":13.0},{"not_picked":["Night Terror","Burst"],"picked":"Glass Knife","floor":16.0},{"not_picked":["Dagger Spray","Dagger Throw"],"picked":"Predator+1","floor":18.0},{"not_picked":["Backstab","Bane"],"picked":"Cloak And Dagger","floor":20.0},{"not_picked":["Bane","Backflip"],"picked":"Leg Sweep","floor":21.0},{"not_picked":["Deflect","Slice"],"picked":"Noxious Fumes","floor":24.0},{"not_picked":["Reflex+1","Deadly Poison+1","Catalyst"],"picked":"SKIP","floor":25.0},{"not_picked":["Flechettes+1","Bouncing Flask+1","Slice"],"picked":"SKIP","floor":31}],"player_experience":353775,"relics_obtained":[{"floor":6.0,"key":"Happy Flower"},{"floor":8.0,"key":"Orichalcum"},{"floor":9.0,"key":"Strawberry"}],"event_choices":[{"event_name":"The Woman in Blue","player_choice":"Bought 3 Potions","floor":2.0,"damage_taken":0.0},{"event_name":"Liars Game","player_choice":"disagreed","floor":3.0,"damage_taken":0.0},{"event_name":"Golden Idol","player_choice":"Lose Max HP","floor":14.0,"damage_taken":0.0},{"event_name":"Bonfire Elementals","player_choice":"BASIC","floor":27,"damage_taken":0},{"event_name":"The Mausoleum","player_choice":"No","floor":28,"damage_taken":0},{"event_name":"Beggar","player_choice":"Ignored","floor":30,"damage_taken":0}],"boss_relics":[{"not_picked":["Pandora\u0027s Box","Philosopher\u0027s Stone"],"picked":"Cursed Key"}],"items_purged_floors":[],"is_endless":false,"potions_floor_spawned":[5,8,11,18,24],"killed_by":"Automaton","ascension_level":8}