{"gold_per_floor":[118,118,118,131,145,145,165,165,188,188,216,235,246,258,258,258],"floor_reached":16,"playtime":1027,"items_purged":[],"score":104,"play_id":"46fcac0e-aa10-437d-bfd2-5e4b7b3e3da5","local_time":"20180627212535","is_ascension_mode":false,"campfire_choices":[{"data":"Escape Plan","floor":6,"key":"SMITH"},{"data":"Dash","floor":8,"key":"SMITH"},{"data":"Survivor","floor":10,"key":"SMITH"},{"data":"Dagger Spray","floor":15,"key":"SMITH"}],"neow_cost":"NONE","seed_source_timestamp":759761710047798,"circlet_count":0,"master_deck":["Defend_G","Defend_G","Defend_G","Defend_G","Defend_G","Strike_G","Strike_G","Strike_G","Strike_G","Survivor+1","Neutralize+1","Escape Plan+1","Dash+1","Dagger Spray+1","Dash"],"relics":["Ring of the Snake","Lantern","Snake Skull"],"potions_floor_usage":[7,7,11,13,16],"damage_taken":[{"damage":0,"enemies":"Cultist","floor":1,"turns":3},{"damage":0,"enemies":"Jaw Worm","floor":4,"turns":6},{"damage":0,"enemies":"2 Louse","floor":5,"turns":3},{"damage":0,"enemies":"Lots of Slimes","floor":7,"turns":4},{"damage":9,"enemies":"3 Sentries","floor":11,"turns":11},{"damage":0,"enemies":"Large Slime","floor":12,"turns":7},{"damage":0,"enemies":"3 Louse","floor":13,"turns":4},{"damage":0,"enemies":"Blue Slaver","floor":14,"turns":3},{"damage":64,"enemies":"Slime Boss","floor":16,"turns":16}],"seed_played":"6579919912650224093","potions_obtained":[{"floor":1,"key":"SteroidPotion"},{"floor":4,"key":"Weak Potion"},{"floor":5,"key":"SkillPotion"},{"floor":14,"key":"Ancient Potion"}],"is_trial":false,"path_per_floor":["M","?","?","M","M","R","M","R","T","R","E","M","M","M","R"],"character_chosen":"THE_SILENT","items_purchased":[],"campfire_rested":0,"item_purchase_floors":[],"current_hp_per_floor":[70,70,75,75,75,75,75,75,75,75,66,66,66,66,66,2],"gold":258,"neow_bonus":"UPGRADE_CARD","is_prod":false,"is_daily":false,"chose_seed":false,"campfire_upgraded":4,"win_rate":0,"timestamp":1530131135,"path_taken":["M","?","?","M","?","R","M","R","T","R","E","M","M","M","R","BOSS"],"build_version":"2018-06-21v2","purchased_purges":0,"victory":false,"max_hp_per_floor":[70,70,75,75,75,75,75,75,75,75,75,75,75,75,75,75],"card_choices":[{"not_picked":["Blade Dance","Flechettes"],"picked":"Escape Plan","floor":1},{"not_picked":["Underhanded Strike","Outmaneuver","Deflect"],"picked":"SKIP","floor":4},{"not_picked":["Underhanded Strike","Acrobatics","Bane"],"picked":"SKIP","floor":5},{"not_picked":["PiercingWail","Acrobatics"],"picked":"Dash","floor":7},{"not_picked":["Eviscerate","Masterful Stab"],"picked":"Dagger Spray","floor":11},{"not_picked":["Slice","Dodge and Roll","All Out Attack"],"picked":"SKIP","floor":12},{"not_picked":["Slice","Quick Slash"],"picked":"Dash","floor":13},{"not_picked":["Dagger Spray","Crippling Poison","Dodge and Roll"],"picked":"SKIP","floor":14}],"player_experience":190580,"relics_obtained":[{"floor":9,"key":"Lantern"},{"floor":11,"key":"Snake Skull"}],"event_choices":[{"event_name":"Purifier","player_choice":"One Purge","floor":2,"damage_taken":0},{"event_name":"Big Fish","player_choice":"Donut","floor":3,"damage_taken":0}],"boss_relics":[],"items_purged_floors":[],"is_endless":false,"potions_floor_spawned":[1,4,5,14],"killed_by":"Slime Boss","ascension_level":0}