{"gold_per_floor":[114,14,33,33,43,43,78,92,118,148,113,113,23,54,66,78],"floor_reached":16,"playtime":539,"items_purged":["Injury"],"score":135,"play_id":"006f95c3-d638-45cd-aa7f-4c7bb260ef62","local_time":"20190718095359","is_ascension_mode":true,"campfire_choices":[{"floor":6,"key":"DIG"},{"floor":15,"key":"DIG"}],"neow_cost":"CURSE","seed_source_timestamp":135199416152700,"circlet_count":0,"master_deck":["Strike_R","Strike_R","Strike_R","Strike_R","Strike_R","Defend_R","Defend_R","Defend_R","Defend_R","Bash","Havoc","Uppercut","Pommel Strike","Inflame","Anger","Metallicize"],"relics":["Burning Blood","Shovel","Pen Nib","Lantern","Bronze Scales","StoneCalendar","MawBank","Mango"],"potions_floor_usage":[7,14],"damage_taken":[{"damage":24,"enemies":"Jaw Worm","floor":1,"turns":5},{"damage":0,"enemies":"2 Louse","floor":3,"turns":2},{"damage":0,"enemies":"Small Slimes","floor":5,"turns":3},{"damage":62,"enemies":"3 Sentries","floor":7,"turns":13},{"damage":6,"enemies":"2 Fungi Beasts","floor":8,"turns":5},{"damage":32,"enemies":"Gremlin Nob","floor":14,"turns":4},{"damage":27,"enemies":"The Guardian","floor":16,"turns":7}],"seed_played":"4992774334998107303","potions_obtained":[{"floor":1,"key":"SteroidPotion"},{"floor":5,"key":"Dexterity Potion"},{"floor":7,"key":"FearPotion"}],"is_trial":false,"path_per_floor":["M","$","M","?","M","R","E","M","T","?","?","T","$","E","R","B"],"character_chosen":"IRONCLAD","items_purchased":["Havoc","Inflame","Anger"],"campfire_rested":0,"item_purchase_floors":[2,13,13],"current_hp_per_floor":[62,62,68,68,74,74,18,18,18,18,38,38,38,12,26,0],"gold":78,"neow_bonus":"ONE_RARE_RELIC","is_prod":false,"is_daily":false,"chose_seed":false,"campfire_upgraded":0,"win_rate":0,"timestamp":1563458039,"path_taken":["M","$","M","?","M","R","E","M","T","?","?","?","$","E","R","BOSS"],"build_version":"2019-07-17","purchased_purges":1,"victory":false,"max_hp_per_floor":[80,80,80,80,80,80,80,80,80,80,80,80,80,80,94,94],"card_choices":[{"not_picked":["Searing Blow","Perfected Strike","Power Through"],"picked":"SKIP","floor":1},{"not_picked":["Power Through","Perfected Strike","Havoc"],"picked":"SKIP","floor":3},{"not_picked":["Cleave","Carnage"],"picked":"Uppercut","floor":5},{"not_picked":["Wild Strike","Cleave","Uppercut"],"picked":"SKIP","floor":7},{"not_picked":["Warcry","Flex"],"picked":"Pommel Strike","floor":8},{"not_picked":["Battle Trance","Clothesline"],"picked":"Metallicize","floor":14}],"player_experience":391940,"relics_obtained":[{"floor":6,"key":"Pen Nib"},{"floor":7,"key":"Lantern"},{"floor":9,"key":"Bronze Scales"},{"floor":12,"key":"StoneCalendar"},{"floor":14,"key":"MawBank"},{"floor":15,"key":"Mango"}],"event_choices":[{"damage_healed":0,"gold_gain":0,"player_choice":"Ignored","damage_taken":0,"max_hp_gain":0,"max_hp_loss":0,"event_name":"Golden Wing","floor":4,"gold_loss":0},{"damage_healed":0,"gold_gain":30,"player_choice":"Searched \u00271\u0027 times","damage_taken":0,"max_hp_gain":0,"max_hp_loss":0,"event_name":"Dead Adventurer","floor":10,"gold_loss":0},{"damage_healed":20,"gold_gain":0,"player_choice":"Healed","damage_taken":0,"max_hp_gain":0,"max_hp_loss":0,"event_name":"The Cleric","floor":11,"gold_loss":35}],"is_beta":false,"boss_relics":[],"items_purged_floors":[2],"is_endless":false,"potions_floor_spawned":[1,5,7],"killed_by":"The Guardian","ascension_level":5}