{"gold_per_floor":[214,214,74,84,84,84,102,102,102,115,40,40,40,40,40,160,160,173,73,97,97,115,115,214,214,237,237,250,267,267,279,279,382,412,424,424,442,317,334,334,334],"floor_reached":41,"playtime":9437,"items_purged":["Strike_G","Strike_G","Strike_G"],"score":585,"play_id":"8b1100ff-8033-44d4-8300-472dbc6ea8c2","local_time":"20180703231044","is_ascension_mode":true,"campfire_choices":[{"data":"Caltrops","floor":6.0,"key":"SMITH"},{"data":"Malaise","floor":8.0,"key":"SMITH"},{"data":"Well Laid Plans","floor":15.0,"key":"SMITH"},{"data":"Footwork","floor":23,"key":"SMITH"},{"data":"Adrenaline","floor":25,"key":"SMITH"},{"data":"Neutralize","floor":30,"key":"SMITH"},{"floor":32,"key":"REST"},{"floor":40,"key":"REST"}],"neow_cost":"","seed_source_timestamp":1275991657135112,"circlet_count":0,"master_deck":["Defend_G","Defend_G","Defend_G","Defend_G","Defend_G","Strike_G","Strike_G","Survivor","Neutralize+1","Footwork+1","Malaise+1","Caltrops+1","Heel Hook+1","Well Laid Plans+1","Adrenaline+1","Backflip","Blur","Deflect","All Out Attack","Footwork+1","Backflip","Dodge and Roll+1","Blur+1","PiercingWail+1","Backflip","After Image","Sucker Punch+1","Backflip+1","Deflect","Deflect+1"],"special_seed":0,"relics":["Ring of the Snake","Shuriken","Boot","Bloody Idol","Orrery","Bronze Scales","Tiny House"],"potions_floor_usage":[16,16,18,31,37,41],"damage_taken":[{"damage":0.0,"enemies":"Jaw Worm","floor":1.0,"turns":6.0},{"damage":0.0,"enemies":"Cultist","floor":4.0,"turns":6.0},{"damage":6.0,"enemies":"2 Louse","floor":7.0,"turns":3.0},{"damage":6.0,"enemies":"Exordium Thugs","floor":10.0,"turns":7.0},{"damage":0,"enemies":"The Guardian","floor":16,"turns":11},{"damage":0,"enemies":"3 Byrds","floor":18,"turns":5},{"damage":0,"enemies":"Spheric Guardian","floor":20,"turns":10},{"damage":0,"enemies":"Snecko","floor":22,"turns":9},{"damage":5,"enemies":"Slaver and Parasite","floor":28,"turns":8},{"damage":0,"enemies":"Snake Plant","floor":29,"turns":5},{"damage":22,"enemies":"Cultist and Chosen","floor":31,"turns":13},{"damage":11,"enemies":"Collector","floor":33,"turns":21},{"damage":0,"enemies":"Orb Walker","floor":35,"turns":8},{"damage":29,"enemies":"3 Shapes","floor":37,"turns":7},{"damage":43,"enemies":"Sphere and 2 Shapes","floor":39,"turns":9},{"damage":29,"enemies":"2 Orb Walkers","floor":41,"turns":4}],"seed_played":"-7640708526423358438","potions_obtained":[{"floor":1.0,"key":"Regen Potion"},{"floor":7.0,"key":"Strength Potion"},{"floor":16,"key":"AttackPotion"},{"floor":22,"key":"Fire Potion"},{"floor":28,"key":"Strength Potion"},{"floor":34,"key":"FearPotion"},{"floor":35,"key":"AttackPotion"}],"is_trial":false,"path_per_floor":["M","?","$","M","T","R","M","R","T","M","$","?","?","?","R","B",null,"M","$","M","?","M","R","?","R","T","?","M","M","R","M","R","B",null,"M","$","M","$","M","R"],"character_chosen":"THE_SILENT","items_purchased":["Malaise","Caltrops"],"campfire_rested":2,"item_purchase_floors":[],"current_hp_per_floor":[63,63,63,63,63,63,57,57,57,51,51,51,51,51,51,65,65,65,65,65,65,65,65,65,65,65,65,65,65,65,48,65,59,70,70,70,46,46,8,29,0],"gold":334,"neow_bonus":"","is_prod":false,"is_daily":false,"chose_seed":false,"campfire_upgraded":6,"win_rate":0,"timestamp":1530655844,"path_taken":["M","?","$","M","?","R","M","R","T","?","$","?","?","?","R","BOSS","M","$","M","?","M","R","?","R","T","?","M","M","R","?","R","BOSS","M","?","?","$","M","R","E"],"build_version":"2018-06-28","purchased_purges":3,"victory":false,"max_hp_per_floor":[70,70,70,70,70,70,70,70,70,70,70,65,65,65,65,65,65,65,65,65,65,65,65,65,65,65,65,65,65,65,65,65,65,70,70,70,70,70,70,70,70],"card_choices":[{"not_picked":["Masterful Stab","Bane"],"picked":"Footwork","floor":1.0},{"not_picked":["Deadly Poison","Underhanded Strike"],"picked":"Heel Hook","floor":4.0},{"not_picked":["Outmaneuver","Underhanded Strike","Masterful Stab"],"picked":"SKIP","floor":7.0},{"not_picked":["Sucker Punch","Quick Slash"],"picked":"Well Laid Plans","floor":10.0},{"not_picked":["Night Terror","Burst"],"picked":"Adrenaline","floor":16},{"not_picked":["Bane","Flying Knee"],"picked":"Backflip","floor":17},{"not_picked":["Cloak And Dagger","Acrobatics"],"picked":"Blur","floor":17},{"not_picked":["Catalyst","Choke"],"picked":"Deflect","floor":17},{"not_picked":["Masterful Stab","Cloak And Dagger"],"picked":"All Out Attack","floor":17},{"not_picked":["Endless Agony","Deflect"],"picked":"Footwork","floor":17},{"not_picked":["Dagger Spray","Outmaneuver"],"picked":"Backflip","floor":18},{"not_picked":["Backflip","Envenom"],"picked":"Dodge and Roll+1","floor":20},{"not_picked":["Acrobatics","Dagger Spray"],"picked":"Blur+1","floor":22},{"not_picked":["Acrobatics","Eviscerate+1"],"picked":"PiercingWail+1","floor":28},{"not_picked":["Dagger Throw+1","Dagger Spray","Acrobatics"],"picked":"SKIP","floor":29},{"not_picked":["Bullet Time","Infinite Blades"],"picked":"Backflip","floor":31},{"not_picked":["Grand Finale","Envenom"],"picked":"After Image","floor":33},{"not_picked":["All Out Attack","Backstab"],"picked":"Sucker Punch+1","floor":34},{"not_picked":["Flying Knee","Masterful Stab+1"],"picked":"Backflip+1","floor":35},{"not_picked":["Heel Hook+1","PiercingWail+1"],"picked":"Deflect","floor":37},{"not_picked":["Backflip","Bane+1"],"picked":"Deflect+1","floor":39}],"player_experience":324407,"relics_obtained":[{"floor":5.0,"key":"Shuriken"},{"floor":9.0,"key":"Boot"},{"floor":26,"key":"Bronze Scales"}],"event_choices":[{"event_name":"Accursed Blacksmith","player_choice":"Forge","floor":2.0,"damage_taken":0.0},{"event_name":"Golden Idol","player_choice":"Lose Max HP","floor":12.0,"damage_taken":0.0},{"event_name":"Liars Game","player_choice":"disagreed","floor":13.0,"damage_taken":0.0},{"event_name":"Scrap Ooze","player_choice":"unsuccessful","floor":14.0,"damage_taken":0.0},{"event_name":"Forgotten Altar","player_choice":"Gave Idol","floor":21,"damage_taken":0},{"event_name":"Nest","player_choice":"Stole From Cult","floor":24,"damage_taken":0},{"event_name":"Ghosts","player_choice":"Ignored","floor":27,"damage_taken":0}],"boss_relics":[{"not_picked":["Runic Pyramid","Calling Bell"],"picked":"Orrery"},{"not_picked":["Busted Crown","Coffee Dripper"],"picked":"Tiny House"}],"items_purged_floors":[],"is_endless":false,"potions_floor_spawned":[1,7,16,22,28,35],"killed_by":"2 Orb Walkers","ascension_level":6}