{"gold_per_floor":[99,112,112,59,75,105,66,397,397,397,416,432,465,493,505,517],"floor_reached":16,"playtime":675,"items_purged":[],"score":146,"play_id":"749d4946-de87-4cb3-8507-5aeceeee204a","local_time":"20190715221357","is_ascension_mode":true,"campfire_choices":[{"data":"Inflame","floor":10,"key":"SMITH"},{"data":"Armaments","floor":15,"key":"SMITH"}],"neow_cost":"NONE","seed_source_timestamp":261820326095300,"circlet_count":0,"master_deck":["Strike_R","Strike_R","Strike_R","Strike_R","Defend_R","Defend_R","Defend_R","Defend_R","Bash","Clothesline","Shrug It Off","Rampage","Iron Wave","Inflame+1","Flame Barrier","Sword Boomerang","Armaments+1","Burning Pact"],"relics":["Burning Blood","NeowsBlessing","Ancient Tea Set","Old Coin","Bottled Tornado","MawBank"],"potions_floor_usage":[6,6,8,13],"damage_taken":[{"damage":0,"enemies":"Jaw Worm","floor":1,"turns":1},{"damage":0,"enemies":"Cultist","floor":2,"turns":1},{"damage":0,"enemies":"Small Slimes","floor":5,"turns":1},{"damage":36,"enemies":"3 Sentries","floor":6,"turns":10},{"damage":13,"enemies":"Gremlin Nob","floor":8,"turns":4},{"damage":3,"enemies":"3 Louse","floor":11,"turns":2},{"damage":13,"enemies":"Lots of Slimes","floor":12,"turns":5},{"damage":17,"enemies":"3 Sentries","floor":13,"turns":9},{"damage":0,"enemies":"Looter","floor":14,"turns":3},{"damage":50,"enemies":"Hexaghost","floor":16,"turns":11}],"seed_played":"-4666712230953972272","potions_obtained":[{"floor":2,"key":"EntropicBrew"},{"floor":12,"key":"Regen Potion"}],"is_trial":false,"path_per_floor":["M","M","?","$","M","E","$","E","T","R","M","M","E","M","R","B"],"character_chosen":"IRONCLAD","items_purchased":["Shrug It Off","Inflame"],"campfire_rested":0,"item_purchase_floors":[4,7],"current_hp_per_floor":[80,80,80,80,80,50,50,43,43,43,46,39,43,49,49,0],"gold":517,"neow_bonus":"THREE_ENEMY_KILL","is_prod":false,"is_daily":false,"chose_seed":false,"campfire_upgraded":2,"win_rate":0,"timestamp":1563243237,"path_taken":["M","M","?","$","?","E","$","E","T","R","M","M","E","M","R","BOSS"],"build_version":"2019-07-05","purchased_purges":0,"victory":false,"max_hp_per_floor":[80,80,80,80,80,80,80,80,80,80,80,80,80,80,80,80],"card_choices":[{"not_picked":["Dual Wield","Pummel","Iron Wave"],"picked":"SKIP","floor":1},{"not_picked":["Entrench","Searing Blow"],"picked":"Clothesline","floor":2},{"not_picked":["True Grit","Reckless Charge"],"picked":"Rampage","floor":5},{"not_picked":["Flex","Intimidate"],"picked":"Iron Wave","floor":6},{"not_picked":["Power Through","Barricade"],"picked":"Flame Barrier","floor":8},{"not_picked":["Whirlwind","Intimidate","Evolve"],"picked":"SKIP","floor":11},{"not_picked":["Anger","Perfected Strike"],"picked":"Sword Boomerang","floor":12},{"not_picked":["Headbutt","Hemokinesis"],"picked":"Armaments","floor":13},{"not_picked":["Searing Blow","Headbutt"],"picked":"Burning Pact","floor":14}],"player_experience":352961,"relics_obtained":[{"floor":6,"key":"Ancient Tea Set"},{"floor":8,"key":"Old Coin"},{"floor":9,"key":"Bottled Tornado"},{"floor":13,"key":"MawBank"}],"event_choices":[{"cards_removed":["Strike_R"],"damage_healed":0,"gold_gain":0,"player_choice":"Offered Basic","damage_taken":0,"max_hp_gain":0,"max_hp_loss":0,"event_name":"Bonfire Elementals","floor":3,"gold_loss":0}],"is_beta":false,"boss_relics":[],"items_purged_floors":[],"is_endless":false,"potions_floor_spawned":[1,2,12],"killed_by":"Hexaghost","ascension_level":4}