{"gold_per_floor":[111,111,131,50,60,385,385,416,492,462,462,462,473,506,506,609,609,623,636,667,592,592,592,620,620,620,636,551,582,582,610,610,708,708,718,718,732,750,216,241,260,289,313,313,330,31,31,51,51,51],"floor_reached":51,"playtime":3374,"items_purged":["Strike_R"],"score":1032,"play_id":"0021c89b-7d97-484d-8166-309a2a994603","local_time":"20190715232916","is_ascension_mode":true,"campfire_choices":[{"data":"Spot Weakness","floor":7,"key":"SMITH"},{"data":"Armaments","floor":11,"key":"SMITH"},{"floor":15,"key":"REST"},{"data":"Limit Break","floor":23,"key":"SMITH"},{"floor":25,"key":"REST"},{"data":"Feel No Pain","floor":30,"key":"SMITH"},{"floor":32,"key":"REST"},{"data":"Dark Embrace","floor":44,"key":"SMITH"},{"data":"Berserk","floor":49,"key":"SMITH"}],"neow_cost":"NONE","seed_source_timestamp":263632165488499,"circlet_count":0,"master_deck":["Strike_R+1","Strike_R","Defend_R+1","Defend_R","Defend_R","Defend_R+1","Bash","Iron Wave","Armaments+1","Spot Weakness+1","Feel No Pain+1","Pummel","Sever Soul","Clothesline","Feed","Limit Break+1","Havoc","Anger","Heavy Blade","Ghostly Armor+1","Clumsy","True Grit+1","Corruption+1","Dark Embrace+1","Flash of Steel","Disarm+1","Immolate","Battle Trance+1","Berserk+1","Inflame","Writhe","Combust+1","Body Slam","Writhe","Spot Weakness+1"],"relics":["Burning Blood","Old Coin","Bag of Preparation","Ornamental Fan","Bronze Scales","Cursed Key","Red Mask","Nilry\u0027s Codex","Blue Candle","Pear","Regal Pillow","Oddly Smooth Stone","Peace Pipe","Runic Pyramid","War Paint","Blood Vial","Sundial","Vajra","Bottled Tornado"],"potions_floor_usage":[8,16,16,20,24,27,35,45],"damage_taken":[{"damage":16,"enemies":"Jaw Worm","floor":1,"turns":4},{"damage":4,"enemies":"2 Louse","floor":3,"turns":3},{"damage":0,"enemies":"Small Slimes","floor":5,"turns":3},{"damage":41,"enemies":"Gremlin Nob","floor":6,"turns":5},{"damage":7,"enemies":"3 Sentries","floor":8,"turns":8},{"damage":2,"enemies":"Looter","floor":10,"turns":4},{"damage":0,"enemies":"3 Louse","floor":13,"turns":2},{"damage":30,"enemies":"Gremlin Nob","floor":14,"turns":5},{"damage":48,"enemies":"The Guardian","floor":16,"turns":11},{"damage":5,"enemies":"3 Byrds","floor":18,"turns":3},{"damage":27,"enemies":"2 Thieves","floor":19,"turns":4},{"damage":0,"enemies":"Masked Bandits","floor":20,"turns":3},{"damage":46,"enemies":"Gremlin Leader","floor":24,"turns":7},{"damage":20,"enemies":"3 Cultists","floor":27,"turns":5},{"damage":3,"enemies":"Book of Stabbing","floor":29,"turns":3},{"damage":33,"enemies":"Gremlin Leader","floor":31,"turns":8},{"damage":12,"enemies":"Collector","floor":33,"turns":10},{"damage":12,"enemies":"3 Darklings","floor":35,"turns":4},{"damage":1,"enemies":"Orb Walker","floor":37,"turns":4},{"damage":2,"enemies":"Transient","floor":38,"turns":5},{"damage":36,"enemies":"Giant Head","floor":40,"turns":7},{"damage":23,"enemies":"Jaw Worm Horde","floor":41,"turns":4},{"damage":15,"enemies":"Nemesis","floor":42,"turns":5},{"damage":16,"enemies":"4 Shapes","floor":45,"turns":4},{"damage":12,"enemies":"Writhing Mass","floor":48,"turns":6},{"damage":21,"enemies":"Donu and Deca","floor":50,"turns":5}],"seed_played":"1108700960913656469","potions_obtained":[{"floor":6,"key":"Fire Potion"},{"floor":8,"key":"BloodPotion"},{"floor":13,"key":"GamblersBrew"},{"floor":19,"key":"AttackPotion"},{"floor":20,"key":"Swift Potion"},{"floor":24,"key":"PowerPotion"},{"floor":27,"key":"GamblersBrew"},{"floor":37,"key":"EssenceOfSteel"},{"floor":41,"key":"Swift Potion"}],"is_trial":false,"path_per_floor":["M","?","M","$","M","E","R","E","T","M","R","?","M","E","R","B",null,"M","M","?","?","?","R","E","R","T","M","?","E","R","E","R","B",null,"M","?","M","M","$","E","M","E","T","R","M","$","?","M","R","B",null],"character_chosen":"IRONCLAD","items_purchased":["Spot Weakness","BloodPotion","Immolate","Battle Trance","War Paint","Bottled Tornado","Body Slam"],"campfire_rested":3,"item_purchase_floors":[4,39,39,39,39,46,46],"current_hp_per_floor":[78,78,80,80,86,51,51,50,50,54,54,36,42,18,44,28,92,92,71,80,80,64,64,24,52,62,48,48,51,51,24,70,64,105,102,102,111,112,112,86,75,72,72,72,98,98,127,121,121,112],"gold":51,"neow_bonus":"TEN_PERCENT_HP_BONUS","is_prod":false,"is_daily":false,"chose_seed":false,"campfire_upgraded":6,"win_rate":0,"timestamp":1563247756,"path_taken":["M","?","M","$","M","E","R","E","T","M","R","?","M","E","R","BOSS","M","M","?","?","?","R","E","R","T","M","?","E","R","E","R","BOSS","M","?","M","M","$","E","M","E","T","R","M","$","?","M","R","BOSS"],"build_version":"2019-07-05","purchased_purges":1,"victory":true,"max_hp_per_floor":[88,88,88,88,88,88,88,88,88,88,88,88,88,88,88,92,92,92,92,95,95,95,95,95,95,105,105,105,105,105,105,105,105,105,108,108,112,112,112,116,120,124,124,124,127,127,127,127,127,131],"card_choices":[{"not_picked":["Havoc","Intimidate"],"picked":"Iron Wave","floor":1},{"not_picked":["Rampage","Anger"],"picked":"Armaments","floor":3},{"not_picked":["Cleave","Reckless Charge"],"picked":"Feel No Pain","floor":5},{"not_picked":["Cleave","Infernal Blade"],"picked":"Pummel","floor":6},{"not_picked":["Warcry","Bloodletting"],"picked":"Sever Soul","floor":8},{"not_picked":["Wild Strike","Cleave","Flex"],"picked":"SKIP","floor":10},{"not_picked":["Rage","Metallicize"],"picked":"Clothesline","floor":13},{"not_picked":["Twin Strike","Seeing Red"],"picked":"Feed","floor":14},{"not_picked":["Juggernaut","Dark Embrace"],"picked":"Limit Break","floor":16},{"not_picked":["True Grit","Carnage"],"picked":"Havoc","floor":18},{"not_picked":["Clothesline","Pommel Strike"],"picked":"Anger","floor":19},{"not_picked":["Sword Boomerang+1","Cleave+1"],"picked":"Heavy Blade","floor":20},{"not_picked":["Anger+1","Havoc"],"picked":"Ghostly Armor+1","floor":24},{"not_picked":["Immolate","Wild Strike","Shockwave"],"picked":"SKIP","floor":27},{"not_picked":["Pummel+1","Rupture+1"],"picked":"True Grit+1","floor":29},{"not_picked":["Shrug It Off","Clash"],"picked":"Corruption+1","floor":31},{"not_picked":["Limit Break","Barricade"],"picked":"Dark Embrace","floor":33},{"not_picked":["Wild Strike","Blood for Blood+1","Clothesline+1"],"picked":"SKIP","floor":35},{"not_picked":["HandOfGreed","Jack Of All Trades"],"picked":"Flash of Steel","floor":36},{"not_picked":["Rampage+1","Anger","Whirlwind"],"picked":"SKIP","floor":37},{"not_picked":["Battle Trance+1","Armaments"],"picked":"Disarm+1","floor":38},{"not_picked":["Perfected Strike+1","Battle Trance","Ghostly Armor"],"picked":"SKIP","floor":40},{"not_picked":["Fire Breathing","True Grit"],"picked":"Berserk","floor":41},{"not_picked":["Clothesline","Evolve"],"picked":"Inflame","floor":42},{"not_picked":["Metallicize","Wild Strike"],"picked":"Combust+1","floor":45},{"not_picked":["Ghostly Armor+1","Warcry"],"picked":"Spot Weakness+1","floor":48}],"player_experience":354736,"relics_obtained":[{"floor":6,"key":"Old Coin"},{"floor":8,"key":"Bag of Preparation"},{"floor":9,"key":"Ornamental Fan"},{"floor":14,"key":"Bronze Scales"},{"floor":20,"key":"Red Mask"},{"floor":22,"key":"Nilry\u0027s Codex"},{"floor":24,"key":"Blue Candle"},{"floor":26,"key":"Pear"},{"floor":29,"key":"Oddly Smooth Stone"},{"floor":31,"key":"Peace Pipe"},{"floor":40,"key":"Blood Vial"},{"floor":42,"key":"Sundial"},{"floor":43,"key":"Vajra"}],"event_choices":[{"cards_removed":["Strike_R"],"damage_healed":0,"gold_gain":0,"player_choice":"Forget","damage_taken":0,"max_hp_gain":0,"max_hp_loss":0,"event_name":"Living Wall","floor":2,"gold_loss":0},{"damage_healed":0,"gold_gain":0,"player_choice":"Entered Light","damage_taken":18,"max_hp_gain":0,"max_hp_loss":0,"event_name":"Shining Light","floor":12,"gold_loss":0,"cards_upgraded":["Strike_R","Defend_R"]},{"damage_healed":0,"gold_gain":0,"player_choice":"Fought Bandits","damage_taken":0,"max_hp_gain":0,"max_hp_loss":0,"event_name":"Masked Bandits","floor":20,"gold_loss":0},{"cards_removed":["Strike_R"],"damage_healed":0,"gold_gain":0,"player_choice":"Gave Gold","damage_taken":0,"max_hp_gain":0,"max_hp_loss":0,"event_name":"Beggar","floor":21,"gold_loss":75},{"damage_healed":0,"gold_gain":0,"player_choice":"Obtained Book","damage_taken":16,"max_hp_gain":0,"max_hp_loss":0,"event_name":"Cursed Tome","floor":22,"gold_loss":0},{"damage_healed":0,"gold_gain":0,"player_choice":"Obtained Relic","damage_taken":0,"relics_obtained":["Regal Pillow"],"max_hp_gain":0,"max_hp_loss":0,"event_name":"Addict","floor":28,"gold_loss":85},{"damage_healed":0,"gold_gain":0,"player_choice":"Memory 1","damage_taken":0,"max_hp_gain":0,"max_hp_loss":0,"event_name":"SensoryStone","floor":36,"gold_loss":0},{"damage_healed":32,"gold_gain":0,"player_choice":"Writhe","damage_taken":0,"max_hp_gain":0,"max_hp_loss":0,"event_name":"Winding Halls","floor":47,"gold_loss":0,"cards_obtained":["Writhe"]}],"is_beta":false,"boss_relics":[{"not_picked":["Busted Crown","Runic Cube"],"picked":"Cursed Key"},{"not_picked":["Empty Cage","Eternal Feather"],"picked":"Runic Pyramid"}],"items_purged_floors":[39],"is_endless":false,"potions_floor_spawned":[6,8,13,19,20,24,27,37,41,42],"ascension_level":4}