{"path_per_floor":["M","?","$","M","?","E","?","R","T","M","R","$","M","M","R","B",null,"M","$","?","?","M","R","M","R","T","$","?","M","T","?","R"],"character_chosen":"IRONCLAD","items_purchased":["Heavy Blade","Iron Wave","Juzu Bracelet","Carnage","Blind"],"gold_per_floor":[115,115,39,52,2,43,43,43,43,66,66,66,81,96,96,222,222,237,59,59,59,83,83,101,101,101,9,9,24,73,73,73,73],"floor_reached":33,"campfire_rested":4,"playtime":4831,"item_purchase_floors":[],"current_hp_per_floor":[80,80,80,80,80,61,80,80,80,80,80,80,76,49,73,48,80,74,74,74,74,60,80,67,80,80,80,56,47,47,47,56,0],"items_purged":[],"gold":73,"score":293,"play_id":"669031ce-4670-4eb2-bf65-8f19a8985b03","local_time":"20180622181536","is_prod":false,"is_daily":false,"chose_seed":false,"is_ascension_mode":false,"campfire_upgraded":2,"win_rate":0.0,"timestamp":1529687736,"campfire_choices":[{"data":"Shockwave","floor":8.0,"key":"SMITH"},{"data":"Iron Wave","floor":11.0,"key":"SMITH"},{"floor":15.0,"key":"REST"},{"floor":23,"key":"REST"},{"floor":25,"key":"REST"},{"floor":32,"key":"REST"}],"path_taken":["M","?","$","M","?","E","?","R","T","M","R","$","M","M","R","BOSS","M","$","?","?","M","R","M","R","T","?","?","M","?","?","R","BOSS"],"build_version":"2018-06-21","seed_source_timestamp":0,"purchased_purges":0,"circlet_count":0,"victory":false,"master_deck":["Defend_R","Defend_R","Defend_R","Defend_R","Bash","Shockwave+1","Heavy Blade","Iron Wave+1","Cleave","Heavy Blade","Perfected Strike","Heavy Blade","Bludgeon","Ghostly Armor","Carnage","Shrug It Off+1","Heavy Blade","Blind","Bite","Bite","Bite","Bite","Bite","Flame Barrier","Seeing Red"],"max_hp_per_floor":[80,80,80,80,80,80,80,80,80,80,80,80,80,80,80,80,80,80,80,80,80,80,80,80,80,80,80,56,56,56,56,56,56],"special_seed":0,"relics":["Burning Blood","Golden Idol","Omamori","Question Card","Black Star","Juzu Bracelet","Paper Frog","Vajra","Dream Catcher"],"card_choices":[{"not_picked":["Shrug It Off","Flex"],"picked":"Shockwave","floor":1.0},{"not_picked":["True Grit","Clothesline"],"picked":"Cleave","floor":4.0},{"not_picked":["Battle Trance","Power Through"],"picked":"Whirlwind","floor":6.0},{"not_picked":["Anger","Corruption","Thunderclap"],"picked":"Heavy Blade","floor":10.0},{"not_picked":["Thunderclap","Body Slam","Sword Boomerang"],"picked":"Perfected Strike","floor":13.0},{"not_picked":["Feel No Pain","Thunderclap","Twin Strike"],"picked":"Heavy Blade","floor":14.0},{"not_picked":["Berserk","Reaper","Double Tap"],"picked":"Bludgeon","floor":16.0},{"not_picked":["Blood for Blood","Inflame","Iron Wave"],"picked":"Ghostly Armor","floor":18.0},{"not_picked":["Pommel Strike","Anger","Cleave"],"picked":"Shrug It Off+1","floor":22},{"not_picked":["Power Through","Thunderclap","Fire Breathing+1"],"picked":"Heavy Blade","floor":24},{"not_picked":["Body Slam+1","Sword Boomerang+1","Heavy Blade"],"picked":"Flame Barrier","floor":29},{"not_picked":["Sword Boomerang","Inflame+1","Disarm+1"],"picked":"Seeing Red","floor":32}],"player_experience":54966,"potions_floor_usage":[],"damage_taken":[{"damage":6.0,"enemies":"Jaw Worm","floor":1.0,"turns":5.0},{"damage":2.0,"enemies":"Small Slimes","floor":4.0,"turns":4.0},{"damage":25.0,"enemies":"3 Sentries","floor":6.0,"turns":9.0},{"damage":6.0,"enemies":"Cultist","floor":10.0,"turns":3.0},{"damage":10.0,"enemies":"2 Fungi Beasts","floor":13.0,"turns":3.0},{"damage":33.0,"enemies":"Large Slime","floor":14.0,"turns":5.0},{"damage":31.0,"enemies":"The Guardian","floor":16.0,"turns":12.0},{"damage":12.0,"enemies":"Chosen","floor":18.0,"turns":5.0},{"damage":20,"enemies":"Spheric Guardian","floor":22,"turns":4},{"damage":19,"enemies":"Snake Plant","floor":24,"turns":4},{"damage":15,"enemies":"Snecko","floor":29,"turns":4},{"damage":72,"enemies":"Champ","floor":33,"turns":10}],"relics_obtained":[{"floor":6.0,"key":"Omamori"},{"floor":9.0,"key":"Question Card"},{"floor":26,"key":"Vajra"},{"floor":30,"key":"Dream Catcher"}],"event_choices":[{"event_name":"Golden Idol","player_choice":"Take Wound","floor":2.0,"damage_taken":0.0},{"event_name":"The Cleric","player_choice":"Card Removal","floor":5.0,"damage_taken":0.0},{"event_name":"Mushrooms","player_choice":"Healed and dodged fight","floor":7.0,"damage_taken":0.0},{"event_name":"Transmorgrifier","player_choice":"Transform","floor":20.0,"damage_taken":0.0},{"event_name":"The Mausoleum","player_choice":"Yes","floor":21.0,"damage_taken":0.0},{"event_name":"Vampires","player_choice":"Became a vampire","floor":28,"damage_taken":0},{"event_name":"Purifier","player_choice":"One Purge","floor":31,"damage_taken":0}],"boss_relics":[{"not_picked":["Astrolabe","Coffee Dripper"],"picked":"Black Star"}],"items_purged_floors":[],"is_endless":false,"potions_floor_spawned":[10,13,16,22,29],"seed_played":"4925452057847512173","killed_by":"Champ","ascension_level":0,"potions_obtained":[{"floor":10.0,"key":"Strength Potion"},{"floor":13.0,"key":"Dexterity Potion"},{"floor":16.0,"key":"EssenceOfSteel"},{"floor":22,"key":"GamblersBrew"},{"floor":29,"key":"Strength Potion"}],"is_trial":false}