{"gold_per_floor":[359,359,359,90,100,100,131,131,131,131,7,17,29,92,92,195,195,213,286,332,332,349,380,380,380,406,406,416,433,468,88,88,191,191,206,68,79,97,97,131,165,197,220,0,0,0,100,112,112,112],"floor_reached":51,"playtime":3289,"items_purged":["Strike_R","Strike_R"],"score":971,"play_id":"147c1b20-f396-4b76-8721-86727ec41362","local_time":"20190713114014","is_ascension_mode":true,"campfire_choices":[{"data":"Feel No Pain","floor":6,"key":"SMITH"},{"data":"Reckless Charge","floor":8,"key":"SMITH"},{"data":"Havoc","floor":10,"key":"SMITH"},{"data":"Spot Weakness","floor":15,"key":"SMITH"},{"data":"Berserk","floor":25,"key":"SMITH"},{"data":"Juggernaut","floor":32,"key":"SMITH"},{"data":"Corruption","floor":45,"key":"SMITH"},{"floor":49,"key":"REST"}],"neow_cost":"PERCENT_DAMAGE","seed_source_timestamp":48367202086000,"circlet_count":0,"master_deck":["Strike_R","Strike_R","Strike_R","Defend_R","Defend_R","Defend_R","Defend_R","Bash","Uppercut","Feel No Pain+1","Infernal Blade","Havoc+1","Shrug It Off","Reckless Charge+1","Sever Soul","Combust","Spot Weakness+1","Fiend Fire","Metallicize","Warcry","Berserk+1","Corruption+1","Juggernaut+1","Blood for Blood","Rupture","Dark Embrace","Master of Strategy","Heavy Blade","Warcry+1","Havoc+1","True Grit+1","Havoc+1","Shame","Armaments+1","Limit Break+1","Shrug It Off+1"],"relics":["Burning Blood","Centennial Puzzle","Pantograph","The Courier","Red Skull","Tiny Chest","Runic Cube","Ornamental Fan","Art of War","Bottled Lightning","Dream Catcher","Shuriken","WingedGreaves","Lee\u0027s Waffle","Cursed Key","Regal Pillow","Toxic Egg 2","Dodecahedron","Omamori","Red Mask","Ginger"],"potions_floor_usage":[14,23,23,30,30,33,37,37,38,42,42,47,50],"damage_taken":[{"damage":4,"enemies":"2 Louse","floor":1,"turns":4},{"damage":0,"enemies":"Small Slimes","floor":5,"turns":3},{"damage":23,"enemies":"3 Sentries","floor":7,"turns":12},{"damage":0,"enemies":"Cultist","floor":12,"turns":3},{"damage":9,"enemies":"Exordium Thugs","floor":13,"turns":4},{"damage":6,"enemies":"Gremlin Nob","floor":14,"turns":3},{"damage":51,"enemies":"Hexaghost","floor":16,"turns":8},{"damage":12,"enemies":"Chosen","floor":18,"turns":4},{"damage":11,"enemies":"Spheric Guardian","floor":22,"turns":4},{"damage":33,"enemies":"Slavers","floor":23,"turns":4},{"damage":30,"enemies":"Centurion and Healer","floor":28,"turns":7},{"damage":15,"enemies":"Shelled Parasite and Fungi","floor":29,"turns":4},{"damage":30,"enemies":"Book of Stabbing","floor":30,"turns":5},{"damage":17,"enemies":"Champ","floor":33,"turns":8},{"damage":7,"enemies":"Orb Walker","floor":35,"turns":2},{"damage":6,"enemies":"3 Shapes","floor":37,"turns":4},{"damage":17,"enemies":"Writhing Mass","floor":38,"turns":4},{"damage":17,"enemies":"Giant Head","floor":40,"turns":6},{"damage":38,"enemies":"Nemesis","floor":41,"turns":5},{"damage":0,"enemies":"Giant Head","floor":42,"turns":5},{"damage":31,"enemies":"Mind Bloom Boss Battle","floor":47,"turns":3},{"damage":11,"enemies":"Maw","floor":48,"turns":5},{"damage":66,"enemies":"Awakened One","floor":50,"turns":6}],"seed_played":"4906965207229793537","potions_obtained":[{"floor":1,"key":"PowerPotion"},{"floor":5,"key":"Energy Potion"},{"floor":16,"key":"BloodPotion"},{"floor":18,"key":"PowerPotion"},{"floor":22,"key":"Poison Potion"},{"floor":28,"key":"Swift Potion"},{"floor":29,"key":"SkillPotion"},{"floor":33,"key":"Energy Potion"},{"floor":35,"key":"Poison Potion"},{"floor":38,"key":"Fire Potion"},{"floor":40,"key":"Weak Potion"},{"floor":41,"key":"SkillPotion"},{"floor":42,"key":"Ancient Potion"}],"is_trial":false,"path_per_floor":["M","?","?","$","M","R","E","R","T","R","$","M","M","E","R","B",null,"M","T","T","?","M","E","?","R","T","T","M","M","E","$","R","B",null,"M","$","M","M","$","E","E","E","T","?","R","$","?","M","R","B",null],"character_chosen":"IRONCLAD","items_purchased":["Feel No Pain","Infernal Blade","Havoc","Red Skull","Blood for Blood","Rupture","Block Potion","Lee\u0027s Waffle","Master of Strategy"],"campfire_rested":1,"item_purchase_floors":[4,4,4,11,31,31,31,31,36],"current_hp_per_floor":[58,80,80,80,80,80,63,63,63,63,63,69,66,66,66,35,80,74,74,74,59,54,48,76,76,76,76,52,43,19,92,92,81,92,91,91,91,80,80,69,37,43,43,43,43,43,43,38,80,32],"gold":112,"neow_bonus":"TWO_FIFTY_GOLD","is_prod":false,"is_daily":false,"chose_seed":false,"campfire_upgraded":7,"win_rate":0,"timestamp":1563032414,"path_taken":["M","?","?","$","M","R","E","R","T","R","$","M","M","E","R","BOSS","M","?","?","?","M","E","?","R","T","?","M","M","E","$","R","BOSS","M","$","M","M","?","E","E","E","T","?","R","$","?","M","R","BOSS"],"build_version":"2019-07-05","purchased_purges":2,"victory":true,"max_hp_per_floor":[80,80,80,80,80,80,80,80,80,80,80,80,80,80,80,80,80,80,80,80,85,85,85,85,85,85,85,85,85,85,92,92,92,92,92,92,92,92,92,92,92,92,92,92,92,92,92,92,92,92],"card_choices":[{"not_picked":["Intimidate","Warcry"],"picked":"Uppercut","floor":1},{"not_picked":["Warcry","Pommel Strike"],"picked":"Shrug It Off","floor":5},{"not_picked":["Rupture","Thunderclap"],"picked":"Reckless Charge","floor":7},{"not_picked":["Whirlwind","Infernal Blade"],"picked":"Sever Soul","floor":12},{"not_picked":["Clash","Infernal Blade"],"picked":"Combust","floor":13},{"not_picked":["Body Slam","Bloodletting"],"picked":"Spot Weakness","floor":14},{"not_picked":["Juggernaut","Brutality"],"picked":"Fiend Fire","floor":16},{"not_picked":["Thunderclap","Twin Strike"],"picked":"Metallicize","floor":18},{"not_picked":["True Grit","Body Slam"],"picked":"Warcry","floor":22},{"not_picked":["Power Through+1","Dual Wield"],"picked":"Berserk","floor":23},{"not_picked":["Pommel Strike","Clash","Cleave"],"picked":"SKIP","floor":28},{"not_picked":["Body Slam+1","Wild Strike"],"picked":"Corruption","floor":29},{"not_picked":["Wild Strike+1","Carnage+1"],"picked":"Juggernaut","floor":30},{"not_picked":["Immolate","Berserk"],"picked":"Dark Embrace","floor":33},{"not_picked":["Flex","Twin Strike","Blood for Blood"],"picked":"SKIP","floor":35},{"not_picked":["True Grit","Flex+1"],"picked":"Heavy Blade","floor":37},{"not_picked":["Clash+1","Rampage+1"],"picked":"Warcry+1","floor":38},{"not_picked":["Heavy Blade","Immolate"],"picked":"Havoc+1","floor":40},{"not_picked":["Warcry","Power Through+1"],"picked":"True Grit+1","floor":41},{"not_picked":["Dual Wield+1","Fiend Fire"],"picked":"Havoc+1","floor":42},{"not_picked":["Warcry+1","Perfected Strike+1"],"picked":"Armaments+1","floor":47},{"not_picked":["Infernal Blade+1","Pommel Strike+1"],"picked":"Limit Break+1","floor":48},{"not_picked":["Twin Strike","Perfected Strike+1"],"picked":"Shrug It Off+1","floor":49}],"player_experience":328898,"relics_obtained":[{"floor":7,"key":"Pantograph"},{"floor":9,"key":"The Courier"},{"floor":14,"key":"Tiny Chest"},{"floor":19,"key":"Ornamental Fan"},{"floor":20,"key":"Art of War"},{"floor":23,"key":"Bottled Lightning"},{"floor":26,"key":"Dream Catcher"},{"floor":27,"key":"Shuriken"},{"floor":30,"key":"WingedGreaves"},{"floor":40,"key":"Regal Pillow"},{"floor":41,"key":"Toxic Egg 2"},{"floor":42,"key":"Dodecahedron"},{"floor":43,"key":"Omamori"},{"floor":47,"key":"Ginger"}],"event_choices":[{"damage_healed":26,"gold_gain":0,"player_choice":"Banana","damage_taken":0,"max_hp_gain":0,"max_hp_loss":0,"event_name":"Big Fish","floor":2,"gold_loss":0},{"damage_healed":0,"gold_gain":0,"player_choice":"Gave Potion","damage_taken":0,"relics_obtained":["Centennial Puzzle"],"max_hp_gain":0,"max_hp_loss":0,"event_name":"WeMeetAgain","floor":3,"gold_loss":0},{"damage_healed":0,"gold_gain":0,"player_choice":"Shed Blood","damage_taken":20,"max_hp_gain":5,"max_hp_loss":0,"event_name":"Forgotten Altar","floor":21,"gold_loss":0},{"damage_healed":28,"gold_gain":0,"player_choice":"Heal","damage_taken":0,"max_hp_gain":0,"max_hp_loss":0,"event_name":"The Library","floor":24,"gold_loss":0},{"damage_healed":0,"gold_gain":0,"player_choice":"Paid","damage_taken":0,"relics_obtained":["Red Mask"],"max_hp_gain":0,"max_hp_loss":0,"event_name":"Tomb of Lord Red Mask","floor":44,"gold_loss":220},{"damage_healed":0,"gold_gain":0,"player_choice":"Fight","damage_taken":0,"max_hp_gain":0,"max_hp_loss":0,"event_name":"MindBloom","floor":47,"gold_loss":0}],"is_beta":false,"boss_relics":[{"not_picked":["Sozu","Tiny House"],"picked":"Runic Cube"},{"not_picked":["Empty Cage","Runic Pyramid"],"picked":"Cursed Key"}],"items_purged_floors":[4,31],"is_endless":false,"potions_floor_spawned":[1,5,16,18,22,28,29,33,35,38,40,41,42],"ascension_level":3}