{"gold_per_floor":[209,209,209,225,238,238,267,267,342,342,369,385,24,44,44,149,199,216,227,244,64,64,64,89,102,126,137,137,62,62,73,73,170,170,184,284,284,302,35,35,47,47,71,71,97,117,145,161,161,161],"floor_reached":50,"playtime":5588,"items_purged":["Defend_G"],"score":668,"play_id":"2a958cfb-70d2-4b5a-a50d-6baa231d83f0","local_time":"20190728093952","is_ascension_mode":true,"campfire_choices":[{"data":"Neutralize","floor":6,"key":"SMITH"},{"floor":8,"key":"REST"},{"floor":10,"key":"REST"},{"floor":15,"key":"REST"},{"data":"Crippling Poison","floor":23,"key":"SMITH"},{"floor":28,"key":"REST"},{"data":"Adrenaline","floor":30,"key":"SMITH"},{"data":"Leg Sweep","floor":32,"key":"SMITH"},{"data":"Poisoned Stab","floor":40,"key":"SMITH"},{"floor":44,"key":"REST"},{"floor":49,"key":"REST"}],"neow_cost":"NONE","seed_source_timestamp":595283310976147,"circlet_count":0,"master_deck":["Strike_G","Strike_G","Strike_G+1","Defend_G","Defend_G","Defend_G","Defend_G","Survivor","Neutralize+1","Footwork","Deadly Poison","Crippling Poison+1","PiercingWail","Die Die Die","Bane","Poisoned Stab+1","Noxious Fumes+1","Dagger Throw","Die Die Die","Adrenaline+1","Caltrops+1","Leg Sweep+1","Well Laid Plans+1","Calculated Gamble+1","PiercingWail+1","Backflip+1","After Image+1","Bouncing Flask+1","Dodge and Roll+1","Adrenaline+1","Sadistic Nature+1","Bane+1","Acrobatics+1","Catalyst+1"],"relics":["Ring of the Snake","Dream Catcher","Oddly Smooth Stone","Bottled Lightning","Pocketwatch","Frozen Egg 2","Tiny House","Snake Skull","Ninja Scroll","Art of War","Philosopher\u0027s Stone","The Specimen","DollysMirror","Smiling Mask","Potion Belt"],"potions_floor_usage":[7,16,24,25,25,27,33,47,50,50,50],"damage_taken":[{"damage":1,"enemies":"Small Slimes","floor":1,"turns":3},{"damage":4,"enemies":"Jaw Worm","floor":4,"turns":5},{"damage":0,"enemies":"Cultist","floor":5,"turns":4},{"damage":29,"enemies":"Gremlin Nob","floor":7,"turns":5},{"damage":20,"enemies":"Lagavulin","floor":11,"turns":9},{"damage":1,"enemies":"Exordium Wildlife","floor":12,"turns":4},{"damage":1,"enemies":"Blue Slaver","floor":14,"turns":4},{"damage":0,"enemies":"The Guardian","floor":16,"turns":8},{"damage":0,"enemies":"3 Byrds","floor":18,"turns":3},{"damage":4,"enemies":"Chosen","floor":19,"turns":5},{"damage":3,"enemies":"Snecko","floor":20,"turns":5},{"damage":22,"enemies":"Gremlin Leader","floor":24,"turns":6},{"damage":16,"enemies":"Snake Plant","floor":25,"turns":4},{"damage":0,"enemies":"3 Cultists","floor":27,"turns":3},{"damage":2,"enemies":"Centurion and Healer","floor":31,"turns":6},{"damage":24,"enemies":"Champ","floor":33,"turns":11},{"damage":0,"enemies":"Orb Walker","floor":35,"turns":4},{"damage":14,"enemies":"Mind Bloom Boss Battle","floor":36,"turns":6},{"damage":0,"enemies":"3 Darklings","floor":38,"turns":4},{"damage":28,"enemies":"Spire Growth","floor":41,"turns":5},{"damage":3,"enemies":"Reptomancer","floor":45,"turns":5},{"damage":0,"enemies":"Maw","floor":46,"turns":6},{"damage":8,"enemies":"Giant Head","floor":47,"turns":9},{"damage":8,"enemies":"Transient","floor":48,"turns":5},{"damage":58,"enemies":"Donu and Deca","floor":50,"turns":7}],"seed_played":"6237101466336575675","potions_obtained":[{"floor":1,"key":"Poison Potion"},{"floor":7,"key":"Weak Potion"},{"floor":12,"key":"SkillPotion"},{"floor":14,"key":"Fire Potion"},{"floor":17,"key":"EntropicBrew"},{"floor":20,"key":"Explosive Potion"},{"floor":33,"key":"Explosive Potion"},{"floor":36,"key":"Block Potion"},{"floor":41,"key":"LiquidBronze"},{"floor":48,"key":"Swift Potion"}],"is_trial":false,"path_per_floor":["M","?","?","M","M","R","E","R","T","R","E","M","$","M","R","B",null,"M","M","M","$","?","R","E","M","T","M","R","?","R","M","R","B",null,"M","?","?","M","$","R","M","?","T","R","E","M","E","M","R","B"],"character_chosen":"THE_SILENT","items_purchased":["Poisoned Stab","Frozen Egg 2","Noxious Fumes+1","Well Laid Plans+1","Snake Skull","DollysMirror"],"campfire_rested":6,"item_purchase_floors":[13,13,13,21,21,39],"current_hp_per_floor":[69,51,51,47,47,47,18,39,39,60,40,39,39,38,59,59,75,75,71,68,68,68,68,46,30,30,30,52,52,52,50,50,26,75,75,61,61,61,61,61,33,33,33,54,51,51,43,35,56,0],"gold":161,"neow_bonus":"HUNDRED_GOLD","is_prod":false,"is_daily":false,"chose_seed":false,"campfire_upgraded":5,"win_rate":0,"timestamp":1564324792,"path_taken":["M","?","?","M","M","R","E","R","T","R","E","M","$","?","R","BOSS","M","M","M","$","?","R","E","M","T","M","R","?","R","M","R","BOSS","M","?","?","M","$","R","M","?","T","R","E","M","E","M","R","BOSS"],"build_version":"2019-07-17","purchased_purges":1,"victory":false,"max_hp_per_floor":[70,70,70,70,70,70,70,70,70,70,70,70,70,70,70,70,75,75,75,75,75,75,75,75,75,75,75,75,75,75,75,75,75,75,75,75,71,71,71,71,71,71,71,71,71,71,71,71,71,71],"card_choices":[{"not_picked":["Accuracy","Cloak And Dagger","Acrobatics"],"picked":"SKIP","floor":1},{"not_picked":["Flying Knee","Bane"],"picked":"Footwork","floor":4},{"not_picked":["Leg Sweep","Infinite Blades","Terror"],"picked":"SKIP","floor":5},{"not_picked":["Leg Sweep","Infinite Blades","Terror"],"picked":"SKIP","floor":5},{"not_picked":["Finisher","Well Laid Plans"],"picked":"Deadly Poison","floor":7},{"not_picked":["Reflex","Dagger Spray"],"picked":"Crippling Poison","floor":8},{"not_picked":["Acrobatics","Expertise"],"picked":"PiercingWail","floor":10},{"not_picked":["Deflect","Sucker Punch"],"picked":"Die Die Die","floor":11},{"not_picked":["Outmaneuver","Deadly Poison"],"picked":"Bane","floor":12},{"not_picked":["Concentrate","PiercingWail"],"picked":"Dagger Throw","floor":14},{"not_picked":["Cloak And Dagger","Setup"],"picked":"Die Die Die","floor":15},{"not_picked":["Malaise","Storm of Steel"],"picked":"Adrenaline","floor":16},{"not_picked":["Poisoned Stab","Concentrate"],"picked":"Caltrops+1","floor":18},{"not_picked":["Prepared","Flying Knee"],"picked":"Leg Sweep","floor":19},{"not_picked":["Distraction+1","Slice","Outmaneuver"],"picked":"SKIP","floor":20},{"not_picked":["Slice+1","Riddle With Holes"],"picked":"Calculated Gamble+1","floor":24},{"not_picked":["Quick Slash","Concentrate","Heel Hook+1"],"picked":"SKIP","floor":25},{"not_picked":["Bane","All Out Attack"],"picked":"PiercingWail+1","floor":27},{"not_picked":["Storm of Steel","Prepared"],"picked":"Backflip+1","floor":31},{"not_picked":["Die Die Die","Wraith Form v2+1"],"picked":"After Image+1","floor":33},{"not_picked":["Dagger Throw+1","Outmaneuver+1"],"picked":"Bouncing Flask+1","floor":35},{"not_picked":["Dagger Throw","Well Laid Plans+1"],"picked":"Dodge and Roll+1","floor":36},{"not_picked":["Dash","Prepared","Dodge and Roll"],"picked":"SKIP","floor":38},{"not_picked":["Dagger Throw+1","Venomology","Predator+1"],"picked":"SKIP","floor":41},{"not_picked":["Enlightenment","Chrysalis"],"picked":"Sadistic Nature+1","floor":42},{"not_picked":["Setup+1","Flying Knee"],"picked":"Bane+1","floor":44},{"not_picked":["Blade Dance","Storm of Steel","Deflect+1"],"picked":"SKIP","floor":45},{"not_picked":["Poisoned Stab+1","Dodge and Roll","Underhanded Strike+1"],"picked":"SKIP","floor":46},{"not_picked":["Bane+1","Distraction+1","Outmaneuver+1"],"picked":"SKIP","floor":47},{"not_picked":["Bouncing Flask","Calculated Gamble"],"picked":"Acrobatics+1","floor":48},{"not_picked":["Outmaneuver","Dagger Throw"],"picked":"Catalyst+1","floor":49}],"player_experience":284628,"relics_obtained":[{"floor":7,"key":"Oddly Smooth Stone"},{"floor":9,"key":"Bottled Lightning"},{"floor":11,"key":"Pocketwatch"},{"floor":24,"key":"Ninja Scroll"},{"floor":26,"key":"Art of War"},{"floor":36,"key":"The Specimen"},{"floor":45,"key":"Smiling Mask"},{"floor":47,"key":"Potion Belt"}],"event_choices":[{"damage_healed":0,"gold_gain":0,"player_choice":"Success","damage_taken":18,"relics_obtained":["Dream Catcher"],"max_hp_gain":0,"max_hp_loss":0,"event_name":"Scrap Ooze","floor":2,"gold_loss":0},{"cards_removed":["Strike_G"],"damage_healed":0,"gold_gain":0,"player_choice":"Purged","damage_taken":0,"max_hp_gain":0,"max_hp_loss":0,"event_name":"Purifier","floor":3,"gold_loss":0},{"damage_healed":0,"gold_gain":0,"player_choice":"Ignored","damage_taken":0,"max_hp_gain":0,"max_hp_loss":0,"event_name":"Ghosts","floor":22,"gold_loss":0},{"cards_removed":["Strike_G"],"damage_healed":0,"gold_gain":0,"player_choice":"Gave Gold","damage_taken":0,"max_hp_gain":0,"max_hp_loss":0,"event_name":"Beggar","floor":29,"gold_loss":75},{"damage_healed":0,"gold_gain":0,"player_choice":"Fight","damage_taken":0,"max_hp_gain":0,"max_hp_loss":0,"event_name":"MindBloom","floor":36,"gold_loss":0},{"damage_healed":0,"gold_gain":0,"player_choice":"Max HP","damage_taken":0,"max_hp_gain":0,"max_hp_loss":4,"event_name":"Winding Halls","floor":37,"gold_loss":0},{"damage_healed":0,"gold_gain":0,"player_choice":"Memory 1","damage_taken":0,"max_hp_gain":0,"max_hp_loss":0,"event_name":"SensoryStone","floor":42,"gold_loss":0}],"is_beta":false,"boss_relics":[{"not_picked":["Sozu","HoveringKite"],"picked":"Tiny House"},{"not_picked":["Astrolabe","Pandora\u0027s Box"],"picked":"Philosopher\u0027s Stone"}],"items_purged_floors":[39],"is_endless":false,"potions_floor_spawned":[1,7,12,14,18,20,33,36,41,48],"killed_by":"Donu and Deca","ascension_level":2}