{"gold_per_floor":[117,117,117,134,147,147,173,185,185,205,205,218,218,251,251,355,355,365,376,390,112,128,128,140,153,224,224,224],"floor_reached":28,"playtime":2745,"items_purged":["Strike_R"],"score":324,"play_id":"9a9eaf92-b194-455a-a26c-460022efb204","local_time":"20190804081529","is_ascension_mode":true,"campfire_choices":[{"data":"Cleave","floor":6,"key":"SMITH"},{"data":"True Grit","floor":13,"key":"SMITH"},{"data":"Metallicize","floor":15,"key":"SMITH"},{"data":"Immolate","floor":23,"key":"SMITH"},{"floor":27,"key":"REST"}],"neow_cost":"NONE","seed_source_timestamp":87304194867976,"circlet_count":0,"master_deck":["Defend_R","Defend_R","Defend_R","Defend_R","Bash+1","Cleave+1","Metallicize+1","Clothesline","Inflame","Pommel Strike","True Grit+1","Immolate+1","Clothesline+1","Body Slam+1","Entrench+1","True Grit","Shrug It Off","Evolve+1","Reckless Charge+1"],"relics":["Burning Blood","Oddly Smooth Stone","Boot","Dodecahedron","Astrolabe","Vajra","Letter Opener"],"potions_floor_usage":[7,12,14,14,20,22,22,28],"damage_taken":[{"damage":3,"enemies":"2 Louse","floor":1,"turns":4},{"damage":7,"enemies":"Small Slimes","floor":4,"turns":4},{"damage":2,"enemies":"Cultist","floor":5,"turns":4},{"damage":29,"enemies":"Lagavulin","floor":7,"turns":5},{"damage":16,"enemies":"3 Louse","floor":8,"turns":5},{"damage":10,"enemies":"Blue Slaver","floor":10,"turns":5},{"damage":1,"enemies":"Exordium Wildlife","floor":12,"turns":3},{"damage":0,"enemies":"3 Sentries","floor":14,"turns":5},{"damage":15,"enemies":"The Guardian","floor":16,"turns":15},{"damage":38,"enemies":"3 Byrds","floor":18,"turns":6},{"damage":14,"enemies":"Shell Parasite","floor":19,"turns":7},{"damage":8,"enemies":"Cultist and Chosen","floor":20,"turns":6},{"damage":26,"enemies":"Snake Plant","floor":22,"turns":6},{"damage":3,"enemies":"Snecko","floor":24,"turns":5},{"damage":39,"enemies":"Centurion and Healer","floor":25,"turns":6},{"damage":38,"enemies":"Book of Stabbing","floor":28,"turns":7}],"seed_played":"1873777838663682524","potions_obtained":[{"floor":4,"key":"BloodPotion"},{"floor":5,"key":"Poison Potion"},{"floor":8,"key":"SteroidPotion"},{"floor":10,"key":"SpeedPotion"},{"floor":12,"key":"EssenceOfSteel"},{"floor":19,"key":"AttackPotion"},{"floor":20,"key":"Regen Potion"},{"floor":22,"key":"Dexterity Potion"}],"is_trial":false,"path_per_floor":["M","?","?","M","M","R","E","M","T","M","?","M","R","E","R","B",null,"M","M","M","$","M","R","M","M","T","R","E"],"character_chosen":"IRONCLAD","items_purchased":["Vajra","Strength Potion"],"campfire_rested":1,"item_purchase_floors":[21,21],"current_hp_per_floor":[80,80,80,79,80,80,57,47,47,43,43,48,48,54,54,45,71,39,31,29,29,44,44,47,14,14,38,0],"gold":224,"neow_bonus":"UPGRADE_CARD","is_prod":false,"is_daily":false,"chose_seed":false,"campfire_upgraded":4,"win_rate":0,"timestamp":1564924529,"path_taken":["M","?","?","M","M","R","E","M","T","M","?","M","R","E","R","BOSS","M","M","M","$","M","R","M","M","T","R","E"],"build_version":"2019-07-17","purchased_purges":1,"victory":false,"max_hp_per_floor":[80,80,80,80,80,80,80,80,80,80,80,80,80,80,80,80,80,80,80,80,80,80,80,80,80,80,80,80],"card_choices":[{"not_picked":["Anger","Shrug It Off"],"picked":"Cleave","floor":1},{"not_picked":["Heavy Blade","Havoc"],"picked":"Metallicize","floor":4},{"not_picked":["Seeing Red","Infernal Blade"],"picked":"Clothesline","floor":5},{"not_picked":["Body Slam","Bludgeon"],"picked":"Inflame","floor":7},{"not_picked":["Anger","True Grit"],"picked":"Pommel Strike","floor":8},{"not_picked":["Searing Blow","Uppercut"],"picked":"True Grit","floor":10},{"not_picked":["Brutality","Havoc","Warcry"],"picked":"SKIP","floor":12},{"not_picked":["True Grit","Iron Wave","Corruption"],"picked":"SKIP","floor":14},{"not_picked":["Dark Embrace","Bludgeon"],"picked":"Immolate","floor":16},{"not_picked":["Anger","Heavy Blade+1"],"picked":"True Grit","floor":18},{"not_picked":["Rupture+1","Corruption","Perfected Strike"],"picked":"SKIP","floor":19},{"not_picked":["Clash+1","Flex"],"picked":"Shrug It Off","floor":20},{"not_picked":["Pummel","Corruption","Flex+1"],"picked":"SKIP","floor":22},{"not_picked":["Pummel","Corruption","Flex+1"],"picked":"SKIP","floor":22},{"not_picked":["Clothesline","Cleave+1"],"picked":"Evolve+1","floor":24},{"not_picked":["Shrug It Off","Perfected Strike"],"picked":"Reckless Charge+1","floor":25}],"player_experience":357149,"relics_obtained":[{"floor":7,"key":"Oddly Smooth Stone"},{"floor":9,"key":"Boot"},{"floor":14,"key":"Dodecahedron"},{"floor":26,"key":"Letter Opener"}],"event_choices":[{"damage_healed":0,"gold_gain":0,"player_choice":"Ignored","damage_taken":0,"max_hp_gain":0,"max_hp_loss":0,"event_name":"Liars Game","floor":2,"gold_loss":0},{"damage_healed":0,"gold_gain":0,"player_choice":"Ignored","damage_taken":0,"max_hp_gain":0,"max_hp_loss":0,"event_name":"Shining Light","floor":3,"gold_loss":0},{"cards_removed":["Strike_R"],"damage_healed":0,"gold_gain":0,"player_choice":"Purged","damage_taken":0,"max_hp_gain":0,"max_hp_loss":0,"event_name":"Purifier","floor":11,"gold_loss":0}],"is_beta":false,"boss_relics":[{"not_picked":["Ectoplasm","Runic Dome"],"picked":"Astrolabe"}],"items_purged_floors":[21],"is_endless":false,"potions_floor_spawned":[4,5,8,10,12,19,20,22],"killed_by":"Book of Stabbing","ascension_level":5}