{"path_per_floor":["M","?","?","M","M","E","R","M","T","$","M","M","$","?","R"],"character_chosen":"IRONCLAD","items_purchased":["Combust","True Grit","Madness"],"gold_per_floor":[119,119,119,130,140,167,167,180,180,112,131,151,2,177,177,177],"floor_reached":16,"campfire_rested":2,"playtime":1360,"item_purchase_floors":[10,13,13],"current_hp_per_floor":[80,64,64,65,62,17,41,39,39,39,23,24,24,24,48,0],"items_purged":[],"gold":177,"score":102,"play_id":"bfdfe27e-2d4e-4b9a-b643-4def8e13309d","local_time":"20180616123424","is_prod":false,"is_daily":false,"chose_seed":false,"is_ascension_mode":false,"campfire_upgraded":0,"win_rate":0.0,"timestamp":1529148864,"campfire_choices":[{"floor":7,"key":"REST"},{"floor":15,"key":"REST"}],"path_taken":["M","?","?","M","M","E","R","M","T","$","M","M","?","?","R","BOSS"],"build_version":"2018-06-14v2","seed_source_timestamp":148849202496196,"purchased_purges":0,"victory":false,"master_deck":["Strike_R","Strike_R","Strike_R","Strike_R","Strike_R+1","Defend_R","Defend_R","Defend_R","Defend_R+1","Bash","Flame Barrier","Hemokinesis","Shockwave","Perfected Strike","Armaments","Sword Boomerang","Combust","Headbutt","Clothesline","True Grit","Madness","Doubt"],"max_hp_per_floor":[80,80,80,80,80,80,80,80,80,80,80,80,80,80,80,80],"relics":["Burning Blood","Bottled Lightning","Kunai"],"card_choices":[{"not_picked":["Shockwave","Dual Wield"],"picked":"Flame Barrier","floor":1},{"not_picked":["True Grit","Clash"],"picked":"Shockwave","floor":4},{"not_picked":["Flex","Clothesline"],"picked":"Perfected Strike","floor":5},{"not_picked":["Shrug It Off","Dropkick"],"picked":"Armaments","floor":6},{"not_picked":["Reckless Charge","Blood for Blood"],"picked":"Sword Boomerang","floor":8},{"not_picked":["Battle Trance","Warcry"],"picked":"Headbutt","floor":11},{"not_picked":["Clash","Flex"],"picked":"Clothesline","floor":12}],"player_experience":7187,"potions_floor_usage":[],"damage_taken":[{"damage":5,"enemies":"Jaw Worm","floor":1,"turns":5},{"damage":5,"enemies":"2 Louse","floor":4,"turns":4},{"damage":9,"enemies":"Cultist","floor":5,"turns":4},{"damage":51,"enemies":"Lagavulin","floor":6,"turns":11},{"damage":8,"enemies":"3 Louse","floor":8,"turns":4},{"damage":22,"enemies":"Gremlin Gang","floor":11,"turns":4},{"damage":5,"enemies":"Exordium Wildlife","floor":12,"turns":4},{"damage":57,"enemies":"Slime Boss","floor":16,"turns":12}],"relics_obtained":[{"floor":6,"key":"Bottled Lightning"},{"floor":9,"key":"Kunai"}],"event_choices":[{"event_name":"Shining Light","player_choice":"Entered Light","floor":2,"damage_taken":0},{"event_name":"Match and Keep!","player_choice":"1 cards matched","floor":3,"damage_taken":0},{"event_name":"Liars Game","player_choice":"agreed","floor":14,"damage_taken":0}],"boss_relics":[],"items_purged_floors":[],"is_endless":false,"potions_floor_spawned":[1,4,8],"seed_played":"4724688466765777509","killed_by":"Slime Boss","ascension_level":0,"potions_obtained":[{"floor":1,"key":"Regen Potion"},{"floor":4,"key":"BloodPotion"},{"floor":8,"key":"Strength Potion"}],"is_trial":false}