{"gold_per_floor":[113,124,135,64,83,83,54,83,83,95,23,41,41,55,55,154,154,174,51,68,68,80,111,111,0,0,17,36,36],"floor_reached":29,"playtime":1387,"items_purged":[],"score":391,"play_id":"79dcf3c0-6627-4833-8ec9-083290acc47d","local_time":"20181212141215","is_ascension_mode":true,"campfire_choices":[{"data":"Footwork","floor":6.0,"key":"SMITH"},{"data":"Terror","floor":13.0,"key":"SMITH"},{"floor":15.0,"key":"REST"},{"floor":24.0,"key":"REST"}],"neow_cost":"NONE","seed_source_timestamp":227187314147645,"circlet_count":0,"master_deck":["Defend_G","Defend_G","Defend_G","Defend_G","Defend_G","Strike_G","Strike_G","Strike_G","Survivor","Neutralize","Leg Sweep","Caltrops","Footwork+1","Dagger Spray","Terror+1","Noxious Fumes","Caltrops","Predator","Footwork","Glass Knife","PiercingWail","Footwork","Deflect","Dodge and Roll","Endless Agony","Glass Knife","Deadly Poison"],"special_seed":0,"relics":["Ring of the Snake","PreservedInsect","Happy Flower","Bottled Flame","Empty Cage","Paper Crane","Dream Catcher"],"potions_floor_usage":[],"damage_taken":[{"damage":0.0,"enemies":"Small Slimes","floor":1.0,"turns":3.0},{"damage":0.0,"enemies":"Cultist","floor":2.0,"turns":5.0},{"damage":1.0,"enemies":"Jaw Worm","floor":3.0,"turns":5.0},{"damage":21.0,"enemies":"Lots of Slimes","floor":5.0,"turns":7.0},{"damage":0.0,"enemies":"Exordium Thugs","floor":7.0,"turns":6.0},{"damage":4.0,"enemies":"3 Sentries","floor":8.0,"turns":7.0},{"damage":3.0,"enemies":"3 Louse","floor":10.0,"turns":3.0},{"damage":2.0,"enemies":"Large Slime","floor":12.0,"turns":5.0},{"damage":0.0,"enemies":"2 Fungi Beasts","floor":14.0,"turns":3.0},{"damage":0.0,"enemies":"The Guardian","floor":16.0,"turns":11.0},{"damage":15.0,"enemies":"Spheric Guardian","floor":18.0,"turns":6.0},{"damage":0.0,"enemies":"Chosen","floor":20.0,"turns":6.0},{"damage":9.0,"enemies":"Centurion and Healer","floor":22.0,"turns":12.0},{"damage":26.0,"enemies":"Book of Stabbing","floor":23.0,"turns":6.0},{"damage":26.0,"enemies":"Shelled Parasite and Fungi","floor":27.0,"turns":6.0},{"damage":12,"enemies":"Snake Plant","floor":28,"turns":6},{"damage":6,"enemies":"Slavers","floor":29,"turns":2}],"seed_played":"-5875886279770479247","potions_obtained":[{"floor":1.0,"key":"SpeedPotion"},{"floor":3.0,"key":"Regen Potion"},{"floor":5.0,"key":"SkillPotion"},{"floor":10.0,"key":"Explosive Potion"},{"floor":12.0,"key":"AttackPotion"},{"floor":18.0,"key":"AttackPotion"},{"floor":20.0,"key":"FairyPotion"},{"floor":23.0,"key":"SkillPotion"}],"is_trial":false,"path_per_floor":["M","M","M","$","M","R","M","E","T","M","$","M","R","M","R","B",null,"M","$","M","$","M","E","R","?","T","M","M","E"],"character_chosen":"THE_SILENT","items_purchased":["Footwork","Caltrops","Footwork","Deflect"],"campfire_rested":2,"item_purchase_floors":[4,11,19,19],"current_hp_per_floor":[63,63,62,62,56,56,56,52,52,49,49,47,47,47,68,68,70,55,55,55,55,46,20,41,41,41,15,3,7],"gold":36,"neow_bonus":"RANDOM_COMMON_RELIC","is_prod":false,"is_daily":false,"chose_seed":false,"campfire_upgraded":2,"win_rate":0,"timestamp":1544623935,"path_taken":["M","M","M","$","M","R","M","E","T","M","$","M","R","M","R","BOSS","M","$","M","$","M","E","R","?","T","M","M","E"],"build_version":"2018-12-06","purchased_purges":0,"victory":false,"max_hp_per_floor":[70,70,70,70,70,70,70,70,70,70,70,70,70,70,70,70,70,70,70,70,70,70,70,70,70,70,70,70,70],"card_choices":[{"not_picked":["Slice","Deflect"],"picked":"Leg Sweep","floor":1.0},{"not_picked":["Flechettes","Outmaneuver","Quick Slash"],"picked":"SKIP","floor":2.0},{"not_picked":["Deflect","Dagger Spray"],"picked":"Caltrops","floor":3.0},{"not_picked":["Deadly Poison","Dodge and Roll"],"picked":"Dagger Spray","floor":5.0},{"not_picked":["Catalyst","Reflex","Eviscerate"],"picked":"SKIP","floor":7.0},{"not_picked":["Dodge and Roll","Wraith Form v2"],"picked":"Terror","floor":8.0},{"not_picked":["Backflip","Expertise"],"picked":"Noxious Fumes","floor":10.0},{"not_picked":["Infinite Blades","Dagger Throw"],"picked":"Predator","floor":12.0},{"not_picked":["Prepared","Cloak And Dagger"],"picked":"Footwork","floor":14.0},{"not_picked":["Bullet Time","Die Die Die"],"picked":"Glass Knife","floor":16.0},{"not_picked":["Prepared","Choke"],"picked":"PiercingWail","floor":18.0},{"not_picked":["Slice","Outmaneuver"],"picked":"Dodge and Roll","floor":20.0},{"not_picked":["Underhanded Strike","Reflex"],"picked":"Endless Agony","floor":22.0},{"not_picked":["Blur","Slice"],"picked":"Glass Knife","floor":23.0},{"not_picked":["Skewer","Choke"],"picked":"Deadly Poison","floor":27.0},{"not_picked":["Endless Agony","Eviscerate","Masterful Stab"],"picked":"SKIP","floor":28}],"player_experience":296513,"relics_obtained":[{"floor":8.0,"key":"Happy Flower"},{"floor":9.0,"key":"Bottled Flame"},{"floor":23.0,"key":"Paper Crane"},{"floor":26.0,"key":"Dream Catcher"}],"event_choices":[{"damage_healed":0.0,"max_hp_gain":0.0,"max_hp_loss":0.0,"gold_gain":0.0,"event_name":"Masked Bandits","player_choice":"Paid Fearfully","floor":25.0,"gold_loss":111.0,"damage_taken":0.0}],"is_beta":false,"boss_relics":[{"not_picked":["HoveringKite","White Beast Statue"],"picked":"Empty Cage"}],"items_purged_floors":[],"is_endless":false,"potions_floor_spawned":[1,3,5,10,12,18,20,23],"killed_by":"Slavers","ascension_level":6}