{"path_per_floor":["M","?","?","M","M","?","R","M","T","?","M","M","M","M","R","B",null,"M","M","$","?","M","R","M","R","T","R","M","?","R","T","R"],"character_chosen":"DEFECT","items_purchased":["Anchor","Dream Catcher","Vajra","Swift Strike"],"gold_per_floor":[118,118,293,306,322,322,322,341,341,341,366,391,409,424,424,547,547,563,586,31,31,52,52,65,65,65,65,79,79,79,130,130,130],"floor_reached":33,"campfire_rested":7,"playtime":2128,"item_purchase_floors":[20,20,20,20],"current_hp_per_floor":[75,60,60,60,60,60,75,75,75,75,66,64,51,38,60,1,75,55,49,49,35,2,26,14,38,38,62,51,51,75,75,80,0],"items_purged":[],"gold":130,"score":241,"play_id":"47cba9bb-ab40-4ca6-812f-e7634666c8b8","local_time":"20180621210822","is_prod":false,"is_daily":false,"chose_seed":false,"is_ascension_mode":false,"campfire_upgraded":0,"win_rate":0.0,"timestamp":1529611702,"campfire_choices":[{"floor":7,"key":"REST"},{"floor":15,"key":"REST"},{"floor":23,"key":"REST"},{"floor":25,"key":"REST"},{"floor":27,"key":"REST"},{"floor":30,"key":"REST"},{"floor":32,"key":"REST"}],"path_taken":["M","?","?","M","M","?","R","M","T","?","M","M","M","?","R","BOSS","M","?","$","?","M","R","M","R","T","R","M","?","R","?","R","BOSS"],"build_version":"2018-06-14v2","seed_source_timestamp":239210573035271,"purchased_purges":0,"victory":false,"master_deck":["Strike_B","Strike_B+1","Strike_B","Strike_B","Defend_B","Defend_B+1","Defend_B","Defend_B","Zap","Dualcast","Ball Lightning","Force Field","Beam Cell","Sunder","Ball Lightning","Static Discharge","Glacier","Thunder Strike","Buffer","Ball Lightning","Compile Driver+1","Swift Strike","Self Repair","Turbo","Streamline+1","Cold Snap","Fission","Self Repair+1","Normality","Force Field","Static Discharge"],"max_hp_per_floor":[75,75,75,75,75,75,75,75,75,75,75,75,75,75,75,75,75,75,75,75,80,80,80,80,80,80,80,80,80,80,80,80,80],"relics":["Cracked Core","NeowsBlessing","Golden Idol","Kunai","Inserter","Anchor","Dream Catcher","Vajra","Bottled Lightning","Pen Nib","Blood Vial"],"card_choices":[{"not_picked":["Streamline","Hologram"],"picked":"Ball Lightning","floor":1},{"not_picked":["Barrage","Beam Cell"],"picked":"Force Field","floor":4},{"not_picked":["Consume","FTL"],"picked":"Beam Cell","floor":5},{"not_picked":["Sweeping Beam","Blizzard"],"picked":"Sunder","floor":8},{"not_picked":["Steam","Scrape"],"picked":"Ball Lightning","floor":11},{"not_picked":["Rebound","Compile Driver"],"picked":"Static Discharge","floor":12},{"not_picked":["Rebound","Defragment"],"picked":"Glacier","floor":13},{"not_picked":["Sweeping Beam","FTL"],"picked":"Thunder Strike","floor":14},{"not_picked":["Echo Form","Reboot"],"picked":"Buffer","floor":16},{"not_picked":["Steam","Rebound"],"picked":"Ball Lightning","floor":18},{"not_picked":["Defragment","White Noise"],"picked":"Compile Driver+1","floor":19},{"not_picked":["Rebound","Ball Lightning"],"picked":"Self Repair","floor":22},{"not_picked":["Aggregate","Rebound+1"],"picked":"Turbo","floor":23},{"not_picked":["Hologram+1","Turbo"],"picked":"Streamline+1","floor":24},{"not_picked":["Coolheaded","Rebound"],"picked":"Cold Snap","floor":25},{"not_picked":["Turbo","Gash"],"picked":"Fission","floor":27},{"not_picked":["Doom and Gloom","FTL"],"picked":"Self Repair+1","floor":28},{"not_picked":["Chaos+1","Gash"],"picked":"Force Field","floor":30},{"not_picked":["Consume+1","Barrage"],"picked":"Static Discharge","floor":32}],"player_experience":48954,"potions_floor_usage":[],"damage_taken":[{"damage":0,"enemies":"Jaw Worm","floor":1,"turns":1},{"damage":0,"enemies":"Cultist","floor":4,"turns":1},{"damage":0,"enemies":"2 Louse","floor":5,"turns":1},{"damage":0,"enemies":"2 Fungi Beasts","floor":8,"turns":2},{"damage":9,"enemies":"Exordium Wildlife","floor":11,"turns":2},{"damage":2,"enemies":"Blue Slaver","floor":12,"turns":3},{"damage":13,"enemies":"2 Fungi Beasts","floor":13,"turns":3},{"damage":13,"enemies":"Exordium Thugs","floor":14,"turns":5},{"damage":59,"enemies":"Hexaghost","floor":16,"turns":12},{"damage":20,"enemies":"Spheric Guardian","floor":18,"turns":4},{"damage":6,"enemies":"Chosen","floor":19,"turns":6},{"damage":33,"enemies":"Centurion and Healer","floor":22,"turns":9},{"damage":19,"enemies":"Snake Plant","floor":24,"turns":5},{"damage":18,"enemies":"Chosen and Byrds","floor":28,"turns":7},{"damage":91,"enemies":"Automaton","floor":33,"turns":10}],"relics_obtained":[{"floor":9,"key":"Kunai"},{"floor":26,"key":"Bottled Lightning"},{"floor":31,"key":"Blood Vial"}],"event_choices":[{"event_name":"Shining Light","player_choice":"Entered Light","floor":2,"damage_taken":0},{"event_name":"Liars Game","player_choice":"agreed","floor":3,"damage_taken":0},{"event_name":"Golden Idol","player_choice":"Take Wound","floor":6,"damage_taken":0},{"event_name":"Fountain of Cleansing","player_choice":"Removed Curse","floor":10,"damage_taken":0},{"event_name":"Forgotten Altar","player_choice":"Shed Blood","floor":21,"damage_taken":0},{"event_name":"Accursed Blacksmith","player_choice":"Rummage","floor":29,"damage_taken":0}],"boss_relics":[{"not_picked":["Snecko Eye","Empty Cage"],"picked":"Inserter"}],"items_purged_floors":[],"is_endless":false,"potions_floor_spawned":[5,8,14,16,19,28],"seed_played":"7636120870102597384","killed_by":"Automaton","ascension_level":0,"potions_obtained":[{"floor":5,"key":"Explosive Potion"},{"floor":8,"key":"Explosive Potion"},{"floor":14,"key":"EssenceOfSteel"},{"floor":19,"key":"Explosive Potion"},{"floor":28,"key":"Fire Potion"}],"is_trial":false}