{"gold_per_floor":[112,287,287,297,247,272,272,272,353,387,3,3,19,35,35,139,139,139,64,64,64,64,64,64,64,64,64,64,64,64,64,64,64,64,64,0,0,0,0,0,0,0],"floor_reached":42,"playtime":3079,"items_purged":[],"score":673,"play_id":"7bf3e0db-125b-4337-b58d-836cce388976","local_time":"20190716235934","is_ascension_mode":true,"campfire_choices":[{"data":"Skewer","floor":8,"key":"SMITH"},{"floor":15,"key":"REST"},{"floor":24,"key":"REST"},{"floor":29,"key":"REST"},{"floor":32,"key":"REST"},{"floor":40,"key":"REST"}],"neow_cost":"NONE","seed_source_timestamp":10589557443500,"circlet_count":0,"master_deck":["Strike_G+1","Strike_G+1","Strike_G+1","Strike_G+1","Strike_G+1","Defend_G+1","Defend_G+1","Defend_G+1","Defend_G+1","Defend_G+1","Survivor","Neutralize","Skewer+1","PiercingWail","Quick Slash+1","Backflip","Footwork","Blade Dance+1","Well Laid Plans","Caltrops","Tools of the Trade","Choke+1","Cloak And Dagger","Noxious Fumes","RitualDagger","Infinite Blades+1","Blade Dance+1","Masterful Stab","Cloak And Dagger","Noxious Fumes","After Image","Backflip+1","Flechettes+1","Calculated Gamble+1","Infinite Blades"],"relics":["Ring of the Snake","NeowsBlessing","Potion Belt","Letter Opener","Calipers","Kunai","Ectoplasm","Gremlin Horn","Omamori","Pear","Paper Crane","White Beast Statue","Red Mask","The Specimen","PreservedInsect"],"potions_floor_usage":[16,19,23,25,25,31,38,39,41,42],"damage_taken":[{"damage":0,"enemies":"Small Slimes","floor":1,"turns":1},{"damage":0,"enemies":"2 Louse","floor":4,"turns":1},{"damage":0,"enemies":"Lagavulin","floor":6,"turns":1},{"damage":34,"enemies":"3 Sentries","floor":10,"turns":11},{"damage":0,"enemies":"Cultist","floor":13,"turns":2},{"damage":0,"enemies":"Blue Slaver","floor":14,"turns":4},{"damage":6,"enemies":"Hexaghost","floor":16,"turns":12},{"damage":7,"enemies":"3 Byrds","floor":18,"turns":4},{"damage":11,"enemies":"2 Thieves","floor":19,"turns":5},{"damage":25,"enemies":"Snecko","floor":20,"turns":6},{"damage":4,"enemies":"Sentry and Sphere","floor":22,"turns":4},{"damage":17,"enemies":"Gremlin Leader","floor":23,"turns":8},{"damage":10,"enemies":"Book of Stabbing","floor":25,"turns":6},{"damage":0,"enemies":"3 Cultists","floor":27,"turns":4},{"damage":21,"enemies":"Slavers","floor":31,"turns":5},{"damage":46,"enemies":"Collector","floor":33,"turns":12},{"damage":0,"enemies":"3 Shapes","floor":35,"turns":6},{"damage":0,"enemies":"3 Darklings","floor":37,"turns":5},{"damage":34,"enemies":"Transient","floor":38,"turns":5},{"damage":36,"enemies":"2 Orb Walkers","floor":39,"turns":7},{"damage":25,"enemies":"Nemesis","floor":41,"turns":9},{"damage":46,"enemies":"Writhing Mass","floor":42,"turns":3}],"seed_played":"-7821420429579179743","potions_obtained":[{"floor":1,"key":"SteroidPotion"},{"floor":6,"key":"Dexterity Potion"},{"floor":13,"key":"GhostInAJar"},{"floor":20,"key":"GamblersBrew"},{"floor":23,"key":"SkillPotion"},{"floor":27,"key":"EssenceOfSteel"},{"floor":33,"key":"LiquidBronze"},{"floor":35,"key":"SteroidPotion"},{"floor":37,"key":"Swift Potion"},{"floor":38,"key":"Dexterity Potion"},{"floor":39,"key":"AttackPotion"},{"floor":41,"key":"SkillPotion"}],"is_trial":false,"path_per_floor":["M","?","?","M","?","E","?","R","T","E","$","?","M","M","R","B",null,"M","M","M","?","M","E","R","E","T","M","?","R","?","E","R","B",null,"M","?","M","M","?","R","E","M"],"character_chosen":"THE_SILENT","items_purchased":["Footwork","Kunai","Blade Dance"],"campfire_rested":5,"item_purchase_floors":[11,11,11],"current_hp_per_floor":[70,70,75,75,75,75,60,60,60,26,26,26,26,26,48,42,75,68,57,32,26,22,5,27,17,27,27,27,52,52,31,56,10,85,85,85,85,51,15,40,15,0],"gold":0,"neow_bonus":"THREE_ENEMY_KILL","is_prod":false,"is_daily":false,"chose_seed":false,"campfire_upgraded":1,"win_rate":0,"timestamp":1563335974,"path_taken":["M","?","?","M","?","E","?","R","T","E","?","?","M","?","R","BOSS","M","M","M","?","M","E","R","E","T","M","?","R","?","E","R","BOSS","M","?","M","M","?","R","E","M"],"build_version":"2019-07-05","purchased_purges":0,"victory":false,"max_hp_per_floor":[70,70,75,75,75,75,75,75,75,75,75,75,75,75,75,75,75,75,75,75,75,75,75,75,75,85,85,85,85,85,85,85,85,85,85,85,85,85,85,85,85,85],"card_choices":[{"not_picked":["Blade Dance","Reflex"],"picked":"Skewer","floor":1},{"not_picked":["Accuracy","Blur"],"picked":"PiercingWail","floor":4},{"not_picked":["Skewer","Flying Knee"],"picked":"Quick Slash","floor":6},{"not_picked":["PiercingWail","Catalyst"],"picked":"Backflip","floor":10},{"not_picked":["Backflip","Deadly Poison"],"picked":"Well Laid Plans","floor":13},{"not_picked":["Well Laid Plans","Dagger Spray"],"picked":"Caltrops","floor":14},{"not_picked":["Venomology","Bullet Time"],"picked":"Tools of the Trade","floor":16},{"not_picked":["Poisoned Stab+1","Skewer"],"picked":"Choke+1","floor":18},{"not_picked":["Dagger Spray","Flying Knee+1"],"picked":"Cloak And Dagger","floor":19},{"not_picked":["Concentrate+1","Eviscerate"],"picked":"Noxious Fumes","floor":20},{"not_picked":["Slice","Dagger Throw+1"],"picked":"Infinite Blades+1","floor":22},{"not_picked":["Catalyst","Bane"],"picked":"Blade Dance+1","floor":23},{"not_picked":["Underhanded Strike","Venomology"],"picked":"Masterful Stab","floor":25},{"not_picked":["Acrobatics","Setup"],"picked":"Cloak And Dagger","floor":27},{"not_picked":["Acrobatics","Slice"],"picked":"Noxious Fumes","floor":31},{"not_picked":["Venomology","Unload"],"picked":"After Image","floor":33},{"not_picked":["Finisher","Poisoned Stab"],"picked":"Backflip+1","floor":35},{"not_picked":["Choke","Bane"],"picked":"Flechettes+1","floor":37},{"not_picked":["Eviscerate+1","Flying Knee+1"],"picked":"Calculated Gamble+1","floor":38},{"not_picked":["Dash","PiercingWail"],"picked":"Infinite Blades","floor":41}],"player_experience":370497,"relics_obtained":[{"floor":6,"key":"Potion Belt"},{"floor":9,"key":"Letter Opener"},{"floor":10,"key":"Calipers"},{"floor":23,"key":"Gremlin Horn"},{"floor":25,"key":"Omamori"},{"floor":26,"key":"Pear"},{"floor":31,"key":"Paper Crane"},{"floor":39,"key":"The Specimen"},{"floor":41,"key":"PreservedInsect"}],"event_choices":[{"damage_healed":0,"gold_gain":175,"player_choice":"AGREE","damage_taken":0,"max_hp_gain":0,"max_hp_loss":0,"event_name":"Liars Game","floor":2,"gold_loss":0,"cards_obtained":["Doubt"]},{"damage_healed":0,"gold_gain":0,"player_choice":"Donut","damage_taken":0,"max_hp_gain":5,"max_hp_loss":0,"event_name":"Big Fish","floor":3,"gold_loss":0},{"cards_removed":["Doubt"],"damage_healed":0,"gold_gain":0,"player_choice":"Card Removal","damage_taken":0,"max_hp_gain":0,"max_hp_loss":0,"event_name":"The Cleric","floor":5,"gold_loss":50},{"damage_healed":0,"gold_gain":0,"player_choice":"Entered Light","damage_taken":15,"max_hp_gain":0,"max_hp_loss":0,"event_name":"Shining Light","floor":7,"gold_loss":0,"cards_upgraded":["Quick Slash","Defend_G"]},{"damage_healed":0,"gold_gain":0,"player_choice":"Forge","damage_taken":0,"max_hp_gain":0,"max_hp_loss":0,"event_name":"Accursed Blacksmith","floor":12,"gold_loss":0,"cards_upgraded":["Blade Dance"]},{"damage_healed":0,"gold_gain":0,"player_choice":"Joined the Cult","damage_taken":6,"max_hp_gain":0,"max_hp_loss":0,"event_name":"Nest","floor":21,"gold_loss":0,"cards_obtained":["RitualDagger"]},{"damage_healed":0,"gold_gain":0,"player_choice":"Ignored","damage_taken":0,"max_hp_gain":0,"max_hp_loss":0,"event_name":"Cursed Tome","floor":28,"gold_loss":0},{"damage_healed":0,"gold_gain":0,"player_choice":"Simplicity","damage_taken":0,"max_hp_gain":0,"max_hp_loss":0,"event_name":"Back to Basics","floor":30,"gold_loss":0,"cards_upgraded":["Strike_G","Strike_G","Strike_G","Strike_G","Strike_G","Defend_G","Defend_G","Defend_G","Defend_G"]},{"damage_healed":0,"gold_gain":0,"player_choice":"Paid","damage_taken":0,"relics_obtained":["Red Mask"],"max_hp_gain":0,"max_hp_loss":0,"event_name":"Tomb of Lord Red Mask","floor":36,"gold_loss":64},{"damage_healed":0,"gold_gain":0,"player_choice":"Fight","damage_taken":0,"max_hp_gain":0,"max_hp_loss":0,"event_name":"Mysterious Sphere","floor":39,"gold_loss":0}],"is_beta":false,"boss_relics":[{"not_picked":["HoveringKite","Runic Pyramid"],"picked":"Ectoplasm"},{"not_picked":["Sozu","Snecko Eye"],"picked":"White Beast Statue"}],"items_purged_floors":[],"is_endless":false,"potions_floor_spawned":[1,6,13,20,23,27,33,35,37,38,39,41],"killed_by":"Writhing Mass","ascension_level":4}