{"gold_per_floor":[117,192,192,192,23,23,40,40,63,63,83,83,117,131,131,230,230,219,22,22,39,59,59,73,73,73,84,32,32,57,72,72,72],"floor_reached":33,"playtime":1693,"items_purged":["Injury"],"score":406,"play_id":"26c46113-efe8-4578-9536-5dee30df5b0c","local_time":"20190728001553","is_ascension_mode":true,"campfire_choices":[{"data":"Impatience","floor":6,"key":"SMITH"},{"data":"Feel No Pain","floor":10,"key":"SMITH"},{"data":"Bash","floor":12,"key":"SMITH"},{"floor":15,"key":"REST"},{"data":"True Grit","floor":23,"key":"SMITH"},{"data":"True Grit","floor":25,"key":"SMITH"},{"data":"Armaments","floor":29,"key":"SMITH"},{"data":"Flame Barrier","floor":32,"key":"SMITH"}],"neow_cost":"CURSE","seed_source_timestamp":552053054861200,"circlet_count":0,"master_deck":["Strike_R","Strike_R","Strike_R","Strike_R","Strike_R","Defend_R","Defend_R","Defend_R","Defend_R","Bash+1","True Grit+1","Impatience+1","Feel No Pain+1","Flame Barrier+1","True Grit+1","Disarm","Offering","Disarm","Inflame","True Grit+1","Pommel Strike+1","Pain","Exhume","Armaments+1","Intimidate+1","Anger+1"],"relics":["Burning Blood","Charon\u0027s Ashes","Dream Catcher","Orichalcum","Cursed Key","Medical Kit","Blue Candle","Blood Vial"],"potions_floor_usage":[16,16,33],"damage_taken":[{"damage":3,"enemies":"Jaw Worm","floor":1,"turns":5},{"damage":10,"enemies":"2 Louse","floor":7,"turns":3},{"damage":10,"enemies":"Cultist","floor":11,"turns":5},{"damage":41,"enemies":"Lagavulin","floor":13,"turns":8},{"damage":15,"enemies":"3 Louse","floor":14,"turns":5},{"damage":27,"enemies":"Hexaghost","floor":16,"turns":19},{"damage":9,"enemies":"2 Thieves","floor":18,"turns":4},{"damage":31,"enemies":"Spheric Guardian","floor":21,"turns":7},{"damage":9,"enemies":"Snake Plant","floor":22,"turns":6},{"damage":9,"enemies":"Shelled Parasite and Fungi","floor":24,"turns":8},{"damage":7,"enemies":"Centurion and Healer","floor":27,"turns":8},{"damage":13,"enemies":"Gremlin Leader","floor":30,"turns":9},{"damage":9,"enemies":"Chosen and Byrds","floor":31,"turns":7},{"damage":67,"enemies":"Champ","floor":33,"turns":11}],"seed_played":"8999457237048853365","potions_obtained":[{"floor":11,"key":"Weak Potion"},{"floor":13,"key":"FearPotion"},{"floor":14,"key":"Fire Potion"},{"floor":16,"key":"Ancient Potion"},{"floor":24,"key":"Ancient Potion"},{"floor":30,"key":"Strength Potion"}],"is_trial":false,"path_per_floor":["M","?","?","?","$","R","M","$","T","R","M","R","E","M","R","B",null,"M","$","?","M","M","R","M","R","T","M","$","R","E","M","R","B"],"character_chosen":"IRONCLAD","items_purchased":["Impatience","Medical Kit","Armaments"],"campfire_rested":1,"item_purchase_floors":[5,19,28],"current_hp_per_floor":[75,64,69,69,69,69,65,65,65,65,61,61,26,17,42,21,69,66,66,85,60,57,57,54,54,54,53,53,53,46,45,45,0],"gold":72,"neow_bonus":"ONE_RARE_RELIC","is_prod":false,"is_daily":false,"chose_seed":false,"campfire_upgraded":7,"win_rate":0,"timestamp":1564287353,"path_taken":["M","?","?","?","$","R","?","?","T","R","M","R","E","M","R","BOSS","M","$","?","?","?","R","M","R","T","M","?","R","E","M","R","BOSS"],"build_version":"2019-07-17","purchased_purges":1,"victory":false,"max_hp_per_floor":[80,80,85,85,85,85,85,85,85,85,85,85,85,85,85,85,85,85,85,85,85,85,85,85,85,85,85,85,85,85,85,85,85],"card_choices":[{"not_picked":["Blood for Blood","Havoc"],"picked":"True Grit","floor":1},{"not_picked":["Dropkick","Hemokinesis"],"picked":"Feel No Pain","floor":7},{"not_picked":["Heavy Blade","Iron Wave","Thunderclap"],"picked":"SKIP","floor":11},{"not_picked":["Clothesline","Twin Strike"],"picked":"Flame Barrier","floor":13},{"not_picked":["Heavy Blade","Body Slam"],"picked":"True Grit","floor":14},{"not_picked":["Body Slam","Wild Strike"],"picked":"Disarm","floor":15},{"not_picked":["Double Tap","Feed"],"picked":"Offering","floor":16},{"not_picked":["Havoc","Pummel"],"picked":"Disarm","floor":18},{"not_picked":["Rupture","Pommel Strike"],"picked":"Inflame","floor":21},{"not_picked":["Evolve+1","Iron Wave"],"picked":"True Grit","floor":22},{"not_picked":["Heavy Blade","Anger"],"picked":"Pommel Strike+1","floor":24},{"not_picked":["Combust+1","Havoc+1"],"picked":"Exhume","floor":27},{"not_picked":["Flame Barrier","Clash"],"picked":"Intimidate+1","floor":30},{"not_picked":["Reckless Charge","Clothesline"],"picked":"Anger+1","floor":31}],"player_experience":559844,"relics_obtained":[{"floor":9,"key":"Dream Catcher"},{"floor":13,"key":"Orichalcum"},{"floor":26,"key":"Blue Candle"},{"floor":30,"key":"Blood Vial"}],"event_choices":[{"damage_healed":0,"gold_gain":75,"player_choice":"Gather Gold","damage_taken":11,"max_hp_gain":0,"max_hp_loss":0,"event_name":"World of Goop","floor":2,"gold_loss":0},{"damage_healed":0,"gold_gain":0,"player_choice":"Donut","damage_taken":0,"max_hp_gain":5,"max_hp_loss":0,"event_name":"Big Fish","floor":3,"gold_loss":0},{"damage_healed":0,"gold_gain":0,"player_choice":"Grow","damage_taken":0,"max_hp_gain":0,"max_hp_loss":0,"event_name":"Living Wall","floor":4,"gold_loss":0,"cards_upgraded":["True Grit"]},{"damage_healed":19,"gold_gain":0,"player_choice":"Full Heal","damage_taken":0,"max_hp_gain":0,"max_hp_loss":0,"event_name":"Wheel of Change","floor":20,"gold_loss":0}],"is_beta":false,"boss_relics":[{"not_picked":["Runic Cube","Busted Crown"],"picked":"Cursed Key"}],"items_purged_floors":[5],"is_endless":false,"potions_floor_spawned":[11,13,14,16,24,30],"killed_by":"Champ","ascension_level":8}