{"gold_per_floor":[12,26,26,45,45,45,77,42,342,367,427,447,25,45,45,143,143,161,175,100,0,0,34,34,61,61,86,86,4,31,43,43,138,138,158,89,164,176,58,58,58,84,109,123,90,109,109,138,138,138],"floor_reached":51,"playtime":3544,"items_purged":["Strike_R","Strike_R"],"score":1457,"play_id":"b2c3dd55-270c-46f6-a76a-7583eb9c47c6","local_time":"20190813194331","is_ascension_mode":true,"campfire_choices":[{"data":"Armaments","floor":6,"key":"SMITH"},{"data":"Fiend Fire","floor":15,"key":"SMITH"},{"floor":28,"key":"REST"},{"data":"Feel No Pain","floor":32,"key":"SMITH"},{"data":"Demon Form","floor":40,"key":"SMITH"},{"data":"Juggernaut","floor":47,"key":"SMITH"},{"data":"Feel No Pain","floor":49,"key":"SMITH"}],"neow_cost":"NO_GOLD","seed_source_timestamp":120131029255400,"circlet_count":0,"master_deck":["AscendersBane","Defend_R","Defend_R","Defend_R","Bash","Twin Strike","Shrug It Off","Armaments+1","True Grit","Battle Trance","Shrug It Off","Fiend Fire+1","Shrug It Off","Juggernaut+1","Dark Embrace","Feel No Pain+1","Sever Soul","Blood for Blood","Demon Form+1","Flame Barrier+1","True Grit+1","Exhume+1","Shrug It Off+1","Whirlwind","Burning Pact","Feel No Pain+1","Heavy Blade","Power Through+1","Seeing Red","Shockwave+1"],"relics":["Burning Blood","Gambling Chip","Dead Branch","Old Coin","Nunchaku","Anchor","Oddly Smooth Stone","Snecko Eye","Pocketwatch","Matryoshka","Pantograph","Self Forming Clay","Pen Nib","Bag of Marbles","Astrolabe","Shuriken","PreservedInsect","Red Skull","Bronze Scales"],"potions_floor_usage":[7,11,19,33,33,44,50,50],"damage_taken":[{"damage":1,"enemies":"Cultist","floor":1,"turns":3},{"damage":2,"enemies":"2 Louse","floor":2,"turns":4},{"damage":4,"enemies":"Jaw Worm","floor":4,"turns":3},{"damage":25,"enemies":"Gremlin Nob","floor":7,"turns":5},{"damage":9,"enemies":"3 Sentries","floor":10,"turns":8},{"damage":41,"enemies":"Gremlin Nob","floor":11,"turns":5},{"damage":7,"enemies":"2 Fungi Beasts","floor":12,"turns":6},{"damage":6,"enemies":"Large Slime","floor":14,"turns":6},{"damage":15,"enemies":"The Guardian","floor":16,"turns":12},{"damage":18,"enemies":"Spheric Guardian","floor":18,"turns":4},{"damage":0,"enemies":"3 Byrds","floor":19,"turns":6},{"damage":6,"enemies":"Book of Stabbing","floor":23,"turns":6},{"damage":11,"enemies":"Slavers","floor":25,"turns":5},{"damage":39,"enemies":"Gremlin Leader","floor":27,"turns":4},{"damage":0,"enemies":"Book of Stabbing","floor":30,"turns":4},{"damage":0,"enemies":"Sentry and Sphere","floor":31,"turns":3},{"damage":18,"enemies":"Collector","floor":33,"turns":6},{"damage":0,"enemies":"Orb Walker","floor":35,"turns":3},{"damage":0,"enemies":"3 Darklings","floor":38,"turns":2},{"damage":0,"enemies":"Reptomancer","floor":42,"turns":3},{"damage":14,"enemies":"Maw","floor":44,"turns":5},{"damage":8,"enemies":"4 Shapes","floor":46,"turns":3},{"damage":22,"enemies":"Nemesis","floor":48,"turns":7},{"damage":5,"enemies":"Donu and Deca","floor":50,"turns":6}],"seed_played":"928895492454836503","potions_obtained":[{"floor":2,"key":"EssenceOfSteel"},{"floor":10,"key":"Block Potion"},{"floor":12,"key":"EssenceOfSteel"},{"floor":14,"key":"Weak Potion"},{"floor":23,"key":"EssenceOfSteel"},{"floor":33,"key":"PowerPotion"},{"floor":42,"key":"Weak Potion"},{"floor":44,"key":"AttackPotion"},{"floor":48,"key":"Dexterity Potion"}],"is_trial":false,"path_per_floor":["M","M","$","M","?","R","E","$","T","E","?","M","$","M","R","B",null,"M","M","?","$","?","E","?","E","T","E","R","$","E","M","R","B",null,"M","$","?","M","$","R","$","E","T","M","$","M","R","E","R","B",null],"character_chosen":"IRONCLAD","items_purchased":["Battle Trance","Oddly Smooth Stone","Fiend Fire","Shrug It Off","Sever Soul","Whirlwind","Feel No Pain","Heavy Blade","Seeing Red"],"campfire_rested":1,"item_purchase_floors":[8,13,13,13,29,36,39,39,45],"current_hp_per_floor":[77,80,80,80,80,80,61,61,61,58,23,22,22,22,22,13,63,51,57,57,57,57,57,57,52,52,19,43,43,49,55,55,68,77,80,80,72,78,78,78,78,80,80,72,72,70,70,54,54,80],"gold":138,"neow_bonus":"ONE_RARE_RELIC","is_prod":false,"is_daily":false,"chose_seed":false,"campfire_upgraded":6,"win_rate":0,"timestamp":1565739811,"path_taken":["M","M","$","M","?","R","E","$","T","E","?","M","?","M","R","BOSS","M","M","?","$","?","E","?","E","T","E","R","$","E","M","R","BOSS","M","$","?","M","$","R","$","E","T","M","?","M","R","E","R","BOSS"],"build_version":"2019-07-17","purchased_purges":2,"victory":true,"max_hp_per_floor":[80,80,80,80,80,80,80,80,80,80,80,80,80,80,80,80,80,80,80,80,80,80,80,80,80,80,80,80,80,80,80,80,80,80,80,80,80,80,80,80,80,80,80,80,80,80,80,80,80,80],"card_choices":[{"not_picked":["Headbutt","True Grit"],"picked":"Twin Strike","floor":1},{"not_picked":["Dropkick","Anger"],"picked":"Shrug It Off","floor":2},{"not_picked":["Wild Strike","Searing Blow"],"picked":"Armaments","floor":4},{"not_picked":["Iron Wave","Clothesline"],"picked":"True Grit","floor":7},{"not_picked":["Havoc","Blood for Blood","Body Slam"],"picked":"SKIP","floor":10},{"not_picked":["Twin Strike","Exhume"],"picked":"Shrug It Off","floor":11},{"not_picked":["Headbutt","Heavy Blade","Twin Strike"],"picked":"SKIP","floor":12},{"not_picked":["Armaments","Fire Breathing","Evolve"],"picked":"SKIP","floor":14},{"not_picked":["Brutality","Berserk"],"picked":"Juggernaut","floor":16},{"not_picked":["Cleave","Clash","Headbutt"],"picked":"SKIP","floor":18},{"not_picked":["Cleave","True Grit","Sentinel"],"picked":"SKIP","floor":19},{"not_picked":["Iron Wave","Clash+1","Ghostly Armor"],"picked":"SKIP","floor":23},{"not_picked":["Flex","Brutality"],"picked":"Dark Embrace","floor":25},{"not_picked":["Heavy Blade","Shockwave"],"picked":"Feel No Pain","floor":27},{"not_picked":["Thunderclap","Body Slam","Limit Break"],"picked":"SKIP","floor":30},{"not_picked":["Sword Boomerang","Ghostly Armor"],"picked":"Blood for Blood","floor":31},{"not_picked":["Offering","Fiend Fire"],"picked":"Demon Form","floor":33},{"not_picked":["Havoc+1","Iron Wave+1"],"picked":"Shrug It Off+1","floor":35},{"not_picked":["Bloodletting","Pommel Strike"],"picked":"Burning Pact","floor":38},{"not_picked":["Pommel Strike","Anger"],"picked":"Power Through+1","floor":42},{"not_picked":["Sword Boomerang+1","Searing Blow","Inflame"],"picked":"SKIP","floor":44},{"not_picked":["Clash","Heavy Blade"],"picked":"Shockwave+1","floor":46},{"not_picked":["True Grit","Warcry","Blood for Blood"],"picked":"SKIP","floor":48}],"player_experience":728011,"relics_obtained":[{"floor":7,"key":"Dead Branch"},{"floor":9,"key":"Old Coin"},{"floor":10,"key":"Nunchaku"},{"floor":11,"key":"Anchor"},{"floor":23,"key":"Pocketwatch"},{"floor":25,"key":"Matryoshka"},{"floor":26,"key":"Pantograph"},{"floor":26,"key":"Self Forming Clay"},{"floor":27,"key":"Pen Nib"},{"floor":30,"key":"Bag of Marbles"},{"floor":42,"key":"Shuriken"},{"floor":43,"key":"PreservedInsect"},{"floor":43,"key":"Red Skull"},{"floor":48,"key":"Bronze Scales"}],"event_choices":[{"damage_healed":0,"gold_gain":0,"player_choice":"Leave","damage_taken":0,"max_hp_gain":0,"max_hp_loss":0,"event_name":"The Cleric","floor":5,"gold_loss":0},{"damage_healed":0,"gold_gain":0,"player_choice":"Searched \u00271\u0027 times","damage_taken":0,"max_hp_gain":0,"max_hp_loss":0,"event_name":"Dead Adventurer","floor":11,"gold_loss":0},{"cards_removed":["Strike_R"],"damage_healed":0,"gold_gain":0,"player_choice":"Gave Gold","damage_taken":0,"max_hp_gain":0,"max_hp_loss":0,"event_name":"Beggar","floor":20,"gold_loss":75},{"damage_healed":0,"gold_gain":0,"player_choice":"Ignored","damage_taken":0,"max_hp_gain":0,"max_hp_loss":0,"event_name":"The Mausoleum","floor":24,"gold_loss":0},{"damage_healed":0,"gold_gain":75,"player_choice":"Touch","damage_taken":8,"max_hp_gain":0,"max_hp_loss":0,"event_name":"FaceTrader","floor":37,"gold_loss":0}],"is_beta":false,"boss_relics":[{"not_picked":["White Beast Statue","Eternal Feather"],"picked":"Snecko Eye"},{"not_picked":["Runic Dome","Pandora\u0027s Box"],"picked":"Astrolabe"}],"items_purged_floors":[13,21],"is_endless":false,"potions_floor_spawned":[2,10,12,14,23,31,33,42,44,46,48],"ascension_level":12}