{"gold_per_floor":[109,109,129,94,104,104,130,147,170,170,27,44,55,73,73,150,150,169,2,12,31,31,56,56,56],"floor_reached":25,"playtime":1105,"items_purged":["Strike_G"],"score":394,"play_id":"7a597bea-972e-486a-a4ae-8e50ee7b3f88","local_time":"20190802161042","is_ascension_mode":true,"campfire_choices":[{"data":"Glass Knife","floor":6,"key":"SMITH"},{"floor":10,"key":"REST"},{"data":"Noxious Fumes","floor":15,"key":"SMITH"},{"data":"Malaise","floor":24,"key":"SMITH"}],"neow_cost":"PERCENT_DAMAGE","seed_source_timestamp":1041951505615200,"circlet_count":0,"master_deck":["AscendersBane","Strike_G","Defend_G","Defend_G","Defend_G","Defend_G","Defend_G","Survivor","Neutralize","Malaise+1","Glass Knife+1","Sucker Punch","Prepared","Deadly Poison","Noxious Fumes+1","Adrenaline","Dash","Cloak And Dagger","Backflip","Backflip","Bouncing Flask","Acrobatics","Cloak And Dagger+1"],"relics":["Ring of the Snake","Bronze Scales","Centennial Puzzle","Philosopher\u0027s Stone","Potion Belt"],"potions_floor_usage":[7,16,20,21],"damage_taken":[{"damage":0,"enemies":"Jaw Worm","floor":1,"turns":6},{"damage":0,"enemies":"2 Louse","floor":3,"turns":3},{"damage":0,"enemies":"Cultist","floor":5,"turns":3},{"damage":31,"enemies":"Gremlin Nob","floor":7,"turns":7},{"damage":7,"enemies":"Exordium Wildlife","floor":8,"turns":4},{"damage":0,"enemies":"Red Slaver","floor":12,"turns":2},{"damage":0,"enemies":"2 Fungi Beasts","floor":13,"turns":3},{"damage":0,"enemies":"Large Slime","floor":14,"turns":6},{"damage":8,"enemies":"Hexaghost","floor":16,"turns":9},{"damage":0,"enemies":"Shell Parasite","floor":18,"turns":5},{"damage":3,"enemies":"3 Byrds","floor":20,"turns":2},{"damage":15,"enemies":"Snecko","floor":21,"turns":4},{"damage":4,"enemies":"Book of Stabbing","floor":23,"turns":6},{"damage":35,"enemies":"Gremlin Leader","floor":25,"turns":5}],"seed_played":"5163686195860636992","potions_obtained":[{"floor":1,"key":"SpeedPotion"},{"floor":7,"key":"AttackPotion"},{"floor":14,"key":"Ancient Potion"},{"floor":16,"key":"Fire Potion"},{"floor":18,"key":"Poison Potion"}],"is_trial":false,"path_per_floor":["M","?","M","?","M","R","E","M","T","R","$","M","M","M","R","B",null,"M","$","M","M","?","E","R","E"],"character_chosen":"THE_SILENT","items_purchased":["Adrenaline","Backflip","Bouncing Flask"],"campfire_rested":1,"item_purchase_floors":[11,19,19],"current_hp_per_floor":[44,37,37,53,53,53,22,15,15,34,34,34,34,34,34,26,56,56,56,53,38,38,34,34,0],"gold":56,"neow_bonus":"TRANSFORM_TWO_CARDS","is_prod":false,"is_daily":false,"chose_seed":false,"campfire_upgraded":3,"win_rate":0,"timestamp":1564776642,"path_taken":["M","?","M","?","M","R","E","M","T","R","$","M","?","M","R","BOSS","M","$","M","M","?","E","R","E"],"build_version":"2019-07-17","purchased_purges":1,"victory":false,"max_hp_per_floor":[66,66,66,66,66,66,66,66,66,66,66,66,66,66,66,66,66,66,66,66,66,66,66,66,66],"card_choices":[{"not_picked":["Riddle With Holes","Bane"],"picked":"Sucker Punch","floor":1},{"not_picked":["Acrobatics","Deadly Poison"],"picked":"Prepared","floor":3},{"not_picked":["Outmaneuver","Flechettes","Dodge and Roll"],"picked":"SKIP","floor":5},{"not_picked":["Distraction","Prepared"],"picked":"Deadly Poison","floor":7},{"not_picked":["Acrobatics","Sucker Punch"],"picked":"Noxious Fumes","floor":8},{"not_picked":["Glass Knife","Bane"],"picked":"Dash","floor":12},{"not_picked":["Bane","Dodge and Roll"],"picked":"Cloak And Dagger","floor":13},{"not_picked":["Heel Hook","Eviscerate","Skewer"],"picked":"SKIP","floor":14},{"not_picked":["PiercingWail","Poisoned Stab"],"picked":"Backflip","floor":18},{"not_picked":["Backflip","Slice"],"picked":"Acrobatics","floor":20},{"not_picked":["Dagger Throw","Calculated Gamble"],"picked":"Cloak And Dagger+1","floor":21},{"not_picked":["Doppelganger","Outmaneuver+1","Underhanded Strike"],"picked":"SKIP","floor":23}],"player_experience":630412,"relics_obtained":[{"floor":7,"key":"Bronze Scales"},{"floor":9,"key":"Centennial Puzzle"},{"floor":23,"key":"Potion Belt"}],"event_choices":[{"cards_removed":["Strike_G"],"damage_healed":0,"gold_gain":0,"player_choice":"Card Removal","damage_taken":7,"max_hp_gain":0,"max_hp_loss":0,"event_name":"Golden Wing","floor":2,"gold_loss":0},{"damage_healed":16,"gold_gain":0,"player_choice":"Healed","damage_taken":0,"max_hp_gain":0,"max_hp_loss":0,"event_name":"The Cleric","floor":4,"gold_loss":35},{"damage_healed":0,"gold_gain":0,"player_choice":"Ignored","damage_taken":0,"max_hp_gain":0,"max_hp_loss":0,"event_name":"Ghosts","floor":22,"gold_loss":0}],"is_beta":false,"boss_relics":[{"not_picked":["HoveringKite","Fusion Hammer"],"picked":"Philosopher\u0027s Stone"}],"items_purged_floors":[19],"is_endless":false,"potions_floor_spawned":[1,7,14,16,18],"killed_by":"Gremlin Leader","ascension_level":15}