{"gold_per_floor":[119,119,194,209,17,42,42,68,92,110,127,143,143,175,175,270,270,287,287,307,321,321],"floor_reached":22,"playtime":1580,"items_purged":[],"score":254,"play_id":"15cffebc-5988-4ecb-b346-9d8950a768c8","local_time":"20181225000342","is_ascension_mode":true,"campfire_choices":[{"data":"Body Slam","floor":7.0,"key":"SMITH"},{"data":"Combust","floor":13.0,"key":"SMITH"},{"floor":15.0,"key":"REST"}],"neow_cost":"NONE","seed_source_timestamp":0,"circlet_count":0,"master_deck":["Strike_R","Strike_R","Strike_R","Strike_R","Defend_R","Defend_R","Defend_R","Defend_R","Bash","Body Slam+1","Combust+1","Inflame","Reaper","Disarm","Iron Wave","Warcry"],"special_seed":0,"relics":["Burning Blood","NeowsBlessing","Vajra","Blood Vial","Potion Belt","Bronze Scales","Smiling Mask","Runic Pyramid"],"potions_floor_usage":[22,22],"damage_taken":[{"damage":0.0,"enemies":"Cultist","floor":1.0,"turns":1.0},{"damage":0.0,"enemies":"2 Louse","floor":4.0,"turns":1.0},{"damage":0.0,"enemies":"Lagavulin","floor":6.0,"turns":1.0},{"damage":32.0,"enemies":"Gremlin Nob","floor":8.0,"turns":4.0},{"damage":0.0,"enemies":"Small Slimes","floor":10.0,"turns":3.0},{"damage":16.0,"enemies":"3 Louse","floor":11.0,"turns":2.0},{"damage":2.0,"enemies":"Large Slime","floor":12.0,"turns":5.0},{"damage":26.0,"enemies":"Lagavulin","floor":14.0,"turns":7.0},{"damage":46.0,"enemies":"Hexaghost","floor":16.0,"turns":6.0},{"damage":25,"enemies":"Spheric Guardian","floor":18,"turns":4},{"damage":13,"enemies":"Chosen","floor":20,"turns":5},{"damage":49,"enemies":"Snecko","floor":21,"turns":7},{"damage":54,"enemies":"Masked Bandits","floor":22,"turns":3}],"seed_played":"-1385170645462319511","potions_obtained":[{"floor":6.0,"key":"Energy Potion"},{"floor":11.0,"key":"Strength Potion"},{"floor":14.0,"key":"FearPotion"},{"floor":18,"key":"Regen Potion"},{"floor":20,"key":"FearPotion"}],"is_trial":false,"path_per_floor":["M","?","?","M","$","E","R","E","T","M","M","M","R","E","R","B",null,"M","?","M","M","?"],"character_chosen":"IRONCLAD","items_purchased":["Vajra","Body Slam"],"campfire_rested":1,"item_purchase_floors":[5,5],"current_hp_per_floor":[80,80,69,75,75,80,80,54,54,62,54,60,60,42,66,28,80,61,61,66,32,0],"gold":321,"neow_bonus":"THREE_ENEMY_KILL","is_prod":false,"is_daily":false,"chose_seed":false,"campfire_upgraded":2,"win_rate":0,"timestamp":1545725022,"path_taken":["M","?","?","M","$","E","R","E","T","M","M","M","R","E","R","BOSS","M","?","M","M","?"],"build_version":"2018-12-20","purchased_purges":0,"victory":false,"max_hp_per_floor":[80,80,80,80,80,80,80,80,80,80,80,80,80,80,80,80,80,80,80,80,80,80],"card_choices":[{"not_picked":["Armaments","Wild Strike","Flex"],"picked":"SKIP","floor":1.0},{"not_picked":["Thunderclap","Warcry","Twin Strike"],"picked":"SKIP","floor":4.0},{"not_picked":["Uppercut","Flex","Rampage"],"picked":"SKIP","floor":6.0},{"not_picked":["Body Slam","Fiend Fire","Heavy Blade"],"picked":"SKIP","floor":8.0},{"not_picked":["Wild Strike","Perfected Strike"],"picked":"Combust","floor":10.0},{"not_picked":["Dual Wield","Perfected Strike","Body Slam"],"picked":"SKIP","floor":11.0},{"not_picked":["Headbutt","Seeing Red","Carnage"],"picked":"SKIP","floor":12.0},{"not_picked":["Entrench","Dual Wield"],"picked":"Inflame","floor":14.0},{"not_picked":["Dark Embrace","Immolate"],"picked":"Reaper","floor":16.0},{"not_picked":["Havoc","Blood for Blood"],"picked":"Disarm","floor":18},{"not_picked":["True Grit+1","Body Slam"],"picked":"Iron Wave","floor":20},{"not_picked":["Fire Breathing+1","Sentinel"],"picked":"Warcry","floor":21}],"player_experience":179455,"relics_obtained":[{"floor":6.0,"key":"Blood Vial"},{"floor":8.0,"key":"Potion Belt"},{"floor":9.0,"key":"Bronze Scales"},{"floor":14.0,"key":"Smiling Mask"}],"event_choices":[{"cards_removed":["Strike_R"],"damage_healed":0.0,"max_hp_gain":0.0,"max_hp_loss":0.0,"gold_gain":0.0,"event_name":"Living Wall","player_choice":"Forget","floor":2.0,"gold_loss":0.0,"damage_taken":0.0},{"damage_healed":0.0,"max_hp_gain":0.0,"max_hp_loss":0.0,"gold_gain":75.0,"event_name":"World of Goop","player_choice":"Gather Gold","floor":3.0,"gold_loss":0.0,"damage_taken":11.0},{"damage_healed":0,"gold_gain":0,"player_choice":"Ignored","damage_taken":0,"max_hp_gain":0,"max_hp_loss":0,"event_name":"Ghosts","floor":19,"gold_loss":0},{"damage_healed":0,"gold_gain":0,"player_choice":"Fought Bandits","damage_taken":0,"max_hp_gain":0,"max_hp_loss":0,"event_name":"Masked Bandits","floor":22,"gold_loss":0}],"is_beta":false,"boss_relics":[{"not_picked":["Philosopher\u0027s Stone","Mark of Pain"],"picked":"Runic Pyramid"}],"items_purged_floors":[],"is_endless":false,"potions_floor_spawned":[6,11,14,18,20],"killed_by":"Masked Bandits","ascension_level":2}