{"gold_per_floor":[144,189,3,48,123,123,123,168,168,258,303,303,348,393,393,693,693,738,42,141,186,14,14,104,104,129,329,389,389,434,434,434,434],"floor_reached":33,"playtime":1536,"items_purged":[],"score":317,"play_id":"0b84a66b-8680-4ae8-9c28-d1b0be647aeb","local_time":"20181010085047","daily_mods":["Cursed Run","Colorless Cards","Midas"],"is_ascension_mode":false,"campfire_choices":[{"floor":6,"key":"REST"},{"floor":12,"key":"REST"},{"floor":15,"key":"REST"},{"floor":23,"key":"REST"},{"floor":25,"key":"DIG"},{"floor":29,"key":"DIG"},{"floor":32,"key":"DIG"}],"neow_cost":"","seed_source_timestamp":0,"circlet_count":0,"master_deck":["Strike_R","Strike_R","Strike_R","Strike_R","Strike_R","Defend_R","Defend_R","Defend_R","Defend_R","Bash","Twin Strike","Shrug It Off","Panache","Finesse","Infernal Blade","Parasite","Jack Of All Trades","Metallicize","Dramatic Entrance","Flex","Regret","The Bomb","Bandage Up+1","Pummel","Warcry","Flex","Headbutt","Flash of Steel","Cleave","Discovery","Normality","Shrug It Off+1","Flex+1"],"special_seed":17814,"relics":["Cursed Key","Darkstone Periapt","Du-Vu Doll","Centennial Puzzle","Lantern","Runic Cube","FossilizedHelix","ClockworkSouvenir","Vajra","Shovel","Strawberry","Ancient Tea Set","Omamori","Frozen Egg 2","Thread and Needle"],"potions_floor_usage":[16,16,24,24,30,33],"damage_taken":[{"damage":1,"enemies":"Cultist","floor":1,"turns":3},{"damage":7,"enemies":"2 Louse","floor":2,"turns":3},{"damage":0,"enemies":"Jaw Worm","floor":4,"turns":3},{"damage":8,"enemies":"2 Fungi Beasts","floor":8,"turns":3},{"damage":4,"enemies":"3 Sentries","floor":10,"turns":6},{"damage":3,"enemies":"3 Louse","floor":11,"turns":2},{"damage":6,"enemies":"Exordium Thugs","floor":13,"turns":4},{"damage":0,"enemies":"Exordium Wildlife","floor":14,"turns":2},{"damage":86,"enemies":"Hexaghost","floor":16,"turns":13},{"damage":34,"enemies":"2 Thieves","floor":18,"turns":4},{"damage":9,"enemies":"Shell Parasite","floor":21,"turns":4},{"damage":24,"enemies":"Book of Stabbing","floor":24,"turns":6},{"damage":25,"enemies":"Centurion and Healer","floor":28,"turns":4},{"damage":6,"enemies":"Chosen and Byrds","floor":30,"turns":5},{"damage":70,"enemies":"Collector","floor":33,"turns":8}],"seed_played":"2650368186018201532","potions_obtained":[{"floor":13,"key":"Regen Potion"},{"floor":14,"key":"SteroidPotion"},{"floor":16,"key":"Weak Potion"},{"floor":18,"key":"Dexterity Potion"},{"floor":28,"key":"Block Potion"},{"floor":30,"key":"Energy Potion"}],"is_trial":false,"path_per_floor":["M","M","$","M","?","R","?","M","T","E","M","R","M","M","R","B",null,"M","$","?","M","$","R","E","R","T","?","M","R","M","?","R"],"character_chosen":"IRONCLAD","items_purchased":["Panache","FossilizedHelix","ClockworkSouvenir","Pummel","Warcry","Flex","Headbutt","Vajra","Cleave"],"campfire_rested":4,"item_purchase_floors":[3,19,19,19,19,19,19,22,22],"current_hp_per_floor":[79,72,72,72,61,80,80,72,78,74,71,86,80,80,86,16,92,58,58,58,55,55,82,64,71,77,77,58,58,58,58,58,0],"gold":434,"neow_bonus":"","is_prod":false,"is_daily":true,"chose_seed":false,"campfire_upgraded":0,"win_rate":0,"timestamp":1539175847,"path_taken":["M","M","?","?","?","R","?","?","T","E","?","R","M","M","R","BOSS","M","$","?","M","$","R","E","R","T","?","?","R","M","?","R","BOSS"],"build_version":"2018-10-04v2","purchased_purges":0,"victory":false,"max_hp_per_floor":[80,80,80,80,80,80,80,80,86,86,86,86,86,86,86,92,92,92,92,92,92,92,92,92,99,105,105,105,105,105,105,105,105],"card_choices":[{"not_picked":["True Grit","Armaments"],"picked":"Twin Strike","floor":1},{"not_picked":["Twin Strike","Pommel Strike"],"picked":"Shrug It Off","floor":2},{"not_picked":["Flex","Shrug It Off"],"picked":"Finesse","floor":4},{"not_picked":["Pommel Strike","Wild Strike"],"picked":"Infernal Blade","floor":8},{"not_picked":["Blind","Discovery"],"picked":"Jack Of All Trades","floor":10},{"not_picked":["Twin Strike","Fire Breathing"],"picked":"Metallicize","floor":11},{"not_picked":["Burning Pact","Corruption"],"picked":"Dramatic Entrance","floor":13},{"not_picked":["Burning Pact","Finesse"],"picked":"Flex","floor":14},{"not_picked":["Reaper","Double Tap"],"picked":"The Bomb","floor":16},{"not_picked":["Mind Blast","Pommel Strike"],"picked":"Bandage Up+1","floor":18},{"not_picked":["Headbutt+1","Heavy Blade+1"],"picked":"Flash of Steel","floor":21},{"not_picked":["Dark Shackles+1","Flex+1"],"picked":"Discovery","floor":24},{"not_picked":["True Grit","Searing Blow"],"picked":"Shrug It Off+1","floor":28},{"not_picked":["Finesse+1","Wild Strike"],"picked":"Flex+1","floor":30}],"player_experience":431144,"relics_obtained":[{"floor":9,"key":"Centennial Puzzle"},{"floor":10,"key":"Lantern"},{"floor":24,"key":"Shovel"},{"floor":25,"key":"Strawberry"},{"floor":26,"key":"Ancient Tea Set"},{"floor":29,"key":"Omamori"},{"floor":32,"key":"Thread and Needle"}],"event_choices":[{"event_name":"World of Goop","player_choice":"Gather Gold","floor":5,"damage_taken":0},{"event_name":"The Cleric","player_choice":"Leave","floor":7,"damage_taken":0},{"event_name":"Nest","player_choice":"Stole From Cult","floor":20,"damage_taken":0},{"event_name":"Wheel of Change","player_choice":"Gold","floor":27,"damage_taken":0},{"event_name":"Addict","player_choice":"Stole Relic","floor":31,"damage_taken":0}],"is_beta":false,"boss_relics":[{"not_picked":["Philosopher\u0027s Stone","Fusion Hammer"],"picked":"Runic Cube"}],"items_purged_floors":[],"is_endless":false,"potions_floor_spawned":[13,14,16,18,28,30],"killed_by":"Collector","ascension_level":0}