{"gold_per_floor":[115,115,130,130,130,157,157,170,170,200,210,141,141,154,154,255,255,273,285,285,300,300,300,329,357,383,383,408,442,442,453,453,551,551,563,345,345,345,2,2,17,32,57,57,89,107,107,125,125,125,125,125,125,156,156],"floor_reached":56,"playtime":4171,"items_purged":[],"score":1387,"play_id":"de115924-c8fd-472d-8931-63e250c75093","local_time":"20190708194300","is_ascension_mode":true,"campfire_choices":[{"data":"Neutralize","floor":7,"key":"SMITH"},{"floor":13,"key":"REST"},{"data":"Cloak And Dagger","floor":15,"key":"SMITH"},{"floor":23,"key":"RECALL"},{"data":"Footwork","floor":27,"key":"SMITH"},{"data":"Adrenaline","floor":30,"key":"SMITH"},{"data":"Blur","floor":32,"key":"SMITH"},{"data":"Cloak And Dagger","floor":40,"key":"SMITH"},{"data":"Burst","floor":44,"key":"SMITH"},{"data":"Noxious Fumes","floor":47,"key":"SMITH"},{"floor":49,"key":"DIG"},{"floor":52,"key":"DIG"}],"neow_cost":"NONE","seed_source_timestamp":341773394204882,"circlet_count":0,"master_deck":["Strike_G","Strike_G","Defend_G","Defend_G","Defend_G","Defend_G","Survivor","Neutralize+1","Backstab+1","Dagger Throw+1","Blade Dance+1","Backflip","Cloak And Dagger+1","Deflect+1","Backflip+1","Footwork+1","Adrenaline+1","Leg Sweep+1","Sucker Punch+1","Flying Knee+1","Outmaneuver+1","Blur+1","Acrobatics+1","Prepared","Slice","Noxious Fumes+1","Burst+1","Outmaneuver+1","Noxious Fumes+1","Cloak And Dagger+1","Cloak And Dagger+1","Slice","Terror+1","Outmaneuver+1","Escape Plan+1","Blade Dance+1"],"relics":["Black Star","StoneCalendar","Blood Vial","Calipers","Shuriken","Astrolabe","Enchiridion","MutagenicStrength","WingedGreaves","Dream Catcher","Whetstone","Lantern","PreservedInsect","Dodecahedron","War Paint","Boot","Mercury Hourglass","Runic Pyramid","Oddly Smooth Stone","Ice Cream","Bag of Preparation","Shovel","Pantograph","Ornamental Fan","Pear","Orichalcum","Kunai"],"potions_floor_usage":[6,16,21,33,33,50,54,55],"damage_taken":[{"damage":2,"enemies":"Small Slimes","floor":1,"turns":6},{"damage":0,"enemies":"Cultist","floor":3,"turns":3},{"damage":43,"enemies":"Gremlin Nob","floor":6,"turns":5},{"damage":0,"enemies":"2 Louse","floor":8,"turns":1},{"damage":27,"enemies":"Lagavulin","floor":10,"turns":7},{"damage":0,"enemies":"Red Slaver","floor":11,"turns":4},{"damage":0,"enemies":"Large Slime","floor":14,"turns":4},{"damage":13,"enemies":"The Guardian","floor":16,"turns":9},{"damage":3,"enemies":"2 Thieves","floor":18,"turns":4},{"damage":0,"enemies":"3 Byrds","floor":19,"turns":4},{"damage":0,"enemies":"Snecko","floor":21,"turns":4},{"damage":21,"enemies":"Slavers","floor":24,"turns":4},{"damage":3,"enemies":"Gremlin Leader","floor":25,"turns":7},{"damage":2,"enemies":"Book of Stabbing","floor":28,"turns":3},{"damage":0,"enemies":"Gremlin Leader","floor":29,"turns":8},{"damage":0,"enemies":"Centurion and Healer","floor":31,"turns":5},{"damage":6,"enemies":"Collector","floor":33,"turns":8},{"damage":6,"enemies":"Orb Walker","floor":35,"turns":3},{"damage":0,"enemies":"3 Darklings","floor":41,"turns":4},{"damage":0,"enemies":"Spire Growth","floor":42,"turns":5},{"damage":5,"enemies":"Reptomancer","floor":45,"turns":5},{"damage":0,"enemies":"Sphere and 2 Shapes","floor":46,"turns":5},{"damage":0,"enemies":"4 Shapes","floor":48,"turns":4},{"damage":3,"enemies":"Awakened One","floor":50,"turns":12},{"damage":0,"enemies":"Shield and Spear","floor":54,"turns":5},{"damage":48,"enemies":"The Heart","floor":55,"turns":8}],"seed_played":"-1169234014915790490","potions_obtained":[{"floor":1,"key":"FearPotion"},{"floor":10,"key":"Ancient Potion"},{"floor":14,"key":"GamblersBrew"},{"floor":16,"key":"Explosive Potion"},{"floor":19,"key":"GamblersBrew"},{"floor":24,"key":"FairyPotion"},{"floor":25,"key":"Block Potion"},{"floor":33,"key":"FearPotion"},{"floor":41,"key":"GhostInAJar"},{"floor":45,"key":"Dexterity Potion"},{"floor":54,"key":"Energy Potion"}],"is_trial":false,"path_per_floor":["M","?","M","?","?","E","R","M","T","E","M","$","R","M","R","B",null,"M","M","?","M","?","R","E","E","T","R","E","E","R","M","R","B",null,"M","$","?","?","$","R","M","M","T","R","E","M","R","M","R","B",null,"R","$","E","B",null],"character_chosen":"THE_SILENT","items_purchased":["Footwork","Oddly Smooth Stone","Noxious Fumes","Ice Cream","Cloak And Dagger"],"campfire_rested":1,"item_purchase_floors":[12,36,36,39,39],"current_hp_per_floor":[68,68,68,73,73,30,30,32,32,7,9,9,31,33,33,22,75,72,74,58,60,60,60,41,40,40,40,40,42,42,44,44,40,75,69,69,69,69,69,69,71,73,73,73,70,72,72,74,74,72,75,85,85,85,37],"gold":156,"neow_bonus":"BOSS_RELIC","is_prod":false,"is_daily":false,"chose_seed":false,"campfire_upgraded":8,"win_rate":0,"timestamp":1562650980,"path_taken":["M","?","?","?","?","E","R","M","T","E","M","$","R","?","R","BOSS","M","M","?","M","?","R","E","E","T","R","E","E","R","M","R","BOSS","M","$","?","?","?","R","M","M","T","R","E","M","R","?","R","BOSS","R","$","E","BOSS"],"build_version":"2019-07-05","purchased_purges":0,"victory":true,"max_hp_per_floor":[70,70,70,75,75,75,75,75,75,75,75,75,75,75,75,75,75,75,75,75,75,75,75,75,75,75,75,75,75,75,75,75,75,75,75,75,75,75,75,75,75,75,75,75,75,75,75,75,75,75,75,85,85,85,85],"card_choices":[{"not_picked":["Dagger Throw","PiercingWail"],"picked":"Backstab","floor":1},{"not_picked":["Quick Slash","Riddle With Holes"],"picked":"Blade Dance","floor":3},{"not_picked":["Crippling Poison","Dagger Spray"],"picked":"Backflip","floor":6},{"not_picked":["Deadly Poison","Acrobatics"],"picked":"Cloak And Dagger","floor":8},{"not_picked":["Backflip","Underhanded Strike"],"picked":"Deflect","floor":10},{"not_picked":["Well Laid Plans","Dagger Throw"],"picked":"Backflip","floor":11},{"not_picked":["Reflex","Dodge and Roll","Underhanded Strike"],"picked":"SKIP","floor":14},{"not_picked":["Die Die Die","Storm of Steel"],"picked":"Adrenaline","floor":16},{"not_picked":["Catalyst","Deflect+1"],"picked":"Flying Knee+1","floor":18},{"not_picked":["Skewer","Underhanded Strike"],"picked":"Outmaneuver+1","floor":19},{"not_picked":["Tactician","Flechettes","Deadly Poison+1"],"picked":"SKIP","floor":21},{"not_picked":["Sucker Punch","Tactician+1"],"picked":"Blur","floor":24},{"not_picked":["Cloak And Dagger","Quick Slash"],"picked":"Acrobatics+1","floor":25},{"not_picked":["Dodge and Roll","Flechettes"],"picked":"Prepared","floor":28},{"not_picked":["Skewer","Night Terror"],"picked":"Slice","floor":29},{"not_picked":["Deflect","Poisoned Stab"],"picked":"Noxious Fumes+1","floor":31},{"not_picked":["Doppelganger","After Image"],"picked":"Burst","floor":33},{"not_picked":["Reflex","Predator"],"picked":"Outmaneuver+1","floor":35},{"not_picked":["Terror","Backflip"],"picked":"Cloak And Dagger+1","floor":41},{"not_picked":["Flying Knee","Quick Slash+1"],"picked":"Slice","floor":42},{"not_picked":["Dash","Dodge and Roll"],"picked":"Terror+1","floor":45},{"not_picked":["Dash+1","Dagger Throw+1"],"picked":"Outmaneuver+1","floor":46},{"not_picked":["Bane+1","Backflip"],"picked":"Escape Plan+1","floor":48},{"not_picked":["Expertise+1","Deflect"],"picked":"Blade Dance+1","floor":54}],"player_experience":66694,"relics_obtained":[{"floor":6,"key":"StoneCalendar"},{"floor":6,"key":"Blood Vial"},{"floor":10,"key":"Calipers"},{"floor":10,"key":"Shuriken"},{"floor":20,"key":"Enchiridion"},{"floor":24,"key":"WingedGreaves"},{"floor":24,"key":"Dream Catcher"},{"floor":25,"key":"Whetstone"},{"floor":25,"key":"Lantern"},{"floor":26,"key":"PreservedInsect"},{"floor":28,"key":"Dodecahedron"},{"floor":28,"key":"War Paint"},{"floor":29,"key":"Boot"},{"floor":29,"key":"Mercury Hourglass"},{"floor":43,"key":"Bag of Preparation"},{"floor":45,"key":"Shovel"},{"floor":45,"key":"Pantograph"},{"floor":49,"key":"Ornamental Fan"},{"floor":52,"key":"Pear"},{"floor":54,"key":"Orichalcum"},{"floor":54,"key":"Kunai"}],"event_choices":[{"damage_healed":0,"gold_gain":0,"cards_transformed":["Strike_G"],"player_choice":"Transformed","damage_taken":0,"max_hp_gain":0,"max_hp_loss":0,"event_name":"Transmorgrifier","floor":2,"gold_loss":0,"cards_obtained":["Dagger Throw"]},{"damage_healed":0,"gold_gain":0,"player_choice":"Donut","damage_taken":0,"max_hp_gain":5,"max_hp_loss":0,"event_name":"Big Fish","floor":4,"gold_loss":0},{"damage_healed":0,"gold_gain":0,"player_choice":"Upgraded","damage_taken":0,"max_hp_gain":0,"max_hp_loss":0,"event_name":"Upgrade Shrine","floor":5,"gold_loss":0,"cards_upgraded":["Blade Dance"]},{"damage_healed":0,"gold_gain":0,"player_choice":"Obtained Book","damage_taken":16,"max_hp_gain":0,"max_hp_loss":0,"event_name":"Cursed Tome","floor":20,"gold_loss":0},{"damage_healed":0,"gold_gain":0,"player_choice":"Inject Mutagens","damage_taken":0,"relics_obtained":["MutagenicStrength"],"max_hp_gain":0,"max_hp_loss":0,"event_name":"Drug Dealer","floor":22,"gold_loss":0},{"damage_healed":0,"gold_gain":0,"player_choice":"Ignored","damage_taken":0,"max_hp_gain":0,"max_hp_loss":0,"event_name":"Tomb of Lord Red Mask","floor":37,"gold_loss":0},{"cards_removed":["Dagger Spray"],"damage_healed":0,"gold_gain":0,"player_choice":"Removed Attack","damage_taken":0,"max_hp_gain":0,"max_hp_loss":0,"event_name":"Falling","floor":38,"gold_loss":0}],"is_beta":false,"boss_relics":[{"not_picked":["White Beast Statue","Philosopher\u0027s Stone"],"picked":"Astrolabe"},{"not_picked":["Coffee Dripper","Runic Dome"],"picked":"Runic Pyramid"}],"items_purged_floors":[],"is_endless":false,"potions_floor_spawned":[1,10,14,16,19,24,25,29,33,41,45,46,54],"ascension_level":1}