{"gold_per_floor":[114,114,129,154,169,184,214,214,214,244,0,0,0,19,19,19],"floor_reached":16,"playtime":1404,"items_purged":[],"score":310,"play_id":"62045291-867a-4aa4-bde3-d4b18d24631d","local_time":"20180823122852","daily_mods":["Insanity","Binary","Hoarder"],"is_ascension_mode":false,"campfire_choices":[{"data":"Metallicize","floor":8,"key":"SMITH"},{"data":"Armaments","floor":15,"key":"SMITH"}],"neow_cost":"","seed_source_timestamp":0,"circlet_count":0,"master_deck":["Reckless Charge","Carnage","Double Tap","Iron Wave","Shrug It Off","Wild Strike","Rupture","Metallicize+1","Anger","Intimidate","Shrug It Off","Exhume","Disarm","Thunderclap","Ghostly Armor","Reaper","Twin Strike","Demon Form","Dark Embrace","Shrug It Off","Bludgeon","Juggernaut","Perfected Strike","Seeing Red","Defend_R+1","Seeing Red","Dual Wield","Bash","Warcry","Inflame","Searing Blow","True Grit","Fire Breathing+1","Dropkick","True Grit","Twin Strike","Dual Wield","Clash","Clothesline","Dual Wield","Feel No Pain","Reckless Charge","Dual Wield+1","Entrench","Reaper","Whirlwind","Twin Strike","Armaments+1","Combust","Entrench","Iron Wave","Iron Wave","Iron Wave","Perfected Strike","Perfected Strike","Perfected Strike","Headbutt","Headbutt","Headbutt","Sword Boomerang","Sword Boomerang","Sword Boomerang","Hemokinesis","Hemokinesis","Hemokinesis","Thunderclap","Thunderclap","Thunderclap","Evolve","Evolve","Evolve","Bandage Up","Bandage Up","Bandage Up","Rampage","Rampage","Rampage","Armaments","Armaments","Armaments","Injury","Injury","Injury","Fire Breathing","Fire Breathing","Fire Breathing"],"special_seed":17766,"relics":["Burning Blood","War Paint","Dodecahedron","Juzu Bracelet","Bottled Tornado","Golden Idol"],"potions_floor_usage":[6,7,16],"damage_taken":[{"damage":5,"enemies":"Jaw Worm","floor":1,"turns":6},{"damage":8,"enemies":"Cultist","floor":3,"turns":4},{"damage":14,"enemies":"2 Louse","floor":5,"turns":4},{"damage":19,"enemies":"Gremlin Gang","floor":6,"turns":3},{"damage":21,"enemies":"Lagavulin","floor":7,"turns":5},{"damage":47,"enemies":"3 Sentries","floor":10,"turns":7},{"damage":35,"enemies":"Exordium Thugs","floor":14,"turns":5},{"damage":36,"enemies":"The Guardian","floor":16,"turns":6}],"seed_played":"633193296058416102","potions_obtained":[{"floor":3,"key":"Explosive Potion"},{"floor":6,"key":"Weak Potion"},{"floor":14,"key":"Ancient Potion"}],"is_trial":false,"path_per_floor":["M","?","M","T","M","M","E","R","T","E","$","?","$","M","R"],"character_chosen":"IRONCLAD","items_purchased":["Evolve","Bandage Up","Rampage","Armaments"],"campfire_rested":0,"item_purchase_floors":[11,11,11,11],"current_hp_per_floor":[80,80,80,80,80,67,59,59,59,53,53,53,53,36,36,0],"gold":19,"neow_bonus":"","is_prod":false,"is_daily":true,"chose_seed":false,"campfire_upgraded":2,"win_rate":0,"timestamp":1535041732,"path_taken":["M","?","?","?","?","M","E","R","T","E","$","?","$","M","R","BOSS"],"build_version":"2018-08-16","purchased_purges":0,"victory":false,"max_hp_per_floor":[80,80,80,80,80,80,80,80,80,80,80,80,80,80,80,80],"card_choices":[{"not_picked":["Anger"],"picked":"Iron Wave","floor":1},{"not_picked":["Fire Breathing"],"picked":"Perfected Strike","floor":3},{"not_picked":["Combust"],"picked":"Headbutt","floor":5},{"not_picked":["Shrug It Off"],"picked":"Sword Boomerang","floor":6},{"not_picked":["Sword Boomerang"],"picked":"Hemokinesis","floor":7},{"not_picked":["Headbutt"],"picked":"Thunderclap","floor":10},{"not_picked":["Wild Strike"],"picked":"Fire Breathing","floor":14}],"player_experience":334335,"relics_obtained":[{"floor":4,"key":"War Paint"},{"floor":7,"key":"Dodecahedron"},{"floor":9,"key":"Juzu Bracelet"},{"floor":10,"key":"Bottled Tornado"}],"event_choices":[{"event_name":"Upgrade Shrine","player_choice":"Upgraded","floor":2,"damage_taken":0},{"event_name":"Golden Idol","player_choice":"Take Wound","floor":12,"damage_taken":0}],"is_beta":false,"boss_relics":[],"items_purged_floors":[],"is_endless":false,"potions_floor_spawned":[3,6,14],"killed_by":"The Guardian","ascension_level":0}