{"gold_per_floor":[112,112,72,83,60,60,71,98,98,127,144,160,190,205,205,276,276,296,154,154,173,187,187,198,198,198,230,230,145,476,486,486,562,562,575,575,586,586,597,597,626,645,645,645,401,291,303,12,12,12],"floor_reached":51,"playtime":2548,"items_purged":["Strike_R","Strike_R"],"score":1277,"play_id":"649cef93-15ee-4e84-8878-ef52bf81feb7","local_time":"20190706201010","is_ascension_mode":true,"campfire_choices":[{"data":"Perfected Strike","floor":6.0,"key":"SMITH"},{"data":"Armaments","floor":15.0,"key":"SMITH"},{"data":"Immolate","floor":23.0,"key":"SMITH"},{"floor":25.0,"key":"REST"},{"floor":32.0,"key":"REST"},{"floor":40.0,"key":"REST"},{"data":"Sword Boomerang","floor":44.0,"key":"SMITH"},{"floor":49.0,"key":"REST"}],"neow_cost":"NONE","seed_source_timestamp":1248793967512910,"circlet_count":0,"master_deck":["AscendersBane","Strike_R+1","Defend_R","Defend_R","Defend_R","Bash+1","Shrug It Off","Perfected Strike+1","Shrug It Off+1","Anger","Armaments+1","Feel No Pain+1","Twin Strike","Twin Strike","Demon Form+1","Immolate+1","Sword Boomerang+1","Metallicize+1","Warcry","Sword Boomerang+1","Corruption+1","Exhume","Demon Form+1","Apotheosis","True Grit","True Grit+1","Clumsy","Impervious","Bandage Up"],"special_seed":0,"relics":["Burning Blood","Singing Bowl","Frozen Egg 2","Blue Candle","Lantern","Snecko Eye","Juzu Bracelet","Pantograph","Vajra","Old Coin","Cursed Key","Happy Flower","Shuriken","Toy Ornithopter"],"potions_floor_usage":[50,50],"damage_taken":[{"damage":3.0,"enemies":"2 Louse","floor":1.0,"turns":4.0},{"damage":2.0,"enemies":"Jaw Worm","floor":4.0,"turns":4.0},{"damage":0.0,"enemies":"Cultist","floor":7.0,"turns":3.0},{"damage":16.0,"enemies":"Gremlin Nob","floor":8.0,"turns":3.0},{"damage":14.0,"enemies":"3 Sentries","floor":10.0,"turns":9.0},{"damage":6.0,"enemies":"Looter","floor":11.0,"turns":3.0},{"damage":5.0,"enemies":"Lots of Slimes","floor":12.0,"turns":5.0},{"damage":26.0,"enemies":"Gremlin Nob","floor":13.0,"turns":4.0},{"damage":1.0,"enemies":"2 Fungi Beasts","floor":14.0,"turns":3.0},{"damage":48.0,"enemies":"Hexaghost","floor":16.0,"turns":9.0},{"damage":0.0,"enemies":"Chosen","floor":18.0,"turns":3.0},{"damage":27.0,"enemies":"3 Byrds","floor":21.0,"turns":6.0},{"damage":11.0,"enemies":"Snake Plant","floor":22.0,"turns":3.0},{"damage":29.0,"enemies":"Centurion and Healer","floor":24.0,"turns":4.0},{"damage":21.0,"enemies":"Slavers","floor":27.0,"turns":3.0},{"damage":24.0,"enemies":"Book of Stabbing","floor":30.0,"turns":5.0},{"damage":0.0,"enemies":"Cultist and Chosen","floor":31.0,"turns":3.0},{"damage":65.0,"enemies":"Collector","floor":33.0,"turns":7.0},{"damage":0.0,"enemies":"3 Darklings","floor":35.0,"turns":2.0},{"damage":15.0,"enemies":"3 Shapes","floor":37.0,"turns":5.0},{"damage":28.0,"enemies":"3 Darklings","floor":39.0,"turns":5.0},{"damage":15.0,"enemies":"Nemesis","floor":41.0,"turns":5.0},{"damage":0.0,"enemies":"Maw","floor":42.0,"turns":5.0},{"damage":0.0,"enemies":"Jaw Worm Horde","floor":47.0,"turns":3.0},{"damage":50,"enemies":"Awakened One","floor":50,"turns":8}],"seed_played":"6183519397834389081","potions_obtained":[{"floor":3.0,"key":"Swift Potion"},{"floor":3.0,"key":"AttackPotion"},{"floor":7.0,"key":"BloodPotion"},{"floor":10.0,"key":"GamblersBrew"},{"floor":11.0,"key":"Strength Potion"},{"floor":16.0,"key":"Ancient Potion"},{"floor":18.0,"key":"GamblersBrew"},{"floor":27.0,"key":"Strength Potion"},{"floor":30.0,"key":"GamblersBrew"},{"floor":33.0,"key":"Ancient Potion"},{"floor":41.0,"key":"Weak Potion"},{"floor":47.0,"key":"EssenceOfSteel"}],"is_trial":false,"path_per_floor":["M","?","?","M","$","R","M","E","T","E","M","M","E","M","R","B",null,"M","$","?","M","M","R","M","R","T","E","?","?","E","M","R","B",null,"M","?","M","?","M","R","E","M","T","R","$","?","M","$","R","B",null],"character_chosen":"IRONCLAD","items_purchased":["Shrug It Off","Metallicize+1","Impervious","Bandage Up","Toy Ornithopter"],"campfire_rested":4,"item_purchase_floors":[5,19,45,48,48],"current_hp_per_floor":[78,53,53,57,57,57,63,74,74,66,66,67,47,52,52,10,66,72,72,72,51,48,48,27,53,53,38,38,38,20,28,55,21,73,81,81,74,74,52,80,73,79,79,79,79,79,87,87,98,65],"gold":12,"neow_bonus":"TEN_PERCENT_HP_BONUS","is_prod":false,"is_daily":false,"chose_seed":false,"campfire_upgraded":4,"win_rate":0,"timestamp":1562461810,"path_taken":["M","?","?","M","$","R","M","E","T","E","?","M","E","M","R","BOSS","M","$","?","?","M","R","M","R","T","E","?","?","E","M","R","BOSS","M","?","M","?","M","R","E","M","T","R","$","?","M","$","R","BOSS"],"build_version":"2019-07-05","purchased_purges":2,"victory":true,"max_hp_per_floor":[82,82,82,82,82,82,82,84,84,84,84,84,84,84,84,84,84,84,84,84,84,86,86,88,88,88,88,88,88,88,90,90,90,90,92,92,94,94,94,94,96,96,96,96,96,96,98,98,98,98],"card_choices":[{"not_picked":["Warcry","Headbutt"],"picked":"Shrug It Off","floor":1.0},{"not_picked":["Dual Wield","Hemokinesis"],"picked":"Perfected Strike","floor":4.0},{"not_picked":["Iron Wave","Heavy Blade"],"picked":"Anger","floor":7.0},{"not_picked":["Dark Embrace","Heavy Blade","Thunderclap"],"picked":"Singing Bowl","floor":8.0},{"not_picked":["True Grit","Heavy Blade"],"picked":"Armaments","floor":10.0},{"not_picked":["Armaments","Flex"],"picked":"Feel No Pain+1","floor":11.0},{"not_picked":["Barricade+1","Iron Wave"],"picked":"Twin Strike","floor":12.0},{"not_picked":["Armaments","Carnage"],"picked":"Twin Strike","floor":13.0},{"not_picked":["Havoc","Twin Strike"],"picked":"Demon Form+1","floor":14.0},{"not_picked":["Exhume","Impervious"],"picked":"Immolate","floor":16.0},{"not_picked":["Anger","Iron Wave"],"picked":"Sword Boomerang","floor":18.0},{"not_picked":["Thunderclap","Body Slam"],"picked":"Sword Boomerang+1","floor":21.0},{"not_picked":["Havoc","Heavy Blade","Fire Breathing+1"],"picked":"Singing Bowl","floor":22.0},{"not_picked":["Blood for Blood","Pommel Strike","Body Slam"],"picked":"Singing Bowl","floor":24.0},{"not_picked":["Twin Strike","True Grit"],"picked":"Corruption+1","floor":27.0},{"not_picked":["Sever Soul","Armaments"],"picked":"Exhume","floor":30.0},{"not_picked":["Headbutt","Sword Boomerang","Cleave"],"picked":"Singing Bowl","floor":31.0},{"not_picked":["Barricade+1","Exhume"],"picked":"Demon Form+1","floor":33.0},{"not_picked":["Twin Strike","Sever Soul","Pummel+1"],"picked":"Singing Bowl","floor":35.0},{"not_picked":["Finesse","Swift Strike"],"picked":"Apotheosis","floor":36.0},{"not_picked":["Searing Blow","Rage","Clash"],"picked":"Singing Bowl","floor":37.0},{"not_picked":["Iron Wave","Havoc"],"picked":"True Grit","floor":39.0},{"not_picked":["Clothesline","Ghostly Armor","Dropkick"],"picked":"Singing Bowl","floor":41.0},{"not_picked":["Armaments","Second Wind+1"],"picked":"True Grit+1","floor":42.0},{"not_picked":["Perfected Strike","Warcry+1","Uppercut"],"picked":"Singing Bowl","floor":47.0}],"player_experience":158527,"relics_obtained":[{"floor":8.0,"key":"Singing Bowl"},{"floor":9.0,"key":"Frozen Egg 2"},{"floor":10.0,"key":"Blue Candle"},{"floor":13.0,"key":"Lantern"},{"floor":26.0,"key":"Juzu Bracelet"},{"floor":27.0,"key":"Pantograph"},{"floor":30.0,"key":"Old Coin"},{"floor":41.0,"key":"Happy Flower"},{"floor":43.0,"key":"Shuriken"}],"event_choices":[{"damage_healed":0.0,"max_hp_gain":0.0,"max_hp_loss":0.0,"gold_gain":0.0,"event_name":"Shining Light","player_choice":"Entered Light","floor":2.0,"gold_loss":0.0,"damage_taken":25.0,"cards_upgraded":["Strike_R","Bash"]},{"damage_healed":0.0,"max_hp_gain":0.0,"max_hp_loss":0.0,"gold_gain":0.0,"event_name":"The Woman in Blue","player_choice":"Bought 3 Potions","floor":3.0,"gold_loss":0.0,"damage_taken":0.0},{"damage_healed":0.0,"max_hp_gain":0.0,"max_hp_loss":0.0,"gold_gain":0.0,"cards_transformed":["Strike_R"],"event_name":"Transmorgrifier","player_choice":"Transformed","floor":20.0,"gold_loss":0.0,"damage_taken":0.0,"cards_obtained":["Warcry"]},{"damage_healed":0.0,"max_hp_gain":0.0,"max_hp_loss":0.0,"gold_gain":0.0,"event_name":"The Mausoleum","player_choice":"Ignored","floor":28.0,"gold_loss":0.0,"damage_taken":0.0},{"damage_healed":0.0,"max_hp_gain":0.0,"max_hp_loss":0.0,"gold_gain":0.0,"event_name":"Addict","player_choice":"Obtained Relic","floor":29.0,"gold_loss":85.0,"damage_taken":0.0,"relics_obtained":["Vajra"]},{"damage_healed":0.0,"max_hp_gain":0.0,"max_hp_loss":0.0,"gold_gain":0.0,"event_name":"SensoryStone","player_choice":"Memory 1","floor":36.0,"gold_loss":0.0,"damage_taken":0.0},{"cards_removed":["Defend_R"],"damage_healed":0.0,"max_hp_gain":0.0,"max_hp_loss":0.0,"gold_gain":0.0,"event_name":"Falling","player_choice":"Removed Skill","floor":38.0,"gold_loss":0.0,"damage_taken":0.0},{"cards_removed":["Strike_R"],"damage_healed":0.0,"max_hp_gain":0.0,"max_hp_loss":0.0,"gold_gain":0.0,"event_name":"Designer","player_choice":"Upgrade and Remove","floor":46.0,"gold_loss":110.0,"damage_taken":0.0,"cards_upgraded":["Shrug It Off"]}],"is_beta":false,"boss_relics":[{"not_picked":["Eternal Feather","Pandora\u0027s Box"],"picked":"Snecko Eye"},{"not_picked":["Runic Cube","Sozu"],"picked":"Cursed Key"}],"items_purged_floors":[19,45],"is_endless":false,"potions_floor_spawned":[7,10,11,16,18,27,30,31,33,35,39,41,47],"ascension_level":15}