{"gold_per_floor":[116,116,291,366,382,408,408,421,421,431,37,37,57,71,71,71],"floor_reached":16,"playtime":3255,"items_purged":[],"score":107,"play_id":"61d8fa4f-4f0f-4eb4-8fed-5be80f7b91d1","local_time":"20190310173834","is_ascension_mode":true,"campfire_choices":[{"floor":7,"key":"REST"},{"floor":12,"key":"REST"},{"data":"Bludgeon","floor":15,"key":"SMITH"}],"neow_cost":"NONE","seed_source_timestamp":8353466653248,"circlet_count":0,"master_deck":["Strike_R","Strike_R","Strike_R","Strike_R","Strike_R","Defend_R","Defend_R","Defend_R","Defend_R","Bash","Twin Strike","Doubt","Inflame","Pommel Strike","Thunderclap","Dropkick","Metallicize","Flash of Steel","Pommel Strike","Feel No Pain","Bludgeon+1"],"relics":["Burning Blood","Red Skull","Unceasing Top","Gambling Chip","Strange Spoon"],"potions_floor_usage":[16,16,16],"damage_taken":[{"damage":7,"enemies":"Small Slimes","floor":1,"turns":5},{"damage":20,"enemies":"Jaw Worm","floor":5,"turns":4},{"damage":34,"enemies":"3 Sentries","floor":6,"turns":8},{"damage":7,"enemies":"2 Louse","floor":8,"turns":2},{"damage":21,"enemies":"Exordium Thugs","floor":10,"turns":4},{"damage":10,"enemies":"2 Fungi Beasts","floor":13,"turns":3},{"damage":13,"enemies":"Blue Slaver","floor":14,"turns":4},{"damage":51,"enemies":"The Guardian","floor":16,"turns":9}],"seed_played":"-6836554559494276550","potions_obtained":[{"floor":6,"key":"LiquidBronze"},{"floor":8,"key":"Weak Potion"},{"floor":13,"key":"Weak Potion"}],"is_trial":false,"path_per_floor":["M","?","?","?","M","E","R","M","T","M","$","R","M","M","R","B"],"character_chosen":"IRONCLAD","items_purchased":["Strange Spoon","Metallicize","Flash of Steel","Pommel Strike"],"campfire_rested":2,"item_purchase_floors":[11,11,11,11],"current_hp_per_floor":[79,79,79,68,54,26,50,49,49,34,34,58,54,47,47,0],"gold":71,"neow_bonus":"RANDOM_COMMON_RELIC","is_prod":false,"is_daily":false,"chose_seed":false,"campfire_upgraded":1,"win_rate":0,"timestamp":1552253914,"path_taken":["M","?","?","?","M","E","R","M","T","?","$","R","M","M","R","BOSS"],"build_version":"2019-01-23","purchased_purges":0,"victory":false,"max_hp_per_floor":[80,80,80,80,80,80,80,80,80,80,80,80,80,80,80,80],"card_choices":[{"not_picked":["Blood for Blood","Perfected Strike"],"picked":"Twin Strike","floor":1},{"not_picked":["Armaments","Disarm"],"picked":"Inflame","floor":5},{"not_picked":["Flex","Armaments"],"picked":"Pommel Strike","floor":6},{"not_picked":["True Grit","Clothesline"],"picked":"Thunderclap","floor":8},{"not_picked":["Searing Blow","Clothesline"],"picked":"Dropkick","floor":10},{"not_picked":["Entrench","Warcry"],"picked":"Feel No Pain","floor":13},{"not_picked":["Flex","Iron Wave"],"picked":"Bludgeon","floor":14}],"player_experience":567137,"relics_obtained":[{"floor":6,"key":"Unceasing Top"},{"floor":9,"key":"Gambling Chip"}],"event_choices":[{"damage_healed":0,"gold_gain":0,"player_choice":"Ignored","damage_taken":0,"max_hp_gain":0,"max_hp_loss":0,"event_name":"Golden Wing","floor":2,"gold_loss":0},{"damage_healed":0,"gold_gain":175,"player_choice":"AGREE","damage_taken":0,"max_hp_gain":0,"max_hp_loss":0,"event_name":"Liars Game","floor":3,"gold_loss":0,"cards_obtained":["Doubt"]},{"damage_healed":0,"gold_gain":75,"player_choice":"Gather Gold","damage_taken":11,"max_hp_gain":0,"max_hp_loss":0,"event_name":"World of Goop","floor":4,"gold_loss":0}],"is_beta":false,"boss_relics":[],"items_purged_floors":[],"is_endless":false,"potions_floor_spawned":[6,8,13],"killed_by":"The Guardian","ascension_level":1}