{"gold_per_floor":[115,115,180,198,248,248,278,278,278,278,380,430,460,478,478,579,579,589,480,530,606,670,704,716,778,790,828,854,899,396,414,414,512,512,524,250,300,625,63,63,78,228,255,274,274,294,328,378,378,378],"floor_reached":50,"playtime":1285,"items_purged":["Clash","Strike_R","Defend_R","Regret"],"score":634,"play_id":"f1ec709f-d6f3-4827-b119-12a656cb1ecb","local_time":"20190701070208","is_ascension_mode":false,"campfire_choices":[{"data":"Bash","floor":6,"key":"SMITH"},{"data":"Inflame","floor":8,"key":"SMITH"},{"data":"Cleave","floor":10,"key":"SMITH"},{"data":"Inflame","floor":15,"key":"SMITH"},{"data":"Whirlwind","floor":24,"key":"SMITH"},{"data":"Heavy Blade","floor":32,"key":"SMITH"},{"data":"Demon Form","floor":40,"key":"SMITH"},{"data":"Panacea","floor":45,"key":"SMITH"},{"floor":49,"key":"REST"}],"neow_cost":"NONE","seed_source_timestamp":7627250423071,"circlet_count":0,"master_deck":["Strike_R+1","Strike_R","Strike_R+1","Defend_R","Defend_R+1","Defend_R+1","Bash+1","Flex+1","Cleave+1","Inflame+1","Inflame+1","Immolate","Heavy Blade+1","Whirlwind+1","Heavy Blade+1","Sword Boomerang","Panacea+1","Demon Form+1","Corruption+1","Headbutt+1","Iron Wave+1","Transmutation","Blind","Transmutation"],"relics":["Burning Blood","NeowsBlessing","SsserpentHead","War Paint","Gremlin Horn","PreservedInsect","Bottled Flame","Mark of Pain","Whetstone","MawBank","MutagenicStrength","Red Skull","Matryoshka","Orichalcum","Molten Egg 2","Juzu Bracelet","Runic Dome","Happy Flower","Frozen Egg 2","StoneCalendar","Pantograph","Regal Pillow","Calipers"],"potions_floor_usage":[7,16,23,27,33,35,50,50,50],"damage_taken":[{"damage":0,"enemies":"2 Louse","floor":1,"turns":1},{"damage":0,"enemies":"Cultist","floor":3,"turns":1},{"damage":0,"enemies":"Small Slimes","floor":4,"turns":2},{"damage":31,"enemies":"Lagavulin","floor":7,"turns":5},{"damage":1,"enemies":"3 Sentries","floor":13,"turns":3},{"damage":9,"enemies":"Blue Slaver","floor":14,"turns":3},{"damage":28,"enemies":"The Guardian","floor":16,"turns":7},{"damage":4,"enemies":"3 Byrds","floor":18,"turns":4},{"damage":4,"enemies":"Shell Parasite","floor":22,"turns":2},{"damage":12,"enemies":"Book of Stabbing","floor":23,"turns":3},{"damage":9,"enemies":"Slavers","floor":27,"turns":2},{"damage":0,"enemies":"3 Cultists","floor":28,"turns":2},{"damage":0,"enemies":"Gremlin Leader","floor":29,"turns":1},{"damage":0,"enemies":"Centurion and Healer","floor":31,"turns":4},{"damage":74,"enemies":"Automaton","floor":33,"turns":8},{"damage":9,"enemies":"Orb Walker","floor":35,"turns":2},{"damage":5,"enemies":"3 Darklings","floor":41,"turns":2},{"damage":0,"enemies":"Mind Bloom Boss Battle","floor":42,"turns":3},{"damage":26,"enemies":"Spire Growth","floor":44,"turns":3},{"damage":26,"enemies":"Transient","floor":46,"turns":5},{"damage":0,"enemies":"Reptomancer","floor":47,"turns":2},{"damage":87,"enemies":"Time Eater","floor":50,"turns":7}],"seed_played":"8956970911280917951","potions_obtained":[{"floor":1,"key":"BloodPotion"},{"floor":13,"key":"BloodPotion"},{"floor":14,"key":"Block Potion"},{"floor":18,"key":"Weak Potion"},{"floor":23,"key":"FearPotion"},{"floor":28,"key":"PowerPotion"},{"floor":33,"key":"AttackPotion"},{"floor":41,"key":"AttackPotion"}],"is_trial":false,"path_per_floor":["M","?","M","M","?","R","E","R","T","R","T","?","E","M","R","B",null,"M","$","?","T","M","E","R","?","T","E","M","E","$","M","R","B",null,"M","$","?","?","$","R","M","?","T","M","R","M","E","?","R","B"],"character_chosen":"IRONCLAD","items_purchased":["Whirlwind","Molten Egg 2","Juzu Bracelet","Panacea","Happy Flower","Frozen Egg 2","AttackPotion","AttackPotion","Corruption+1"],"campfire_rested":1,"item_purchase_floors":[19,30,30,30,36,39,39,39,39],"current_hp_per_floor":[80,80,80,80,64,64,47,47,47,47,47,47,52,49,49,27,80,80,80,80,80,80,74,74,74,74,71,77,80,80,80,80,20,80,77,77,77,77,77,77,78,80,80,60,60,40,46,36,75,0],"gold":378,"neow_bonus":"THREE_ENEMY_KILL","is_prod":false,"is_daily":false,"chose_seed":false,"campfire_upgraded":8,"win_rate":0,"timestamp":1561986128,"path_taken":["M","?","?","M","?","R","E","R","T","R","?","?","E","M","R","BOSS","M","$","?","?","?","E","R","?","T","E","M","E","?","M","R","BOSS","M","$","?","?","$","R","M","?","T","M","R","M","E","?","R","BOSS"],"build_version":"2019-01-23","purchased_purges":4,"victory":false,"max_hp_per_floor":[80,80,80,80,80,80,80,80,80,80,80,80,80,80,80,80,80,80,80,80,80,80,80,80,80,80,80,80,80,80,80,80,80,80,80,80,80,80,80,80,80,80,80,80,80,80,80,80,80,80],"card_choices":[{"not_picked":["Pummel","Warcry"],"picked":"Flex","floor":1},{"not_picked":["Combust","Anger"],"picked":"Cleave","floor":3},{"not_picked":["True Grit","Body Slam","Fire Breathing"],"picked":"SKIP","floor":4},{"not_picked":["Spot Weakness","Iron Wave"],"picked":"Inflame","floor":7},{"not_picked":["Perfected Strike","Pommel Strike"],"picked":"Inflame","floor":13},{"not_picked":["Perfected Strike","Armaments"],"picked":"Clash","floor":14},{"not_picked":["Berserk","Brutality"],"picked":"Immolate","floor":16},{"not_picked":["Clash+1","Flex"],"picked":"Heavy Blade","floor":18},{"not_picked":["Rupture","Body Slam"],"picked":"Sword Boomerang","floor":22},{"not_picked":["Havoc","Sentinel","Seeing Red+1"],"picked":"SKIP","floor":23},{"not_picked":["True Grit","Headbutt","Fire Breathing"],"picked":"SKIP","floor":27},{"not_picked":["Sentinel","Feed","Rupture"],"picked":"SKIP","floor":28},{"not_picked":["Second Wind","Cleave","Perfected Strike"],"picked":"SKIP","floor":29},{"not_picked":["Infernal Blade","Shrug It Off","Headbutt+1"],"picked":"SKIP","floor":31},{"not_picked":["Berserk","Bludgeon+1"],"picked":"Demon Form","floor":33},{"not_picked":["Armaments+1","Shrug It Off+1","Dual Wield"],"picked":"SKIP","floor":35},{"not_picked":["Clothesline+1","Cleave+1","Flex"],"picked":"SKIP","floor":41},{"not_picked":["Havoc+1","Anger+1"],"picked":"Headbutt+1","floor":42},{"not_picked":["Clothesline+1","Exhume"],"picked":"Iron Wave+1","floor":44},{"not_picked":["Intimidate","Clothesline+1","Armaments+1"],"picked":"SKIP","floor":46},{"not_picked":["Combust+1","Shrug It Off+1","Corruption+1"],"picked":"SKIP","floor":47},{"not_picked":["Apotheosis","Thinking Ahead"],"picked":"Transmutation","floor":48},{"not_picked":["PanicButton","Swift Strike+1"],"picked":"Blind","floor":48},{"not_picked":["Chrysalis","Jack Of All Trades"],"picked":"Transmutation","floor":48}],"player_experience":1530470,"relics_obtained":[{"floor":7,"key":"War Paint"},{"floor":9,"key":"Gremlin Horn"},{"floor":11,"key":"PreservedInsect"},{"floor":13,"key":"Bottled Flame"},{"floor":21,"key":"Whetstone"},{"floor":23,"key":"MawBank"},{"floor":26,"key":"Red Skull"},{"floor":27,"key":"Matryoshka"},{"floor":29,"key":"Orichalcum"},{"floor":42,"key":"StoneCalendar"},{"floor":43,"key":"Pantograph"},{"floor":43,"key":"Regal Pillow"},{"floor":47,"key":"Calipers"}],"event_choices":[{"damage_healed":0,"gold_gain":0,"player_choice":"Trade","damage_taken":0,"relics_obtained":["SsserpentHead"],"max_hp_gain":0,"max_hp_loss":0,"event_name":"FaceTrader","floor":2,"gold_loss":0},{"damage_healed":0,"gold_gain":0,"player_choice":"Entered Light","damage_taken":16,"max_hp_gain":0,"max_hp_loss":0,"event_name":"Shining Light","floor":5,"gold_loss":0,"cards_upgraded":["Strike_R","Flex"]},{"cards_removed":["Strike_R"],"damage_healed":0,"gold_gain":0,"player_choice":"Forget","damage_taken":0,"max_hp_gain":0,"max_hp_loss":0,"event_name":"Living Wall","floor":12,"gold_loss":0},{"damage_healed":0,"gold_gain":0,"player_choice":"Read","damage_taken":0,"max_hp_gain":0,"max_hp_loss":0,"event_name":"The Library","floor":20,"gold_loss":0,"cards_obtained":["Heavy Blade"]},{"damage_healed":0,"gold_gain":0,"player_choice":"Inject Mutagens","damage_taken":0,"relics_obtained":["MutagenicStrength"],"max_hp_gain":0,"max_hp_loss":0,"event_name":"Drug Dealer","floor":25,"gold_loss":0},{"damage_healed":0,"gold_gain":0,"player_choice":"Ignored","damage_taken":0,"max_hp_gain":0,"max_hp_loss":0,"event_name":"Mysterious Sphere","floor":37,"gold_loss":0},{"damage_healed":0,"gold_gain":275,"player_choice":"Desecrate","damage_taken":0,"max_hp_gain":0,"max_hp_loss":0,"event_name":"Golden Shrine","floor":38,"gold_loss":0,"cards_obtained":["Regret"]},{"damage_healed":0,"gold_gain":0,"player_choice":"Fight","damage_taken":0,"max_hp_gain":0,"max_hp_loss":0,"event_name":"MindBloom","floor":42,"gold_loss":0},{"damage_healed":0,"gold_gain":0,"player_choice":"Memory 3","damage_taken":10,"max_hp_gain":0,"max_hp_loss":0,"event_name":"SensoryStone","floor":48,"gold_loss":0}],"is_beta":false,"boss_relics":[{"not_picked":["Eternal Feather","Lizard Tail"],"picked":"Mark of Pain"},{"not_picked":["White Beast Statue","Empty Cage"],"picked":"Runic Dome"}],"items_purged_floors":[19,30,36,39],"is_endless":false,"potions_floor_spawned":[1,13,14,18,23,28,33,41,42,44],"killed_by":"Time Eater","ascension_level":0}