{"gold_per_floor":[109,109,120,120,120,447,447,447,447,502,518,518,538,558,558,660,710,722,690,308,308],"floor_reached":21,"playtime":1451,"items_purged":[],"score":198,"play_id":"29d166c0-23d5-47b1-a2cd-604fe4e21eca","local_time":"20190709131518","is_ascension_mode":true,"campfire_choices":[{"floor":8,"key":"REST"},{"data":"Berserk","floor":15,"key":"SMITH"}],"neow_cost":"NONE","seed_source_timestamp":407653742178869,"circlet_count":0,"master_deck":["Strike_R+1","Strike_R+1","Strike_R+1","Strike_R","Defend_R","Defend_R+1","Defend_R","Defend_R","Bash","Heavy Blade+1","Berserk+1","Flex","Flex","Rampage","Barricade","Iron Wave","Iron Wave","Body Slam","Metallicize"],"relics":["Burning Blood","Whetstone","Paper Frog","Old Coin","Peace Pipe","Tiny Chest","Tiny House","Torii"],"potions_floor_usage":[6,13,18,18],"damage_taken":[{"damage":0,"enemies":"2 Louse","floor":1,"turns":2},{"damage":5,"enemies":"Small Slimes","floor":3,"turns":3},{"damage":53,"enemies":"3 Sentries","floor":6,"turns":11},{"damage":36,"enemies":"Lagavulin","floor":10,"turns":6},{"damage":0,"enemies":"Cultist","floor":11,"turns":3},{"damage":12,"enemies":"Lots of Slimes","floor":13,"turns":6},{"damage":9,"enemies":"Blue Slaver","floor":14,"turns":5},{"damage":7,"enemies":"Slime Boss","floor":16,"turns":8},{"damage":54,"enemies":"3 Byrds","floor":18,"turns":7},{"damage":33,"enemies":"2 Thieves","floor":19,"turns":5},{"damage":23,"enemies":"Shelled Parasite and Fungi","floor":21,"turns":4}],"seed_played":"-7873092630352331954","potions_obtained":[{"floor":1,"key":"Swift Potion"},{"floor":10,"key":"BloodPotion"},{"floor":16,"key":"GamblersBrew"},{"floor":17,"key":"Block Potion"},{"floor":19,"key":"SpeedPotion"}],"is_trial":false,"path_per_floor":["M","?","M","?","?","E","T","R","T","E","M","?","M","M","R","B",null,"M","M","$","M"],"character_chosen":"IRONCLAD","items_purchased":["Metallicize","Torii"],"campfire_rested":1,"item_purchase_floors":[20,20],"current_hp_per_floor":[80,64,65,70,63,16,16,41,41,11,17,17,32,29,29,28,90,42,15,15,0],"gold":308,"neow_bonus":"RANDOM_COMMON_RELIC","is_prod":false,"is_daily":false,"chose_seed":false,"campfire_upgraded":1,"win_rate":0,"timestamp":1562714118,"path_taken":["M","?","M","?","?","E","?","R","T","E","M","?","M","?","R","BOSS","M","M","$","M"],"build_version":"2019-07-05","purchased_purges":0,"victory":false,"max_hp_per_floor":[80,80,80,85,85,85,85,85,85,85,85,85,85,85,85,85,90,90,90,90,90],"card_choices":[{"not_picked":["Shockwave","Cleave"],"picked":"Heavy Blade","floor":1},{"not_picked":["Warcry","Whirlwind","Battle Trance"],"picked":"SKIP","floor":3},{"not_picked":["Warcry","Whirlwind","Battle Trance"],"picked":"SKIP","floor":6},{"not_picked":["Sword Boomerang","Body Slam"],"picked":"Berserk","floor":10},{"not_picked":["Blood for Blood","Shockwave"],"picked":"Flex","floor":11},{"not_picked":["Hemokinesis","Bloodletting"],"picked":"Flex","floor":13},{"not_picked":["Combust","Twin Strike"],"picked":"Rampage","floor":14},{"not_picked":["Berserk","Juggernaut"],"picked":"Barricade","floor":16},{"not_picked":["Flex","Clash"],"picked":"Iron Wave","floor":17},{"not_picked":["Flex+1","Thunderclap"],"picked":"Iron Wave","floor":18},{"not_picked":["Thunderclap","Headbutt"],"picked":"Body Slam","floor":19}],"player_experience":71346,"relics_obtained":[{"floor":6,"key":"Old Coin"},{"floor":9,"key":"Peace Pipe"},{"floor":10,"key":"Tiny Chest"}],"event_choices":[{"damage_healed":0,"gold_gain":0,"player_choice":"Entered Light","damage_taken":16,"max_hp_gain":0,"max_hp_loss":0,"event_name":"Shining Light","floor":2,"gold_loss":0,"cards_upgraded":["Heavy Blade","Strike_R"]},{"damage_healed":0,"gold_gain":0,"player_choice":"Donut","damage_taken":0,"max_hp_gain":5,"max_hp_loss":0,"event_name":"Big Fish","floor":4,"gold_loss":0},{"damage_healed":0,"gold_gain":0,"player_choice":"Success","damage_taken":7,"relics_obtained":["Paper Frog"],"max_hp_gain":0,"max_hp_loss":0,"event_name":"Scrap Ooze","floor":5,"gold_loss":0},{"cards_removed":["Strike_R"],"damage_healed":0,"gold_gain":0,"player_choice":"Card Removal","damage_taken":0,"max_hp_gain":0,"max_hp_loss":0,"event_name":"Wheel of Change","floor":12,"gold_loss":0}],"is_beta":false,"boss_relics":[{"not_picked":["Mark of Pain","Busted Crown"],"picked":"Tiny House"}],"items_purged_floors":[],"is_endless":false,"potions_floor_spawned":[1,10,16,19],"killed_by":"Shelled Parasite and Fungi","ascension_level":1}