{"gold_per_floor":[114,114,114,40,56,56,66,66,90,110,135,135,154,154,154,254,254,268,268,280,290,10,10,10],"floor_reached":24,"playtime":1137,"items_purged":[],"score":196,"play_id":"c3167834-afca-444d-b264-1f5467544345","local_time":"20180825215021","is_ascension_mode":false,"campfire_choices":[{"data":"Hello World","floor":6,"key":"SMITH"},{"data":"Zap","floor":8,"key":"SMITH"},{"floor":15,"key":"REST"}],"neow_cost":"","seed_source_timestamp":3679687743681,"circlet_count":0,"master_deck":["Strike_B","Strike_B","Strike_B","Strike_B","Defend_B","Defend_B","Defend_B","Zap+1","Dualcast","FTL","Steam","Hello World+1","Gash","Capacitor","Conserve Battery","Go for the Eyes","Sweeping Beam","Chaos","Rainbow","Shame","Regret","Normality","Turbo","Normality","Multi-Cast","Coolheaded","Mayhem","Storm"],"relics":["Cracked Core","Dream Catcher","Blue Candle","Bronze Scales","Calling Bell","Centennial Puzzle","Pear","Gambling Chip","Regal Pillow"],"potions_floor_usage":[11,18,21],"damage_taken":[{"damage":12,"enemies":"Small Slimes","floor":1,"turns":4},{"damage":3,"enemies":"2 Louse","floor":5,"turns":3},{"damage":1,"enemies":"Jaw Worm","floor":7,"turns":3},{"damage":5,"enemies":"Looter","floor":10,"turns":3},{"damage":10,"enemies":"3 Sentries","floor":11,"turns":5},{"damage":6,"enemies":"Blue Slaver","floor":13,"turns":3},{"damage":38,"enemies":"The Guardian","floor":16,"turns":8},{"damage":31,"enemies":"2 Thieves","floor":18,"turns":3},{"damage":28,"enemies":"Spheric Guardian","floor":20,"turns":6},{"damage":19,"enemies":"Snecko","floor":21,"turns":5},{"damage":12,"enemies":"Shelled Parasite and Fungi","floor":24,"turns":1}],"seed_played":"-7594691431958743638","potions_obtained":[{"floor":10,"key":"Explosive Potion"},{"floor":11,"key":"GamblersBrew"},{"floor":16,"key":"AttackPotion"},{"floor":20,"key":"Swift Potion"}],"is_trial":false,"path_per_floor":["M","?","?","$","M","R","M","R","T","M","E","?","M","?","R","B",null,"M","?","M","M","$","?"],"character_chosen":"DEFECT","items_purchased":["Hello World","Mayhem","Storm"],"campfire_rested":1,"item_purchase_floors":[4,22,22],"current_hp_per_floor":[63,63,63,63,60,60,59,59,59,54,44,44,38,38,60,22,85,54,54,26,7,7,7,0],"gold":10,"neow_bonus":"","is_prod":false,"is_daily":false,"chose_seed":false,"campfire_upgraded":2,"win_rate":0,"timestamp":1535248221,"path_taken":["M","?","?","$","M","R","M","R","T","M","E","?","?","?","R","BOSS","M","?","M","M","$","?","M"],"build_version":"2018-08-23v2","purchased_purges":0,"victory":false,"max_hp_per_floor":[75,75,75,75,75,75,75,75,75,75,75,75,75,75,75,75,85,85,85,85,85,85,85,85],"card_choices":[{"not_picked":["Cold Snap","Go for the Eyes"],"picked":"FTL","floor":1},{"not_picked":["Hologram","Barrage"],"picked":"Gash","floor":5},{"not_picked":["Beam Cell","Stack"],"picked":"Capacitor","floor":7},{"not_picked":["Go for the Eyes","Beam Cell"],"picked":"Conserve Battery","floor":10},{"not_picked":["Steam","Compile Driver"],"picked":"Go for the Eyes","floor":11},{"not_picked":["Ball Lightning","Go for the Eyes"],"picked":"Sweeping Beam","floor":13},{"not_picked":["Compile Driver","Scrape"],"picked":"Chaos","floor":15},{"not_picked":["Multi-Cast","Core Surge"],"picked":"Rainbow","floor":16},{"not_picked":["Recycle","Go for the Eyes"],"picked":"Turbo","floor":18},{"not_picked":["Redo+1","Barrage"],"picked":"Multi-Cast","floor":20},{"not_picked":["Recycle","Ball Lightning"],"picked":"Coolheaded","floor":21}],"player_experience":339418,"relics_obtained":[{"floor":9,"key":"Dream Catcher"},{"floor":11,"key":"Blue Candle"},{"floor":17,"key":"Centennial Puzzle"},{"floor":17,"key":"Pear"},{"floor":17,"key":"Gambling Chip"}],"event_choices":[{"event_name":"Living Wall","player_choice":"Change","floor":2,"damage_taken":0},{"event_name":"The Cleric","player_choice":"Leave","floor":3,"damage_taken":0},{"event_name":"WeMeetAgain","player_choice":"Potion","floor":12,"damage_taken":0},{"event_name":"Purifier","player_choice":"Skipped","floor":14,"damage_taken":0},{"event_name":"Accursed Blacksmith","player_choice":"Rummage","floor":19,"damage_taken":0},{"event_name":"Ghosts","player_choice":"Ignored","floor":23,"damage_taken":0}],"is_beta":false,"boss_relics":[{"not_picked":["Fusion Hammer","Orrery"],"picked":"Calling Bell"}],"items_purged_floors":[],"is_endless":false,"potions_floor_spawned":[10,11,16,20],"killed_by":"Shelled Parasite and Fungi","ascension_level":0}