{"gold_per_floor":[114,129,129,4,4,4,35,50,50,50,10,82,99,274,274,274],"floor_reached":16,"playtime":735,"items_purged":["Regret"],"score":103,"play_id":"586dc1f4-47f0-4971-9c2f-57e26b19b7d7","local_time":"20180922143854","is_ascension_mode":true,"campfire_choices":[{"floor":6,"key":"REST"},{"floor":15,"key":"REST"}],"neow_cost":"PERCENT_DAMAGE","seed_source_timestamp":258052100060707,"circlet_count":0,"master_deck":["Defend_G","Defend_G","Defend_G","Defend_G","Defend_G","Strike_G","Strike_G","Strike_G","Strike_G","Strike_G","Survivor","Neutralize","Grand Finale","Cloak And Dagger","Caltrops","Underhanded Strike","Blade Dance","Deflect","Choke","Outmaneuver","Doubt"],"relics":["Ring of the Snake","Letter Opener","Strawberry","Ginger","Pantograph"],"potions_floor_usage":[13],"damage_taken":[{"damage":0,"enemies":"2 Louse","floor":1,"turns":3},{"damage":0,"enemies":"Small Slimes","floor":2,"turns":5},{"damage":16,"enemies":"Lagavulin","floor":7,"turns":8},{"damage":4,"enemies":"Jaw Worm","floor":8,"turns":4},{"damage":14,"enemies":"Exordium Wildlife","floor":13,"turns":3},{"damage":94,"enemies":"The Guardian","floor":16,"turns":12}],"seed_played":"-583686830329645425","potions_obtained":[{"floor":1,"key":"Swift Potion"}],"is_trial":false,"path_per_floor":["M","M","?","$","?","R","E","M","T","$","$","?","M","?","R"],"character_chosen":"THE_SILENT","items_purchased":["Underhanded Strike","Choke"],"campfire_rested":2,"item_purchase_floors":[4,11],"current_hp_per_floor":[49,49,49,49,44,67,51,47,47,47,47,47,33,33,56,0],"gold":274,"neow_bonus":"THREE_RARE_CARDS","is_prod":false,"is_daily":false,"chose_seed":false,"campfire_upgraded":0,"win_rate":0,"timestamp":1537641534,"path_taken":["M","M","?","$","?","R","E","?","T","?","$","?","M","?","R","BOSS"],"build_version":"2018-09-20","purchased_purges":1,"victory":false,"max_hp_per_floor":[70,70,70,70,77,77,77,77,77,77,77,77,77,77,77,77],"card_choices":[{"not_picked":["Storm of Steel","Doppelganger"],"picked":"Grand Finale","floor":0},{"not_picked":["Masterful Stab","Prepared"],"picked":"Cloak And Dagger","floor":1},{"not_picked":["Slice","Tactician"],"picked":"Caltrops","floor":2},{"not_picked":["Dagger Throw","Flying Knee"],"picked":"Blade Dance","floor":7},{"not_picked":["Expertise","Finisher"],"picked":"Deflect","floor":8},{"not_picked":["Quick Slash","Slice"],"picked":"Outmaneuver","floor":13}],"player_experience":389337,"relics_obtained":[{"floor":7,"key":"Ginger"},{"floor":9,"key":"Pantograph"}],"event_choices":[{"event_name":"Big Fish","player_choice":"Box","floor":3,"damage_taken":0},{"event_name":"Scrap Ooze","player_choice":"success","floor":5,"damage_taken":12},{"event_name":"Golden Wing","player_choice":"Gained Gold","floor":12,"damage_taken":0},{"event_name":"Liars Game","player_choice":"agreed","floor":14,"damage_taken":0}],"is_beta":false,"boss_relics":[],"items_purged_floors":[4],"is_endless":false,"potions_floor_spawned":[1],"killed_by":"The Guardian","ascension_level":1}