{"gold_per_floor":[110,127,52,52,73,73,111,124,124,124,124,124,148,191,191,191],"floor_reached":16,"playtime":816,"items_purged":[],"score":215,"play_id":"6ea3d7ea-1986-4793-9b80-9d3a6eadb741","local_time":"20190707124921","is_ascension_mode":true,"campfire_choices":[{"data":"Bash","floor":6,"key":"SMITH"},{"floor":10,"key":"REST"},{"floor":12,"key":"REST"},{"floor":15,"key":"REST"}],"neow_cost":"NONE","seed_source_timestamp":228529425749265,"circlet_count":0,"master_deck":["AscendersBane","Strike_R","Strike_R","Strike_R","Strike_R","Defend_R","Defend_R","Defend_R","Defend_R","Bash+1","Clothesline","Evolve","Cleave","Shrug It Off","Headbutt"],"relics":["Burning Blood","Golden Idol","Question Card","Ornamental Fan","Anchor"],"potions_floor_usage":[7,8],"damage_taken":[{"damage":3,"enemies":"Small Slimes","floor":1,"turns":4},{"damage":1,"enemies":"2 Louse","floor":2,"turns":3},{"damage":5,"enemies":"Cultist","floor":5,"turns":4},{"damage":52,"enemies":"Lagavulin","floor":7,"turns":9},{"damage":12,"enemies":"Red Slaver","floor":8,"turns":7},{"damage":17,"enemies":"Lots of Slimes","floor":13,"turns":3},{"damage":48,"enemies":"Gremlin Nob","floor":14,"turns":5},{"damage":37,"enemies":"Slime Boss","floor":16,"turns":8}],"seed_played":"2948809240299882336","potions_obtained":[{"floor":1,"key":"LiquidBronze"},{"floor":2,"key":"Fruit Juice"},{"floor":7,"key":"SkillPotion"}],"is_trial":false,"path_per_floor":["M","M","?","?","M","R","E","M","T","R","?","R","M","E","R","B"],"character_chosen":"IRONCLAD","items_purchased":[],"campfire_rested":3,"item_purchase_floors":[],"current_hp_per_floor":[78,82,82,54,55,55,14,8,8,34,34,60,49,7,33,0],"gold":191,"neow_bonus":"TEN_PERCENT_HP_BONUS","is_prod":false,"is_daily":false,"chose_seed":false,"campfire_upgraded":1,"win_rate":0,"timestamp":1562518161,"path_taken":["M","M","?","?","M","R","E","M","T","R","?","R","M","E","R","BOSS"],"build_version":"2019-07-05","purchased_purges":0,"victory":false,"max_hp_per_floor":[82,82,82,82,82,82,87,87,87,87,87,87,87,87,87,87],"card_choices":[{"not_picked":["Ghostly Armor","Flex"],"picked":"Clothesline","floor":1},{"not_picked":["Body Slam","Flex","Warcry"],"picked":"SKIP","floor":2},{"not_picked":["Anger","Reaper"],"picked":"Evolve","floor":5},{"not_picked":["Armaments","Flex","Blood for Blood"],"picked":"SKIP","floor":7},{"not_picked":["Anger","Flex","Headbutt"],"picked":"Cleave","floor":8},{"not_picked":["Infernal Blade","Perfected Strike","Body Slam"],"picked":"Shrug It Off","floor":13},{"not_picked":["Anger","Clash","Sever Soul"],"picked":"Headbutt","floor":14}],"player_experience":2413865,"relics_obtained":[{"floor":7,"key":"Question Card"},{"floor":9,"key":"Ornamental Fan"},{"floor":14,"key":"Anchor"}],"event_choices":[{"cards_removed":["Strike_R"],"damage_healed":0,"gold_gain":0,"player_choice":"Card Removal","damage_taken":0,"max_hp_gain":0,"max_hp_loss":0,"event_name":"The Cleric","floor":3,"gold_loss":75},{"damage_healed":0,"gold_gain":0,"player_choice":"Take Damage","damage_taken":28,"relics_obtained":["Golden Idol"],"max_hp_gain":0,"max_hp_loss":0,"event_name":"Golden Idol","floor":4,"gold_loss":0},{"damage_healed":0,"gold_gain":0,"player_choice":"Searched \u00270\u0027 times","damage_taken":0,"max_hp_gain":0,"max_hp_loss":0,"event_name":"Dead Adventurer","floor":11,"gold_loss":0}],"is_beta":false,"boss_relics":[],"items_purged_floors":[],"is_endless":false,"potions_floor_spawned":[1,2,7],"killed_by":"Slime Boss","ascension_level":19}