{"gold_per_floor":[117,128,128,145,49,49,59,59,59,69,69,69,85,105,105,202,202,217,217,13,23,23,23,37,55,78,89,17,17,52,64,64,64],"floor_reached":33,"playtime":1574,"items_purged":[],"score":274,"play_id":"1dff0deb-7161-4c2e-ba41-440257e077f1","local_time":"20181014054026","is_ascension_mode":true,"campfire_choices":[{"data":"Zap","floor":6.0,"key":"SMITH"},{"data":"Static Discharge","floor":8,"key":"SMITH"},{"data":"Dualcast","floor":15,"key":"SMITH"},{"data":"Panache","floor":23,"key":"SMITH"},{"floor":32,"key":"REST"}],"neow_cost":"NONE","seed_source_timestamp":0,"circlet_count":0,"master_deck":["Strike_B","Strike_B","Strike_B+1","Strike_B","Defend_B+1","Defend_B","Defend_B","Defend_B","Zap+1","Dualcast+1","Go for the Eyes","Scrape","BootSequence","Static Discharge+1","Stack","Storm+1","Thunder Strike","Beam Cell","Darkness","Electrodynamics","Melter","Panache+1","Leap","Redo","Heatsinks","Self Repair","Decay","Loop+1","Aggregate+1","Beam Cell","Hello World+1"],"special_seed":0,"relics":["Cracked Core","Vajra","Kunai","Cursed Key","MutagenicStrength","Bag of Preparation","Mango"],"potions_floor_usage":[16,16,21,27,30,33],"damage_taken":[{"damage":0.0,"enemies":"2 Louse","floor":1.0,"turns":2.0},{"damage":10.0,"enemies":"Small Slimes","floor":2.0,"turns":3.0},{"damage":0.0,"enemies":"Cultist","floor":4.0,"turns":4.0},{"damage":0.0,"enemies":"Gremlin Gang","floor":7.0,"turns":3.0},{"damage":1,"enemies":"Blue Slaver","floor":10,"turns":3},{"damage":0,"enemies":"Large Slime","floor":13,"turns":5},{"damage":0,"enemies":"3 Louse","floor":14,"turns":4},{"damage":38,"enemies":"Hexaghost","floor":16,"turns":10},{"damage":7,"enemies":"Shell Parasite","floor":18,"turns":3},{"damage":1,"enemies":"2 Thieves","floor":21,"turns":3},{"damage":13,"enemies":"Centurion and Healer","floor":24,"turns":3},{"damage":19,"enemies":"Snecko","floor":25,"turns":4},{"damage":7,"enemies":"Snake Plant","floor":27,"turns":4},{"damage":9,"enemies":"Gremlin Leader","floor":30,"turns":4},{"damage":0,"enemies":"Cultist and Chosen","floor":31,"turns":3},{"damage":75,"enemies":"Automaton","floor":33,"turns":6}],"seed_played":"-2690838745242852107","potions_obtained":[{"floor":2.0,"key":"FocusPotion"},{"floor":4.0,"key":"Fire Potion"},{"floor":10,"key":"Regen Potion"},{"floor":13,"key":"Dexterity Potion"},{"floor":16,"key":"SpeedPotion"},{"floor":18,"key":"SkillPotion"},{"floor":25,"key":"Energy Potion"},{"floor":30,"key":"Weak Potion"}],"is_trial":false,"path_per_floor":["M","M","?","M","$","R","M","R","T","M","?","?","M","M","R","B",null,"M","?","$","M","$","R","M","M","T","M","$","?","E","M","R"],"character_chosen":"DEFECT","items_purchased":["Static Discharge","Stack","Panache","Leap","Aggregate"],"campfire_rested":1,"item_purchase_floors":[5,5,20,20,28],"current_hp_per_floor":[75,65,50,50,50,50,50,50,50,49,49,49,49,49,49,26,75,68,68,68,67,67,67,54,35,35,28,28,28,40,47,73,0],"gold":64,"neow_bonus":"RANDOM_COMMON_RELIC","is_prod":false,"is_daily":false,"chose_seed":false,"campfire_upgraded":4,"win_rate":0,"timestamp":1539510026,"path_taken":["M","M","?","?","$","R","M","R","T","M","?","?","M","M","R","BOSS","M","?","?","M","?","R","?","M","T","M","$","?","E","M","R","BOSS"],"build_version":"2018-10-11","purchased_purges":0,"victory":false,"max_hp_per_floor":[75,75,75,75,75,75,75,75,75,75,75,75,75,75,75,75,75,75,75,75,75,75,75,75,75,75,75,75,75,89,89,89,89],"card_choices":[{"not_picked":["Coolheaded","Barrage"],"picked":"Go for the Eyes","floor":1.0},{"not_picked":["Steam Power","Hologram"],"picked":"Scrape","floor":2.0},{"not_picked":["Coolheaded","Cold Snap"],"picked":"BootSequence","floor":4.0},{"not_picked":["Conserve Battery","Hologram"],"picked":"Storm","floor":7},{"not_picked":["Barrage","Consume"],"picked":"Thunder Strike","floor":10},{"not_picked":["Rip and Tear","Redo"],"picked":"Beam Cell","floor":13},{"not_picked":["Stack","Consume"],"picked":"Darkness","floor":14},{"not_picked":["Biased Cognition","Fission"],"picked":"Electrodynamics","floor":16},{"not_picked":["Hologram","Force Field"],"picked":"Melter","floor":18},{"not_picked":["Scrape+1","Reinforced Body+1"],"picked":"Redo","floor":21},{"not_picked":["Conserve Battery","Darkness"],"picked":"Heatsinks","floor":24},{"not_picked":["Static Discharge+1","Streamline"],"picked":"Self Repair","floor":25},{"not_picked":["Streamline+1","BootSequence+1"],"picked":"Loop+1","floor":27},{"not_picked":["Cold Snap+1","Rebound"],"picked":"Beam Cell","floor":30},{"not_picked":["Echo Form","Compile Driver"],"picked":"Hello World+1","floor":31}],"player_experience":432776,"relics_obtained":[{"floor":9,"key":"Kunai"},{"floor":26,"key":"Bag of Preparation"},{"floor":30,"key":"Mango"}],"event_choices":[{"event_name":"Shining Light","player_choice":"Entered Light","floor":3.0,"damage_taken":0.0},{"event_name":"The Cleric","player_choice":"Leave","floor":11,"damage_taken":0},{"event_name":"Living Wall","player_choice":"Grow","floor":12,"damage_taken":0},{"event_name":"Drug Dealer","player_choice":"Inject Mutagens","floor":19,"damage_taken":0},{"event_name":"Upgrade Shrine","player_choice":"Upgraded","floor":29,"damage_taken":0}],"is_beta":false,"boss_relics":[{"not_picked":["Runic Dome","Philosopher\u0027s Stone"],"picked":"Cursed Key"}],"items_purged_floors":[],"is_endless":false,"potions_floor_spawned":[2,4,10,13,16,18,25,30],"killed_by":"Automaton","ascension_level":1}