{"gold_per_floor":[115,115,128,128,138,138,153,186,186,17,43,43,43,61,61,161,161,134,145,145,145,164,164],"floor_reached":23,"playtime":1921,"items_purged":[],"score":211,"play_id":"f4e3e679-3cba-4f7c-9509-2fc014699777","local_time":"20190705023318","is_ascension_mode":true,"campfire_choices":[{"data":"Doppelganger","floor":6,"key":"SMITH"},{"floor":15,"key":"REST"}],"neow_cost":"NONE","seed_source_timestamp":371958377867769,"circlet_count":0,"master_deck":["Strike_G","Strike_G","Strike_G","Strike_G","Strike_G+1","Defend_G","Defend_G+1","Defend_G","Defend_G","Defend_G","Survivor","Neutralize","Backflip","Poisoned Stab","Clumsy","Neutralize","Doppelganger+1","Backflip","Dodge and Roll","Bane","Apotheosis","Blur","Slice","After Image","Doubt","Normality","Regret","Outmaneuver","Acrobatics","RitualDagger","Acrobatics"],"relics":["Ring of the Snake","Oddly Smooth Stone","Art of War","Dodecahedron","Calling Bell","Smiling Mask","Shuriken","Ice Cream"],"potions_floor_usage":[8,11,16,16,23],"damage_taken":[{"damage":0,"enemies":"Cultist","floor":1,"turns":4},{"damage":0,"enemies":"Small Slimes","floor":3,"turns":3},{"damage":1,"enemies":"Jaw Worm","floor":5,"turns":4},{"damage":4,"enemies":"Large Slime","floor":7,"turns":7},{"damage":28,"enemies":"Gremlin Nob","floor":8,"turns":6},{"damage":4,"enemies":"Lagavulin","floor":11,"turns":5},{"damage":7,"enemies":"Lots of Slimes","floor":14,"turns":7},{"damage":5,"enemies":"The Guardian","floor":16,"turns":16},{"damage":23,"enemies":"2 Thieves","floor":18,"turns":5},{"damage":8,"enemies":"Chosen","floor":19,"turns":8},{"damage":33,"enemies":"Snecko","floor":22,"turns":7},{"damage":36,"enemies":"Gremlin Leader","floor":23,"turns":4}],"seed_played":"7033454049067101837","potions_obtained":[{"floor":1,"key":"Ancient Potion"},{"floor":7,"key":"Dexterity Potion"},{"floor":13,"key":"Ancient Potion"},{"floor":13,"key":"SmokeBomb"},{"floor":13,"key":"Swift Potion"},{"floor":14,"key":"GamblersBrew"},{"floor":19,"key":"SteroidPotion"},{"floor":22,"key":"PowerPotion"}],"is_trial":false,"path_per_floor":["M","?","M","?","M","R","M","E","T","$","E","?","?","M","R","B",null,"M","M","?","?","M","E"],"character_chosen":"THE_SILENT","items_purchased":["Apotheosis"],"campfire_rested":1,"item_purchase_floors":[10],"current_hp_per_floor":[77,77,77,77,76,76,72,44,44,44,40,25,25,18,41,36,77,54,46,40,65,32,0],"gold":164,"neow_bonus":"TEN_PERCENT_HP_BONUS","is_prod":false,"is_daily":false,"chose_seed":false,"campfire_upgraded":1,"win_rate":0,"timestamp":1562308398,"path_taken":["M","?","M","?","?","R","M","E","T","$","E","?","?","?","R","BOSS","M","M","?","?","M","E"],"build_version":"2019-07-01","purchased_purges":0,"victory":false,"max_hp_per_floor":[77,77,77,77,77,77,77,77,77,77,77,77,77,77,77,77,77,77,77,77,77,77,77],"card_choices":[{"not_picked":["Tactician","Outmaneuver"],"picked":"Backflip","floor":1},{"not_picked":["Leg Sweep","Backflip"],"picked":"Poisoned Stab","floor":3},{"not_picked":["Quick Slash","Sucker Punch"],"picked":"Backflip","floor":5},{"not_picked":["Dagger Throw","Sucker Punch"],"picked":"Dodge and Roll","floor":7},{"not_picked":["Reflex","Accuracy"],"picked":"Bane","floor":8},{"not_picked":["Quick Slash","Deadly Poison"],"picked":"Blur","floor":11},{"not_picked":["Expertise","PiercingWail"],"picked":"Slice","floor":14},{"not_picked":["Storm of Steel","Bullet Time"],"picked":"After Image","floor":16},{"not_picked":["Dagger Spray+1","Accuracy"],"picked":"Outmaneuver","floor":18},{"not_picked":["Heel Hook","Footwork"],"picked":"Acrobatics","floor":19},{"not_picked":["Riddle With Holes","Bane+1"],"picked":"Acrobatics","floor":22}],"player_experience":818469,"relics_obtained":[{"floor":8,"key":"Oddly Smooth Stone"},{"floor":9,"key":"Art of War"},{"floor":11,"key":"Dodecahedron"},{"floor":17,"key":"Smiling Mask"},{"floor":17,"key":"Shuriken"},{"floor":17,"key":"Ice Cream"}],"event_choices":[{"damage_healed":0,"gold_gain":0,"player_choice":"Leave","damage_taken":0,"max_hp_gain":0,"max_hp_loss":0,"event_name":"The Cleric","floor":2,"gold_loss":0},{"damage_healed":0,"gold_gain":0,"player_choice":"3 cards matched","damage_taken":0,"max_hp_gain":0,"max_hp_loss":0,"event_name":"Match and Keep!","floor":4,"gold_loss":0,"cards_obtained":["Clumsy","Neutralize","Doppelganger"]},{"damage_healed":0,"gold_gain":0,"player_choice":"Entered Light","damage_taken":15,"max_hp_gain":0,"max_hp_loss":0,"event_name":"Shining Light","floor":12,"gold_loss":0,"cards_upgraded":["Defend_G","Strike_G"]},{"damage_healed":0,"gold_gain":0,"player_choice":"Got Potions","damage_taken":0,"max_hp_gain":0,"max_hp_loss":0,"event_name":"Lab","floor":13,"gold_loss":0},{"damage_healed":0,"gold_gain":0,"player_choice":"Joined the Cult","damage_taken":6,"max_hp_gain":0,"max_hp_loss":0,"event_name":"Nest","floor":20,"gold_loss":0,"cards_obtained":["RitualDagger"]},{"damage_healed":25,"gold_gain":0,"player_choice":"Heal","damage_taken":0,"max_hp_gain":0,"max_hp_loss":0,"event_name":"The Library","floor":21,"gold_loss":0}],"is_beta":false,"boss_relics":[{"not_picked":["Black Star","Runic Dome"],"picked":"Calling Bell"}],"items_purged_floors":[],"is_endless":false,"potions_floor_spawned":[1,7,14,19,22],"killed_by":"Gremlin Leader","ascension_level":1}