{"gold_per_floor":[113,128,128,128,128,128,160,9,9,22,38,56,72,90,90,187,187,207,227,227,252,167,167,185,185,185,235,249,16,30,40,40,136,136,156,209,209,229,17,17,33,87,87,5,16,30,30],"floor_reached":47,"playtime":5025,"items_purged":[],"score":456,"play_id":"050134a7-e65e-4a49-ae04-fff15c1dec29","local_time":"20180917183150","is_ascension_mode":false,"campfire_choices":[{"data":"Zap","floor":6.0,"key":"SMITH"},{"data":"White Noise","floor":15,"key":"SMITH"},{"data":"Creative AI","floor":23,"key":"SMITH"},{"data":"Mayhem","floor":32,"key":"SMITH"},{"data":"Bandage Up","floor":40,"key":"SMITH"}],"neow_cost":"NONE","seed_source_timestamp":0,"circlet_count":0,"master_deck":["Strike_B","Strike_B","Strike_B","Defend_B","Defend_B","Defend_B","Defend_B","Zap+1","Go for the Eyes","Chill","Steam Power","Bandage Up+1","Steam","Heatsinks","White Noise+1","Self Repair","Leap","Rip and Tear","Seek","Self Repair","Capacitor+1","Creative AI+1","Madness","Cold Snap+1","Gash","Ball Lightning+1","Glacier+1","BootSequence","Mayhem+1","Deep Breath","FTL+1","Conserve Battery","Gash+1","Reboot","Thunder Strike","Cold Snap","Sweeping Beam","Sweeping Beam","Chill","Sunder","Loop","Storm","Stack+1","Defragment+1","Bandage Up","Gash+1","Turbo+1","Doom and Gloom+1","Turbo"],"special_seed":0,"relics":["Cracked Core","Potion Belt","Bottled Lightning","Ice Cream","Sozu","Red Mask","Prayer Wheel","The Courier","Black Star","Du-Vu Doll","Happy Flower","Juzu Bracelet","Shuriken"],"potions_floor_usage":[16,18],"damage_taken":[{"damage":0.0,"enemies":"Small Slimes","floor":1.0,"turns":2.0},{"damage":8.0,"enemies":"Jaw Worm","floor":2.0,"turns":2.0},{"damage":19.0,"enemies":"Gremlin Nob","floor":7.0,"turns":5.0},{"damage":0,"enemies":"Cultist","floor":10,"turns":3},{"damage":5,"enemies":"Blue Slaver","floor":11,"turns":3},{"damage":3,"enemies":"Looter","floor":12,"turns":3},{"damage":2,"enemies":"2 Fungi Beasts","floor":13,"turns":4},{"damage":8,"enemies":"Exordium Wildlife","floor":14,"turns":4},{"damage":57,"enemies":"The Guardian","floor":16,"turns":17},{"damage":21,"enemies":"2 Thieves","floor":18,"turns":4},{"damage":5,"enemies":"Shell Parasite","floor":19,"turns":6},{"damage":40,"enemies":"Masked Bandits","floor":21,"turns":5},{"damage":16,"enemies":"Centurion and Healer","floor":24,"turns":8},{"damage":16,"enemies":"Colosseum Slavers","floor":25,"turns":6},{"damage":39,"enemies":"Snake Plant","floor":28,"turns":5},{"damage":0,"enemies":"Shelled Parasite and Fungi","floor":30,"turns":7},{"damage":15,"enemies":"Sentry and Sphere","floor":31,"turns":6},{"damage":35,"enemies":"Collector","floor":33,"turns":8},{"damage":5,"enemies":"3 Darklings","floor":35,"turns":7},{"damage":66,"enemies":"Mysterious Sphere","floor":36,"turns":7},{"damage":4,"enemies":"3 Shapes","floor":38,"turns":4},{"damage":2,"enemies":"3 Darklings","floor":41,"turns":5},{"damage":19,"enemies":"4 Shapes","floor":45,"turns":5},{"damage":10,"enemies":"Sphere and 2 Shapes","floor":46,"turns":4},{"damage":55,"enemies":"2 Orb Walkers","floor":47,"turns":4}],"seed_played":"-6099651200213414710","potions_obtained":[{"floor":2.0,"key":"AttackPotion"},{"floor":12,"key":"Regen Potion"},{"floor":16,"key":"Explosive Potion"}],"is_trial":false,"path_per_floor":["M","M","?","?","?","R","E","$","T","M","M","M","M","M","R","B",null,"M","M","?","?","?","R","M","?","T","?","M","$","M","M","R","B",null,"M","?","?","M","$","R","M","T","T","$","M","M"],"character_chosen":"DEFECT","items_purchased":["Bandage Up","Steam","Mayhem","Deep Breath","Happy Flower","Loop","Storm","Bandage Up"],"campfire_rested":0,"item_purchase_floors":[8,8,29,29,39,39,39,44],"current_hp_per_floor":[75,67,67,67,67,67,48,48,48,52,47,48,57,60,60,28,75,61,74,74,49,49,49,51,53,53,53,32,32,50,53,53,36,75,75,23,23,37,37,37,41,41,41,41,39,40,0],"gold":30,"neow_bonus":"RANDOM_COMMON_RELIC","is_prod":false,"is_daily":false,"chose_seed":false,"campfire_upgraded":5,"win_rate":0,"timestamp":1537223510,"path_taken":["M","M","?","?","?","R","E","$","T","M","M","M","M","?","R","BOSS","M","M","?","?","?","R","?","?","T","?","M","$","M","M","R","BOSS","M","?","?","M","$","R","M","?","T","?","M","M","E"],"build_version":"2018-09-06","purchased_purges":0,"victory":false,"max_hp_per_floor":[75,75,75,75,75,75,75,75,75,75,75,75,75,75,75,75,75,75,75,75,75,75,75,75,75,75,75,75,75,75,75,75,75,75,75,75,75,75,75,75,75,75,75,75,75,75,75],"card_choices":[{"not_picked":["Hologram","Rip and Tear"],"picked":"Go for the Eyes","floor":1.0},{"not_picked":["Cold Snap","Redo"],"picked":"Chill","floor":2.0},{"not_picked":["Sweeping Beam","Rebound"],"picked":"Steam Power","floor":7.0},{"not_picked":["Cold Snap","Glacier"],"picked":"Heatsinks","floor":10},{"not_picked":["Cold Snap","Steam"],"picked":"White Noise","floor":11},{"not_picked":["Melter","Coolheaded"],"picked":"Self Repair","floor":12},{"not_picked":["Steam Power","Steam"],"picked":"Leap","floor":13},{"not_picked":["Steam Power","Steam"],"picked":"Rip and Tear","floor":14},{"not_picked":["Meteor Strike","Thunder Strike"],"picked":"Seek","floor":16},{"not_picked":["Force Field","Chaos+1"],"picked":"Self Repair","floor":18},{"not_picked":["Consume+1","Coolheaded+1"],"picked":"Capacitor+1","floor":19},{"not_picked":["Lockon","Beam Cell"],"picked":"Cold Snap+1","floor":21},{"not_picked":["Reinforced Body","Ball Lightning+1"],"picked":"Gash","floor":24},{"not_picked":["Go for the Eyes","Coolheaded"],"picked":"Ball Lightning+1","floor":24},{"not_picked":["Rebound+1","Leap"],"picked":"Glacier+1","floor":28},{"not_picked":["Hyperbeam","Ball Lightning"],"picked":"BootSequence","floor":28},{"not_picked":["Tempest","Barrage"],"picked":"FTL+1","floor":30},{"not_picked":["Rebound+1","Steam"],"picked":"Conserve Battery","floor":30},{"not_picked":["Glacier+1","Barrage"],"picked":"Gash+1","floor":31},{"not_picked":["Cold Snap","Steam Power"],"picked":"Reboot","floor":31},{"not_picked":["Amplify","Reboot"],"picked":"Thunder Strike","floor":33},{"not_picked":["Steam Power+1","Compile Driver+1"],"picked":"Cold Snap","floor":35},{"not_picked":["Coolheaded","Ball Lightning+1"],"picked":"Sweeping Beam","floor":35},{"not_picked":["Compile Driver","Reboot"],"picked":"Sweeping Beam","floor":36},{"not_picked":["Sweeping Beam+1","Steam+1"],"picked":"Chill","floor":38},{"not_picked":["Coolheaded+1","Capacitor+1"],"picked":"Sunder","floor":38},{"not_picked":["Sweeping Beam","Thunder Strike"],"picked":"Stack+1","floor":41},{"not_picked":["Sunder+1","Stack+1"],"picked":"Defragment+1","floor":41},{"not_picked":["Coolheaded+1","Streamline"],"picked":"Gash+1","floor":45},{"not_picked":["Steam+1","Cold Snap+1"],"picked":"Turbo+1","floor":45},{"not_picked":["Buffer","Ball Lightning+1"],"picked":"Doom and Gloom+1","floor":46},{"not_picked":["Streamline+1","Leap+1"],"picked":"Turbo","floor":46}],"player_experience":361346,"relics_obtained":[{"floor":7.0,"key":"Bottled Lightning"},{"floor":9,"key":"Ice Cream"},{"floor":21,"key":"Red Mask"},{"floor":26,"key":"The Courier"},{"floor":36,"key":"Du-Vu Doll"},{"floor":42,"key":"Juzu Bracelet"},{"floor":43,"key":"Shuriken"}],"event_choices":[{"event_name":"The Cleric","player_choice":"Leave","floor":3.0,"damage_taken":0.0},{"event_name":"Golden Wing","player_choice":"Ignored","floor":4.0,"damage_taken":0.0},{"event_name":"Bonfire Elementals","player_choice":"BASIC","floor":5.0,"damage_taken":0.0},{"event_name":"Match and Keep!","player_choice":"2 cards matched","floor":20,"damage_taken":0},{"event_name":"Masked Bandits","player_choice":"Fought Bandits","floor":21,"damage_taken":0},{"event_name":"Addict","player_choice":"Obtained Relic","floor":22,"damage_taken":0},{"event_name":"Colosseum","player_choice":"Fight","floor":25,"damage_taken":0},{"event_name":"Colosseum","player_choice":"Fled From Nobs","floor":25,"damage_taken":0},{"event_name":"The Joust","player_choice":"Bet on Murderer","floor":27,"damage_taken":0},{"event_name":"Mysterious Sphere","player_choice":"Fight","floor":36,"damage_taken":0},{"event_name":"Falling","player_choice":"Removed Skill","floor":37,"damage_taken":0}],"is_beta":false,"boss_relics":[{"not_picked":["Coffee Dripper","Philosopher\u0027s Stone"],"picked":"Sozu"},{"not_picked":["Busted Crown","Orrery"],"picked":"Black Star"}],"items_purged_floors":[],"is_endless":false,"potions_floor_spawned":[2,12,16,19,24,25,28,33,35,36,41],"killed_by":"2 Orb Walkers","ascension_level":0}