{"gold_per_floor":[114,129,129,129,144,144,159,159,234,0,0,15,15,30,30,130,130,157,268,27,27,42,42,57,57,82,97,97,112,112,127,127,227,227,242,242,242,257,272,272,272,272,272,3,3,3],"floor_reached":46,"playtime":4411,"items_purged":[],"score":535,"play_id":"c0df9449-ccd9-49a8-a23b-28075266edc3","local_time":"20190216061525","daily_mods":["SealedDeck","ControlledChaos","Terminal"],"is_ascension_mode":false,"campfire_choices":[{"data":"Twin Strike","floor":6.0,"key":"SMITH"},{"data":"Cleave","floor":11.0,"key":"SMITH"},{"data":"Inflame","floor":15.0,"key":"SMITH"},{"data":"Feed","floor":23,"key":"SMITH"},{"data":"Perfected Strike","floor":25,"key":"SMITH"},{"floor":30,"key":"REST"},{"data":"Thunderclap","floor":32,"key":"SMITH"},{"floor":40,"key":"REST"},{"data":"Demon Form","floor":42,"key":"SMITH"},{"data":"Flash of Steel","floor":45,"key":"SMITH"}],"neow_cost":"","seed_source_timestamp":0,"circlet_count":0,"master_deck":["Anger","Shrug It Off","Evolve","Anger","Thunderclap+1","Pommel Strike","Perfected Strike+1","Wild Strike","Twin Strike+1","Inflame+1","Cleave+1","Twin Strike","Power Through","Iron Wave","Blood for Blood","Shrug It Off","Wild Strike","Twin Strike","Feed+1","Writhe","Clumsy","Regret","Pommel Strike","Iron Wave","Disarm","Metallicize+1","Seeing Red+1","Necronomicurse","Iron Wave+1","Cleave","Demon Form+1","Pommel Strike+1","Power Through+1","Flex+1","Writhe","Flash of Steel+1","Body Slam"],"special_seed":17943,"relics":["Burning Blood","Frozen Eye","Sundial","CultistMask","Question Card","Blood Vial","Calling Bell","MawBank","Pantograph","Bird Faced Urn","Lee\u0027s Waffle","Oddly Smooth Stone","Necronomicon","Black Star","Paper Frog","Membership Card"],"potions_floor_usage":[16,16,16,16,33,33,39],"damage_taken":[{"damage":0.0,"enemies":"2 Louse","floor":1.0,"turns":2.0},{"damage":6.0,"enemies":"Jaw Worm","floor":2.0,"turns":2.0},{"damage":0.0,"enemies":"Cultist","floor":5.0,"turns":2.0},{"damage":0.0,"enemies":"3 Louse","floor":7.0,"turns":1.0},{"damage":0.0,"enemies":"Exordium Thugs","floor":12.0,"turns":3.0},{"damage":0.0,"enemies":"Large Slime","floor":14.0,"turns":5.0},{"damage":40,"enemies":"The Guardian","floor":16,"turns":8},{"damage":40,"enemies":"3 Byrds","floor":18,"turns":7},{"damage":9,"enemies":"Chosen","floor":22,"turns":4},{"damage":22,"enemies":"Snake Plant","floor":24,"turns":3},{"damage":33,"enemies":"Centurion and Healer","floor":27,"turns":6},{"damage":17,"enemies":"3 Cultists","floor":29,"turns":7},{"damage":0,"enemies":"Snecko","floor":31,"turns":3},{"damage":78,"enemies":"Champ","floor":33,"turns":12},{"damage":52,"enemies":"3 Darklings","floor":35,"turns":6},{"damage":13,"enemies":"Orb Walker","floor":38,"turns":3},{"damage":38,"enemies":"Spire Growth","floor":39,"turns":5},{"damage":56,"enemies":"2 Orb Walkers","floor":46,"turns":3}],"seed_played":"2911605258430901299","potions_obtained":[{"floor":2.0,"key":"SpeedPotion"},{"floor":14.0,"key":"EntropicBrew"},{"floor":22,"key":"SpeedPotion"},{"floor":24,"key":"FairyPotion"},{"floor":31,"key":"SpeedPotion"},{"floor":33,"key":"SteroidPotion"},{"floor":35,"key":"GamblersBrew"}],"is_trial":false,"path_per_floor":["M","M","?","?","M","R","M","?","T","$","R","M","$","M","R","B",null,"M","?","$","?","M","R","M","R","T","M","?","M","R","M","R","B",null,"M","?","?","M","M","R","?","R","T","$","R","?"],"character_chosen":"IRONCLAD","items_purchased":["Blood Vial","Blood for Blood","Shrug It Off","Lee\u0027s Waffle","Iron Wave","Membership Card","Flash of Steel","Body Slam"],"campfire_rested":2,"item_purchase_floors":[10,10,10,20,20,44,44,44],"current_hp_per_floor":[78,77,76,75,74,73,72,71,70,69,68,67,66,65,64,30,62,36,36,66,65,64,63,49,49,49,30,14,13,30,40,40,12,52,8,44,43,38,14,26,36,36,36,36,35,0],"gold":3,"neow_bonus":"","is_prod":false,"is_daily":true,"chose_seed":false,"campfire_upgraded":8,"win_rate":0,"timestamp":1550315725,"path_taken":["M","M","?","?","?","R","M","?","T","$","R","M","?","M","R","BOSS","M","?","$","?","M","R","M","R","T","M","?","M","R","M","R","BOSS","M","?","?","M","?","R","?","R","T","$","R","?"],"build_version":"2019-01-23","purchased_purges":0,"victory":false,"max_hp_per_floor":[78,77,76,75,74,73,72,71,70,69,68,67,66,65,64,63,62,61,60,66,65,64,63,62,61,60,59,58,57,56,55,54,53,52,51,44,43,42,41,40,39,38,37,36,35,35],"card_choices":[{"not_picked":["Wild Strike","Shrug It Off"],"picked":"Cleave","floor":1.0},{"not_picked":["Shockwave","Searing Blow"],"picked":"Twin Strike","floor":2.0},{"not_picked":["Body Slam","Headbutt"],"picked":"Power Through","floor":5.0},{"not_picked":["Perfected Strike","Clash"],"picked":"Iron Wave","floor":7.0},{"not_picked":["Clothesline","Sever Soul","Heavy Blade"],"picked":"Wild Strike","floor":12.0},{"not_picked":["Reckless Charge","Combust","Sever Soul"],"picked":"Twin Strike","floor":14.0},{"not_picked":["Exhume","Berserk","Bludgeon"],"picked":"Feed","floor":16},{"not_picked":["Headbutt","Evolve","Havoc"],"picked":"Pommel Strike","floor":18},{"not_picked":["Heavy Blade","Wild Strike","Clash"],"picked":"Disarm","floor":22},{"not_picked":["Anger","Heavy Blade+1","Clothesline+1"],"picked":"Metallicize+1","floor":24},{"not_picked":["Anger","Havoc","Shrug It Off"],"picked":"Seeing Red+1","floor":27},{"not_picked":["Body Slam","Wild Strike+1","Havoc"],"picked":"Iron Wave+1","floor":29},{"not_picked":["True Grit","Clothesline+1","Twin Strike"],"picked":"Cleave","floor":31},{"not_picked":["Brutality","Fiend Fire","Immolate"],"picked":"Demon Form","floor":33},{"not_picked":["Perfected Strike","Body Slam","Reckless Charge"],"picked":"Pommel Strike+1","floor":35},{"not_picked":["Body Slam+1","Uppercut","Clothesline+1"],"picked":"Power Through+1","floor":38},{"not_picked":["Havoc","Armaments","Immolate"],"picked":"Flex+1","floor":39}],"player_experience":540789,"relics_obtained":[{"floor":9.0,"key":"Question Card"},{"floor":17,"key":"MawBank"},{"floor":17,"key":"Pantograph"},{"floor":17,"key":"Bird Faced Urn"},{"floor":26,"key":"Oddly Smooth Stone"},{"floor":28,"key":"Necronomicon"},{"floor":43,"key":"Paper Frog"}],"event_choices":[{"damage_healed":0.0,"max_hp_gain":0.0,"max_hp_loss":0.0,"gold_gain":0.0,"event_name":"The Cleric","player_choice":"Leave","floor":3.0,"gold_loss":0.0,"damage_taken":0.0},{"damage_healed":0.0,"max_hp_gain":0.0,"max_hp_loss":0.0,"gold_gain":0.0,"event_name":"WeMeetAgain","player_choice":"Gave Potion","floor":4.0,"gold_loss":0.0,"damage_taken":0.0,"relics_obtained":["Sundial"]},{"damage_healed":0.0,"max_hp_gain":0.0,"max_hp_loss":0.0,"gold_gain":0.0,"event_name":"FaceTrader","player_choice":"Trade","floor":8.0,"gold_loss":0.0,"damage_taken":0.0,"relics_obtained":["CultistMask"]},{"damage_healed":0,"gold_gain":99,"player_choice":"Stole From Cult","damage_taken":0,"max_hp_gain":0,"max_hp_loss":0,"event_name":"Nest","floor":19,"gold_loss":0},{"damage_healed":0,"gold_gain":0,"player_choice":"Ignored","damage_taken":0,"max_hp_gain":0,"max_hp_loss":0,"event_name":"Beggar","floor":21,"gold_loss":0},{"damage_healed":0,"gold_gain":0,"player_choice":"Obtained Book","damage_taken":16,"max_hp_gain":0,"max_hp_loss":0,"event_name":"Cursed Tome","floor":28,"gold_loss":0},{"damage_healed":45,"gold_gain":0,"player_choice":"Heal","damage_taken":0,"max_hp_gain":0,"max_hp_loss":6,"event_name":"The Moai Head","floor":36,"gold_loss":0},{"damage_healed":0,"gold_gain":0,"player_choice":"Bought 0 Potions","damage_taken":0,"max_hp_gain":0,"max_hp_loss":0,"event_name":"The Woman in Blue","floor":37,"gold_loss":0},{"damage_healed":10,"gold_gain":0,"player_choice":"Writhe","damage_taken":0,"max_hp_gain":0,"max_hp_loss":0,"event_name":"Winding Halls","floor":41,"gold_loss":0,"cards_obtained":["Writhe"]},{"damage_healed":0,"gold_gain":0,"player_choice":"Fight","damage_taken":0,"max_hp_gain":0,"max_hp_loss":0,"event_name":"Mysterious Sphere","floor":46,"gold_loss":0}],"is_beta":false,"boss_relics":[{"not_picked":["Velvet Choker","Lizard Tail"],"picked":"Calling Bell"},{"not_picked":["Cursed Key","Tiny House"],"picked":"Black Star"}],"items_purged_floors":[],"is_endless":false,"potions_floor_spawned":[2,14,22,24,31,33,35],"killed_by":"2 Orb Walkers","ascension_level":0}