{"gold_per_floor":[209,225,300,152,172,172,191,45,45,45,45,75,75,8,8,103,103,103,103,103,11,11,11,11,11,11,11,11,11,11,11,11,11,11,11,11,11,11,11,11,11,11,11,11,11,11,0,0,0,0],"floor_reached":51,"playtime":1848,"items_purged":["Strike_G"],"score":673,"play_id":"9151b984-edfd-4fbe-937e-b9b3fc88efcd","local_time":"20190703061827","is_ascension_mode":false,"campfire_choices":[{"data":"Neutralize","floor":6,"key":"SMITH"},{"data":"Noxious Fumes","floor":11,"key":"SMITH"},{"data":"Glass Knife","floor":13,"key":"SMITH"},{"data":"Footwork","floor":15,"key":"SMITH"},{"data":"Infinite Blades","floor":23,"key":"SMITH"},{"data":"Footwork","floor":25,"key":"SMITH"},{"data":"Glass Knife","floor":27,"key":"SMITH"},{"data":"Skewer","floor":29,"key":"SMITH"},{"data":"RitualDagger","floor":32,"key":"SMITH"},{"floor":42,"key":"REST"},{"data":"Noxious Fumes","floor":45,"key":"SMITH"},{"floor":49,"key":"REST"}],"neow_cost":"NONE","seed_source_timestamp":31091992390976,"circlet_count":0,"master_deck":["Strike_G","Strike_G","Strike_G","Strike_G","Defend_G","Defend_G","Defend_G","Defend_G","Defend_G","Survivor","Neutralize+1","Backflip","Backstab","Glass Knife+1","Venomology","Noxious Fumes+1","Footwork+1","Footwork+1","Glass Knife+1","Cloak And Dagger+1","Accuracy","Finisher","Infinite Blades+1","Deflect","Skewer+1","RitualDagger+1","Flying Knee+1","Die Die Die","Accuracy+1","Noxious Fumes+1","Deflect","Accuracy+1","Bouncing Flask+1","Poisoned Stab+1"],"special_seed":0,"relics":["Ring of the Snake","Kunai","Darkstone Periapt","Shuriken","Ectoplasm","Dead Branch","White Beast Statue","Gremlin Horn","MawBank","Red Mask"],"potions_floor_usage":[12,12,19,20,31,33,33,33,37,37,39,39,39,40,40,48,50,50,50],"damage_taken":[{"damage":0.0,"enemies":"Jaw Worm","floor":1.0,"turns":5.0},{"damage":0.0,"enemies":"Cultist","floor":2.0,"turns":4.0},{"damage":0,"enemies":"Small Slimes","floor":5,"turns":2},{"damage":0,"enemies":"Blue Slaver","floor":7,"turns":4},{"damage":2,"enemies":"3 Sentries","floor":12,"turns":5},{"damage":11,"enemies":"The Guardian","floor":16,"turns":11},{"damage":0,"enemies":"Spheric Guardian","floor":18,"turns":3},{"damage":0,"enemies":"3 Byrds","floor":19,"turns":4},{"damage":0,"enemies":"Centurion and Healer","floor":20,"turns":5},{"damage":0,"enemies":"3 Cultists","floor":28,"turns":4},{"damage":11,"enemies":"Snake Plant","floor":31,"turns":4},{"damage":16,"enemies":"Champ","floor":33,"turns":8},{"damage":9,"enemies":"3 Darklings","floor":35,"turns":6},{"damage":3,"enemies":"3 Shapes","floor":37,"turns":5},{"damage":10,"enemies":"Writhing Mass","floor":39,"turns":5},{"damage":4,"enemies":"Giant Head","floor":40,"turns":8},{"damage":14,"enemies":"Transient","floor":46,"turns":5},{"damage":4,"enemies":"4 Shapes","floor":48,"turns":4},{"damage":56,"enemies":"Time Eater","floor":50,"turns":12}],"seed_played":"-1590621739557278402","potions_obtained":[{"floor":7,"key":"Fire Potion"},{"floor":16,"key":"Weak Potion"},{"floor":24,"key":"PowerPotion"},{"floor":24,"key":"Regen Potion"},{"floor":35,"key":"SkillPotion"},{"floor":37,"key":"Strength Potion"},{"floor":39,"key":"Weak Potion"},{"floor":40,"key":"GhostInAJar"}],"is_trial":false,"path_per_floor":["M","M","?","$","M","R","M","$","T","?","R","E","R","$","R","B",null,"M","M","M","$","?","R","?","R","T","R","M","R","?","M","R","B",null,"M","$","M","?","M","E","$","R","T","?","R","M","?","M","R","B",null],"character_chosen":"THE_SILENT","items_purchased":["Glass Knife","Footwork","Footwork","Infinite Blades","Deflect"],"campfire_rested":2,"item_purchase_floors":[4,8,14,21,21],"current_hp_per_floor":[70,70,63,63,63,63,63,63,63,56,56,54,54,54,54,43,70,70,70,70,70,70,70,70,70,70,70,70,70,64,53,53,52,70,61,61,58,58,48,44,44,65,65,65,65,51,51,47,66,10],"gold":0,"neow_bonus":"HUNDRED_GOLD","is_prod":false,"is_daily":false,"chose_seed":false,"campfire_upgraded":10,"win_rate":0,"timestamp":1562156307,"path_taken":["M","M","?","?","M","R","?","$","T","?","R","E","R","$","R","BOSS","M","M","M","$","?","R","?","R","T","R","?","R","?","M","R","BOSS","M","$","M","?","M","E","$","R","T","?","R","M","?","M","R","BOSS"],"build_version":"2019-07-01","purchased_purges":1,"victory":true,"max_hp_per_floor":[70,70,70,70,70,70,70,70,70,70,70,70,70,70,70,70,70,70,70,70,70,70,70,70,70,70,70,70,70,70,70,70,70,70,70,70,70,70,70,70,70,70,70,66,66,66,66,66,66,66],"card_choices":[{"not_picked":["Acrobatics","Dagger Spray"],"picked":"Backflip","floor":1.0},{"not_picked":["Bane","Blade Dance"],"picked":"Backstab","floor":2.0},{"not_picked":["PiercingWail","Dagger Spray"],"picked":"Venomology","floor":5},{"not_picked":["Leg Sweep","Underhanded Strike"],"picked":"Noxious Fumes","floor":7},{"not_picked":["Flying Knee","Prepared","Tactician"],"picked":"SKIP","floor":12},{"not_picked":["Bullet Time","Die Die Die"],"picked":"Glass Knife","floor":16},{"not_picked":["Terror","Bouncing Flask"],"picked":"Cloak And Dagger+1","floor":18},{"not_picked":["Flying Knee","Distraction+1"],"picked":"Accuracy","floor":19},{"not_picked":["Prepared","Slice"],"picked":"Finisher","floor":20},{"not_picked":["Catalyst","Heel Hook+1"],"picked":"Skewer","floor":28},{"not_picked":["Slice","Endless Agony"],"picked":"Flying Knee+1","floor":31},{"not_picked":["Night Terror","Tools of the Trade"],"picked":"Die Die Die","floor":33},{"not_picked":["Acrobatics+1","Deflect"],"picked":"Accuracy+1","floor":35},{"not_picked":["Blade Dance","Catalyst"],"picked":"Noxious Fumes","floor":37},{"not_picked":["Bane+1","Well Laid Plans"],"picked":"Deflect","floor":39},{"not_picked":["Bane","Dash+1"],"picked":"Accuracy+1","floor":40},{"not_picked":["Backstab+1","Caltrops+1"],"picked":"Bouncing Flask+1","floor":46},{"not_picked":["Underhanded Strike+1","Outmaneuver"],"picked":"Poisoned Stab+1","floor":48}],"player_experience":1538209,"relics_obtained":[{"floor":9,"key":"Kunai"},{"floor":12,"key":"Shuriken"},{"floor":26,"key":"Dead Branch"},{"floor":40,"key":"Gremlin Horn"},{"floor":43,"key":"MawBank"}],"event_choices":[{"damage_healed":0,"gold_gain":75,"player_choice":"Touch","damage_taken":7,"max_hp_gain":0,"max_hp_loss":0,"event_name":"FaceTrader","floor":3,"gold_loss":0},{"damage_healed":0,"gold_gain":0,"player_choice":"Success","damage_taken":7,"relics_obtained":["Darkstone Periapt"],"max_hp_gain":0,"max_hp_loss":0,"event_name":"Scrap Ooze","floor":10,"gold_loss":0},{"damage_healed":0,"gold_gain":0,"player_choice":"Ignored","damage_taken":0,"max_hp_gain":0,"max_hp_loss":0,"event_name":"Ghosts","floor":22,"gold_loss":0},{"damage_healed":0,"gold_gain":0,"player_choice":"Got Potions","damage_taken":0,"max_hp_gain":0,"max_hp_loss":0,"event_name":"Lab","floor":24,"gold_loss":0},{"damage_healed":0,"gold_gain":0,"player_choice":"Joined the Cult","damage_taken":6,"max_hp_gain":0,"max_hp_loss":0,"event_name":"Nest","floor":30,"gold_loss":0,"cards_obtained":["RitualDagger"]},{"damage_healed":0,"gold_gain":0,"player_choice":"Ignored","damage_taken":0,"max_hp_gain":0,"max_hp_loss":0,"event_name":"Mysterious Sphere","floor":38,"gold_loss":0},{"damage_healed":0,"gold_gain":0,"player_choice":"Max HP","damage_taken":0,"max_hp_gain":0,"max_hp_loss":4,"event_name":"Winding Halls","floor":44,"gold_loss":0},{"damage_healed":0,"gold_gain":0,"player_choice":"Paid","damage_taken":0,"relics_obtained":["Red Mask"],"max_hp_gain":0,"max_hp_loss":0,"event_name":"Tomb of Lord Red Mask","floor":47,"gold_loss":11}],"is_beta":false,"boss_relics":[{"not_picked":["Astrolabe","Fusion Hammer"],"picked":"Ectoplasm"},{"not_picked":["Orrery","WristBlade"],"picked":"White Beast Statue"}],"items_purged_floors":[8],"is_endless":false,"potions_floor_spawned":[7,16,19,28,31,35,37,39,40,46,48],"ascension_level":0}