{"gold_per_floor":[369,369,1,11,86,411,411,422,422,422,439,439,449,467,467,571,571,591,608,16,46,146,157,170,170],"floor_reached":25,"playtime":1519,"items_purged":[],"score":280,"play_id":"52cbd96e-62e8-412f-8485-79b8472dc73c","local_time":"20180902171124","is_ascension_mode":false,"campfire_choices":[{"data":"Apotheosis","floor":10,"key":"SMITH"},{"data":"Bludgeon","floor":15,"key":"SMITH"}],"neow_cost":"PERCENT_DAMAGE","seed_source_timestamp":160842188355360,"circlet_count":0,"master_deck":["Strike_R","Strike_R","Strike_R","Strike_R","Strike_R","Defend_R","Defend_R","Defend_R","Defend_R","Bash","Infernal Blade","Apotheosis+1","Shrug It Off","Flex","Metallicize","Sword Boomerang","Rampage","Parasite","Bludgeon+1","Intimidate","Berserk","Perfected Strike","Clothesline","Fire Breathing","Iron Wave","Thunderclap","Burning Pact+1","Twin Strike","Havoc+1"],"relics":["Black Blood","Red Skull","Old Coin","Orichalcum","Mercury Hourglass","Lee\u0027s Waffle","Anchor","Regal Pillow","Red Mask","Thread and Needle","Toxic Egg 2"],"potions_floor_usage":[16,18,25],"damage_taken":[{"damage":6,"enemies":"2 Louse","floor":1,"turns":4},{"damage":0,"enemies":"Cultist","floor":4,"turns":3},{"damage":40,"enemies":"Gremlin Nob","floor":6,"turns":5},{"damage":2,"enemies":"Jaw Worm","floor":8,"turns":2},{"damage":1,"enemies":"Looter","floor":11,"turns":2},{"damage":0,"enemies":"Large Slime","floor":13,"turns":3},{"damage":2,"enemies":"Exordium Thugs","floor":14,"turns":3},{"damage":0,"enemies":"Slime Boss","floor":16,"turns":8},{"damage":9,"enemies":"Chosen","floor":18,"turns":5},{"damage":13,"enemies":"3 Byrds","floor":19,"turns":5},{"damage":47,"enemies":"Masked Bandits","floor":21,"turns":4},{"damage":19,"enemies":"Colosseum Slavers","floor":22,"turns":4},{"damage":34,"enemies":"Colosseum Nobs","floor":22,"turns":5},{"damage":8,"enemies":"3 Cultists","floor":23,"turns":5},{"damage":4,"enemies":"Shelled Parasite and Fungi","floor":24,"turns":4},{"damage":27,"enemies":"Centurion and Healer","floor":25,"turns":5}],"seed_played":"-3376207099576872875","potions_obtained":[{"floor":6,"key":"Weak Potion"},{"floor":13,"key":"FearPotion"},{"floor":16,"key":"Explosive Potion"},{"floor":23,"key":"Dexterity Potion"}],"is_trial":false,"path_per_floor":["M","?","$","M","?","E","?","M","T","R","M","?","M","M","R","B",null,"M","M","$","?","?","M","M"],"character_chosen":"IRONCLAD","items_purchased":["Apotheosis","Red Skull","Shrug It Off","Lee\u0027s Waffle","Anchor","Regal Pillow","Fire Breathing","Iron Wave"],"campfire_rested":0,"item_purchase_floors":[3,3,3,20,20,20,20,20],"current_hp_per_floor":[56,56,56,62,51,17,10,14,14,14,19,39,45,49,49,55,80,80,77,87,50,17,19,25,0],"gold":170,"neow_bonus":"TWO_FIFTY_GOLD","is_prod":false,"is_daily":false,"chose_seed":false,"campfire_upgraded":2,"win_rate":0,"timestamp":1535922684,"path_taken":["M","?","$","M","?","E","?","M","T","R","M","?","?","M","R","BOSS","M","M","$","?","?","M","M","M"],"build_version":"2018-08-30","purchased_purges":0,"victory":false,"max_hp_per_floor":[80,80,80,80,80,80,80,80,80,80,80,80,80,80,80,80,80,80,80,87,87,87,87,87,87],"card_choices":[{"not_picked":["Armaments","Body Slam"],"picked":"Infernal Blade","floor":1},{"not_picked":["Iron Wave","Combust"],"picked":"Flex","floor":4},{"not_picked":["Feed","Spot Weakness"],"picked":"Metallicize","floor":6},{"not_picked":["Warcry","Flex"],"picked":"Sword Boomerang","floor":8},{"not_picked":["Entrench","Twin Strike"],"picked":"Rampage","floor":11},{"not_picked":["Armaments","Headbutt"],"picked":"Bludgeon","floor":13},{"not_picked":["Reckless Charge","Thunderclap"],"picked":"Intimidate","floor":14},{"not_picked":["Double Tap","Reaper"],"picked":"Berserk","floor":16},{"not_picked":["Ghostly Armor","Clothesline"],"picked":"Perfected Strike","floor":18},{"not_picked":["Headbutt","Battle Trance"],"picked":"Clothesline","floor":19},{"not_picked":["Headbutt","Shrug It Off"],"picked":"Thunderclap","floor":21},{"not_picked":["Body Slam","Headbutt"],"picked":"Burning Pact","floor":22},{"not_picked":["Sever Soul","Thunderclap"],"picked":"Twin Strike","floor":23},{"not_picked":["Perfected Strike","Heavy Blade"],"picked":"Havoc+1","floor":24}],"player_experience":343280,"relics_obtained":[{"floor":6,"key":"Old Coin"},{"floor":9,"key":"Mercury Hourglass"},{"floor":21,"key":"Red Mask"},{"floor":22,"key":"Thread and Needle"},{"floor":22,"key":"Toxic Egg 2"}],"event_choices":[{"event_name":"The Woman in Blue","player_choice":"Bought 0 Potions","floor":2,"damage_taken":0},{"event_name":"World of Goop","player_choice":"Gather Gold","floor":5,"damage_taken":0},{"event_name":"Scrap Ooze","player_choice":"success","floor":7,"damage_taken":7},{"event_name":"Mushrooms","player_choice":"Healed and dodged fight","floor":12,"damage_taken":0},{"event_name":"Masked Bandits","player_choice":"Fought Bandits","floor":21,"damage_taken":0},{"event_name":"Colosseum","player_choice":"Fight","floor":22,"damage_taken":0},{"event_name":"Colosseum","player_choice":"Fought Nobs","floor":22,"damage_taken":0}],"is_beta":false,"boss_relics":[{"not_picked":["Mark of Pain","Ectoplasm"],"picked":"Black Blood"}],"items_purged_floors":[],"is_endless":false,"potions_floor_spawned":[6,13,16,22,23],"killed_by":"Centurion and Healer","ascension_level":0}