{"gold_per_floor":[117,117,133,208,23,23,40,40,40,40,55,89,239,259,259,259],"floor_reached":16,"playtime":636,"items_purged":[],"score":200,"play_id":"8703ca39-66f1-4387-86ca-aea65606c564","local_time":"20190608152024","is_ascension_mode":true,"campfire_choices":[{"data":"Havoc","floor":6.0,"key":"SMITH"},{"data":"Body Slam","floor":8.0,"key":"SMITH"},{"floor":15,"key":"REST"}],"neow_cost":"TEN_PERCENT_HP_LOSS","seed_source_timestamp":267047150473889,"circlet_count":0,"master_deck":["AscendersBane","Strike_R","Strike_R","Strike_R","Strike_R","Defend_R","Defend_R","Defend_R","Bash","Havoc+1","Ghostly Armor","True Grit","Body Slam+1","Injury","Inflame","Sever Soul","Doubt","Metallicize"],"special_seed":0,"relics":["Burning Blood","FaceOfCleric","Oddly Smooth Stone","Happy Flower","Golden Idol","Lantern"],"potions_floor_usage":[14,16],"damage_taken":[{"damage":14.0,"enemies":"Jaw Worm","floor":1.0,"turns":4.0},{"damage":2.0,"enemies":"Cultist","floor":3.0,"turns":4.0},{"damage":2.0,"enemies":"Small Slimes","floor":7.0,"turns":4.0},{"damage":16.0,"enemies":"Exordium Thugs","floor":11.0,"turns":8.0},{"damage":46.0,"enemies":"3 Sentries","floor":12.0,"turns":16.0},{"damage":7,"enemies":"Blue Slaver","floor":14,"turns":3},{"damage":32,"enemies":"Hexaghost","floor":16,"turns":9}],"seed_played":"3908134580518077757","potions_obtained":[{"floor":3.0,"key":"LiquidBronze"},{"floor":11.0,"key":"SpeedPotion"},{"floor":14,"key":"Poison Potion"}],"is_trial":false,"path_per_floor":["M","?","M","?","$","R","M","R","T","?","M","E","?","M","R","B"],"character_chosen":"IRONCLAD","items_purchased":["Oddly Smooth Stone","True Grit"],"campfire_rested":1,"item_purchase_floors":[5,5],"current_hp_per_floor":[60,60,65,54,54,54,59,59,59,59,50,11,11,11,32,0],"gold":259,"neow_bonus":"REMOVE_TWO","is_prod":false,"is_daily":false,"chose_seed":false,"campfire_upgraded":2,"win_rate":0,"timestamp":1560032424,"path_taken":["M","?","?","?","?","R","M","R","T","?","M","E","?","M","R","BOSS"],"build_version":"2019-01-23","purchased_purges":0,"victory":false,"max_hp_per_floor":[68,68,69,69,69,69,70,70,70,70,71,72,72,73,73,73],"card_choices":[{"not_picked":["Perfected Strike","Thunderclap"],"picked":"Havoc","floor":1.0},{"not_picked":["Corruption","Clothesline"],"picked":"Ghostly Armor","floor":3.0},{"not_picked":["Intimidate","Shrug It Off"],"picked":"Body Slam","floor":7.0},{"not_picked":["Clothesline","Warcry"],"picked":"Inflame","floor":11.0},{"not_picked":["Blood for Blood","Pommel Strike"],"picked":"Sever Soul","floor":12.0},{"not_picked":["Thunderclap","Warcry"],"picked":"Metallicize","floor":14}],"player_experience":812289,"relics_obtained":[{"floor":9.0,"key":"Happy Flower"},{"floor":12.0,"key":"Lantern"}],"event_choices":[{"damage_healed":0.0,"max_hp_gain":0.0,"max_hp_loss":0.0,"gold_gain":0.0,"event_name":"FaceTrader","player_choice":"Trade","floor":2.0,"gold_loss":0.0,"damage_taken":0.0,"relics_obtained":["FaceOfCleric"]},{"damage_healed":0.0,"max_hp_gain":0.0,"max_hp_loss":0.0,"gold_gain":75.0,"event_name":"World of Goop","player_choice":"Gather Gold","floor":4.0,"gold_loss":0.0,"damage_taken":11.0},{"damage_healed":0.0,"max_hp_gain":0.0,"max_hp_loss":0.0,"gold_gain":0.0,"event_name":"Golden Idol","player_choice":"Take Wound","floor":10.0,"gold_loss":0.0,"damage_taken":0.0,"relics_obtained":["Golden Idol"],"cards_obtained":["Injury"]},{"damage_healed":0.0,"max_hp_gain":0.0,"max_hp_loss":0.0,"gold_gain":150.0,"event_name":"Liars Game","player_choice":"AGREE","floor":13.0,"gold_loss":0.0,"damage_taken":0.0,"cards_obtained":["Doubt"]}],"is_beta":false,"boss_relics":[],"items_purged_floors":[],"is_endless":false,"potions_floor_spawned":[3,11,14],"killed_by":"Hexaghost","ascension_level":20}