{"gold_per_floor":[362,24,42,57,57,57,88,88,88,103,103,103,113,113,113,190,190,204,204,233,233,243,243,268,268,294,39,50,50,50,50,50,50],"floor_reached":33,"playtime":1835,"items_purged":["Strike_G"],"score":470,"play_id":"8625d316-bb85-41f1-9a24-13d06cf13f3c","local_time":"20190705184648","is_ascension_mode":true,"campfire_choices":[{"data":"Dagger Spray","floor":6.0,"key":"SMITH"},{"data":"Sucker Punch","floor":8.0,"key":"SMITH"},{"data":"Neutralize","floor":12.0,"key":"SMITH"},{"floor":15.0,"key":"REST"},{"floor":23.0,"key":"REST"},{"floor":25.0,"key":"REST"},{"floor":32,"key":"REST"}],"neow_cost":"CURSE","seed_source_timestamp":1153586661024934,"circlet_count":0,"master_deck":["AscendersBane","Strike_G+1","Strike_G+1","Strike_G+1","Defend_G+1","Defend_G+1","Defend_G+1","Defend_G+1","Defend_G+1","Survivor","Neutralize+1","Deadly Poison","Infinite Blades","Dagger Spray+1","Sucker Punch+1","Dodge and Roll","Blur","Corpse Explosion","Adrenaline","Terror","Cloak And Dagger","PiercingWail+1","Accuracy","PanicButton","Well Laid Plans","Ghostly","Ghostly","Ghostly"],"special_seed":0,"relics":["Ring of the Snake","Shuriken","Blue Candle","Juzu Bracelet","WristBlade","Red Mask","Girya","Bag of Marbles"],"potions_floor_usage":[],"damage_taken":[{"damage":6.0,"enemies":"Jaw Worm","floor":1.0,"turns":7.0},{"damage":4.0,"enemies":"Cultist","floor":3.0,"turns":4.0},{"damage":7.0,"enemies":"Small Slimes","floor":4.0,"turns":4.0},{"damage":12.0,"enemies":"3 Sentries","floor":7.0,"turns":7.0},{"damage":13.0,"enemies":"3 Louse","floor":10.0,"turns":4.0},{"damage":1.0,"enemies":"Lots of Slimes","floor":13.0,"turns":2.0},{"damage":11.0,"enemies":"The Guardian","floor":16.0,"turns":13.0},{"damage":7.0,"enemies":"Shell Parasite","floor":18.0,"turns":9.0},{"damage":22.0,"enemies":"Masked Bandits","floor":20.0,"turns":3.0},{"damage":6.0,"enemies":"2 Thieves","floor":22.0,"turns":3.0},{"damage":34.0,"enemies":"Book of Stabbing","floor":24.0,"turns":7.0},{"damage":3.0,"enemies":"Snake Plant","floor":28.0,"turns":5.0},{"damage":6,"enemies":"Colosseum Slavers","floor":31,"turns":3},{"damage":29,"enemies":"Champ","floor":33,"turns":6}],"seed_played":"3916692450549618373","potions_obtained":[{"floor":1.0,"key":"Energy Potion"},{"floor":3.0,"key":"Swift Potion"},{"floor":7.0,"key":"Weak Potion"},{"floor":10.0,"key":"PowerPotion"},{"floor":24.0,"key":"AttackPotion"},{"floor":28.0,"key":"LiquidBronze"}],"is_trial":false,"path_per_floor":["M","$","M","M","$","R","E","R","T","M","?","R","M","?","R","B",null,"M","?","?","?","M","R","E","R","T","$","M","?","?","?","R","B"],"character_chosen":"THE_SILENT","items_purchased":["Shuriken","Accuracy","GhostInAJar","PanicButton"],"campfire_rested":4,"item_purchase_floors":[2,27,27,27],"current_hp_per_floor":[53,53,49,42,42,42,30,30,30,17,17,17,16,16,34,23,53,46,46,24,24,18,36,2,20,20,20,17,17,17,11,20,0],"gold":50,"neow_bonus":"TWO_FIFTY_GOLD","is_prod":false,"is_daily":false,"chose_seed":false,"campfire_upgraded":3,"win_rate":0,"timestamp":1562370408,"path_taken":["M","$","M","M","$","R","E","R","T","M","?","R","M","?","R","BOSS","M","?","?","?","M","R","E","R","T","$","M","?","?","?","R","BOSS"],"build_version":"2019-07-01","purchased_purges":1,"victory":false,"max_hp_per_floor":[66,66,66,66,66,66,66,66,66,66,63,63,63,63,63,63,63,63,63,63,63,63,63,63,63,63,63,63,63,31,31,31,31],"card_choices":[{"not_picked":["Quick Slash","Dodge and Roll"],"picked":"Deadly Poison","floor":1.0},{"not_picked":["Distraction","Blade Dance"],"picked":"Infinite Blades","floor":3.0},{"not_picked":["Backflip","Bane"],"picked":"Dagger Spray","floor":4.0},{"not_picked":["Bullet Time","Wraith Form v2"],"picked":"Sucker Punch","floor":7.0},{"not_picked":["Slice","Outmaneuver"],"picked":"Dodge and Roll","floor":10.0},{"not_picked":["Bane","Acrobatics"],"picked":"Blur","floor":13.0},{"not_picked":["Phantasmal Killer","Doppelganger"],"picked":"Corpse Explosion","floor":16.0},{"not_picked":["Distraction","Deadly Poison","Dagger Spray"],"picked":"SKIP","floor":18.0},{"not_picked":["Flying Knee","Slice"],"picked":"Adrenaline","floor":20.0},{"not_picked":["Underhanded Strike","Calculated Gamble"],"picked":"Cloak And Dagger","floor":22.0},{"not_picked":["Dagger Throw","Deflect"],"picked":"PiercingWail+1","floor":24.0},{"not_picked":["Endless Agony","Sucker Punch"],"picked":"Well Laid Plans","floor":28.0}],"player_experience":145696,"relics_obtained":[{"floor":7.0,"key":"Blue Candle"},{"floor":9.0,"key":"Juzu Bracelet"},{"floor":20.0,"key":"Red Mask"},{"floor":24.0,"key":"Girya"},{"floor":26.0,"key":"Bag of Marbles"}],"event_choices":[{"cards_removed":["Parasite"],"damage_healed":0.0,"max_hp_gain":0.0,"max_hp_loss":0.0,"gold_gain":0.0,"event_name":"Fountain of Cleansing","player_choice":"Removed Curses","floor":11.0,"gold_loss":0.0,"damage_taken":0.0},{"damage_healed":0.0,"max_hp_gain":0.0,"max_hp_loss":0.0,"gold_gain":0.0,"event_name":"Liars Game","player_choice":"Ignored","floor":14.0,"gold_loss":0.0,"damage_taken":0.0},{"damage_healed":0.0,"max_hp_gain":0.0,"max_hp_loss":0.0,"gold_gain":0.0,"event_name":"Back to Basics","player_choice":"Simplicity","floor":19.0,"gold_loss":0.0,"damage_taken":0.0,"cards_upgraded":["Strike_G","Strike_G","Strike_G","Strike_G","Defend_G","Defend_G","Defend_G","Defend_G","Defend_G"]},{"damage_healed":0.0,"max_hp_gain":0.0,"max_hp_loss":0.0,"gold_gain":0.0,"event_name":"Masked Bandits","player_choice":"Fought Bandits","floor":20.0,"gold_loss":0.0,"damage_taken":0.0},{"damage_healed":0.0,"max_hp_gain":0.0,"max_hp_loss":0.0,"gold_gain":0.0,"cards_transformed":["Strike_G"],"event_name":"Transmorgrifier","player_choice":"Transformed","floor":21.0,"gold_loss":0.0,"damage_taken":0.0,"cards_obtained":["Terror"]},{"damage_healed":0.0,"max_hp_gain":0.0,"max_hp_loss":0.0,"gold_gain":0.0,"event_name":"The Mausoleum","player_choice":"Ignored","floor":29.0,"gold_loss":0.0,"damage_taken":0.0},{"damage_healed":0.0,"max_hp_gain":0.0,"max_hp_loss":32.0,"gold_gain":0.0,"event_name":"Ghosts","player_choice":"Became a Ghost","floor":30.0,"gold_loss":0.0,"damage_taken":0.0,"cards_obtained":["Ghostly","Ghostly","Ghostly"]},{"damage_healed":0,"gold_gain":0,"player_choice":"Fight","damage_taken":0,"max_hp_gain":0,"max_hp_loss":0,"event_name":"Colosseum","floor":31,"gold_loss":0},{"damage_healed":0,"gold_gain":0,"player_choice":"Fled From Nobs","damage_taken":0,"max_hp_gain":0,"max_hp_loss":0,"event_name":"Colosseum","floor":31,"gold_loss":0}],"is_beta":false,"boss_relics":[{"not_picked":["Busted Crown","Calling Bell"],"picked":"WristBlade"}],"items_purged_floors":[2],"is_endless":false,"potions_floor_spawned":[1,3,7,10,24,28,31],"killed_by":"Champ","ascension_level":16}