{"gold_per_floor":[10,29,29,29,42,42,61,61,61,61,81,163,182,216,216,295,295,315,331,331,348,263,263,280,308,308,326,326,326,336,346,346,417,417,436,486,160,160,260,260,293,293,293,303,303,40,60,79,79,79],"floor_reached":51,"playtime":3145,"items_purged":["Defend_B"],"score":1341,"play_id":"447f37aa-45ef-4343-970b-d68ce3881a91","local_time":"20190527120121","is_ascension_mode":true,"campfire_choices":[{"data":"Zap","floor":6,"key":"SMITH"},{"data":"Dualcast","floor":8,"key":"SMITH"},{"floor":10,"key":"REST"},{"data":"Conserve Battery","floor":15,"key":"SMITH"},{"data":"Electrodynamics","floor":23,"key":"SMITH"},{"data":"Storm","floor":29,"key":"SMITH"},{"floor":32,"key":"REST"},{"floor":40,"key":"REST"},{"data":"Capacitor","floor":42,"key":"SMITH"},{"data":"Conserve Battery","floor":45,"key":"SMITH"},{"data":"Consume","floor":49,"key":"SMITH"}],"neow_cost":"NO_GOLD","seed_source_timestamp":145135506218875,"circlet_count":0,"master_deck":["AscendersBane","Defend_B","Zap+1","Dualcast+1","Ball Lightning","Capacitor+1","Rebound","Leap","Conserve Battery+1","Storm+1","Core Surge","Electrodynamics+1","Defragment+1","Static Discharge+1","Double Energy+1","Leap","FTL","Cold Snap+1","Auto Shields","Ball Lightning","Core Surge","Defragment+1","Chill","Static Discharge+1","Buffer+1","Ball Lightning+1","Conserve Battery","Loop+1","Force Field","Conserve Battery+1","Conserve Battery+1","Thunder Strike","Glacier","FTL","Consume+1"],"relics":["Cracked Core","Gambling Chip","Mummified Hand","Meat on the Bone","Darkstone Periapt","Astrolabe","Frozen Egg 2","Girya","Ornamental Fan","Velvet Choker","Prayer Wheel","Membership Card","Calipers","Blood Vial","Pantograph","Oddly Smooth Stone"],"potions_floor_usage":[14,21,25,33,41,47,48,50],"damage_taken":[{"damage":4,"enemies":"Jaw Worm","floor":1,"turns":5},{"damage":1,"enemies":"Cultist","floor":2,"turns":3},{"damage":1,"enemies":"2 Louse","floor":5,"turns":3},{"damage":13,"enemies":"Large Slime","floor":7,"turns":4},{"damage":6,"enemies":"Exordium Thugs","floor":11,"turns":4},{"damage":2,"enemies":"Exordium Wildlife","floor":13,"turns":3},{"damage":8,"enemies":"3 Sentries","floor":14,"turns":6},{"damage":38,"enemies":"The Guardian","floor":16,"turns":10},{"damage":5,"enemies":"3 Byrds","floor":18,"turns":2},{"damage":8,"enemies":"Chosen","floor":19,"turns":4},{"damage":20,"enemies":"Shelled Parasite and Fungi","floor":21,"turns":4},{"damage":5,"enemies":"Cultist and Chosen","floor":24,"turns":4},{"damage":16,"enemies":"Book of Stabbing","floor":25,"turns":3},{"damage":0,"enemies":"3 Cultists","floor":27,"turns":2},{"damage":0,"enemies":"Snake Plant","floor":30,"turns":2},{"damage":0,"enemies":"Snecko","floor":31,"turns":3},{"damage":35,"enemies":"Champ","floor":33,"turns":8},{"damage":0,"enemies":"3 Shapes","floor":35,"turns":3},{"damage":19,"enemies":"2 Orb Walkers","floor":36,"turns":4},{"damage":0,"enemies":"Mind Bloom Boss Battle","floor":39,"turns":4},{"damage":13,"enemies":"Reptomancer","floor":41,"turns":4},{"damage":12,"enemies":"Orb Walker","floor":44,"turns":2},{"damage":0,"enemies":"Spire Growth","floor":47,"turns":4},{"damage":24,"enemies":"Maw","floor":48,"turns":5},{"damage":29,"enemies":"Donu and Deca","floor":50,"turns":6}],"seed_played":"-1363811535138311605","potions_obtained":[{"floor":2,"key":"Fire Potion"},{"floor":13,"key":"Weak Potion"},{"floor":14,"key":"Regen Potion"},{"floor":19,"key":"FocusPotion"},{"floor":27,"key":"Dexterity Potion"},{"floor":31,"key":"Strength Potion"},{"floor":36,"key":"SneckoOil"},{"floor":39,"key":"Weak Potion"},{"floor":47,"key":"Fruit Juice"}],"is_trial":false,"path_per_floor":["M","M","?","$","M","R","M","R","T","R","M","T","M","E","R","B",null,"M","M","?","M","?","R","M","E","T","M","?","R","M","M","R","B",null,"M","?","$","?","?","R","E","R","T","M","R","$","M","M","R","B",null],"character_chosen":"DEFECT","items_purchased":["Membership Card","Loop+1","Force Field","Oddly Smooth Stone","Thunder Strike","Fruit Juice","Glacier"],"campfire_rested":3,"item_purchase_floors":[37,37,37,46,46,46,46],"current_hp_per_floor":[60,59,59,59,58,58,45,45,45,66,60,60,58,50,50,24,59,54,46,60,54,54,54,49,45,45,45,45,45,45,45,66,43,64,64,45,45,45,45,66,53,53,53,43,43,43,50,45,45,43],"gold":79,"neow_bonus":"ONE_RARE_RELIC","is_prod":false,"is_daily":false,"chose_seed":false,"campfire_upgraded":8,"win_rate":0,"timestamp":1558983681,"path_taken":["M","M","?","$","M","R","M","R","T","R","?","?","?","E","R","BOSS","M","M","?","M","?","R","?","E","T","M","?","R","M","M","R","BOSS","M","?","$","?","?","R","E","R","T","M","R","$","M","M","R","BOSS"],"build_version":"2019-01-23","purchased_purges":1,"victory":true,"max_hp_per_floor":[71,71,71,71,71,71,71,71,71,71,71,71,71,71,71,71,71,71,71,71,71,71,71,71,71,71,71,71,71,71,71,71,71,71,71,71,71,71,71,71,71,71,71,71,71,71,76,81,81,81],"card_choices":[{"not_picked":["Steam","Coolheaded"],"picked":"Ball Lightning","floor":1},{"not_picked":["Streamline","Compile Driver"],"picked":"Capacitor","floor":2},{"not_picked":["Redo","Hologram"],"picked":"Rebound","floor":5},{"not_picked":["Go for the Eyes","Rebound"],"picked":"Leap","floor":7},{"not_picked":["Sweeping Beam","Reprogram"],"picked":"Conserve Battery","floor":11},{"not_picked":["Gash","Go for the Eyes"],"picked":"Storm","floor":13},{"not_picked":["Skim","Steam"],"picked":"Core Surge","floor":14},{"not_picked":["Hyperbeam","Echo Form"],"picked":"Electrodynamics","floor":16},{"not_picked":["Redo","Steam"],"picked":"Leap","floor":18},{"not_picked":["Reinforced Body","Turbo"],"picked":"FTL","floor":19},{"not_picked":["Beam Cell","FTL"],"picked":"Cold Snap+1","floor":21},{"not_picked":["Sweeping Beam+1","Rebound"],"picked":"Auto Shields","floor":24},{"not_picked":["Compile Driver","Go for the Eyes"],"picked":"Ball Lightning","floor":25},{"not_picked":["Go for the Eyes","Barrage"],"picked":"Core Surge","floor":27},{"not_picked":["Redo","Steam Power","Sweeping Beam+1"],"picked":"SKIP","floor":30},{"not_picked":["Rebound","Go for the Eyes"],"picked":"Static Discharge+1","floor":31},{"not_picked":["Meteor Strike","Seek"],"picked":"Buffer+1","floor":33},{"not_picked":["Chaos","Rebound+1"],"picked":"Ball Lightning+1","floor":35},{"not_picked":["Ball Lightning","Streamline"],"picked":"Conserve Battery","floor":36},{"not_picked":["Beam Cell+1","Stack"],"picked":"Conserve Battery+1","floor":39},{"not_picked":["Double Energy","Cold Snap","Sweeping Beam"],"picked":"SKIP","floor":41},{"not_picked":["Stack","Coolheaded"],"picked":"Conserve Battery","floor":44},{"not_picked":["Streamline","Hologram","Go for the Eyes+1"],"picked":"SKIP","floor":44},{"not_picked":["Hologram","Reinforced Body","Conserve Battery"],"picked":"SKIP","floor":47},{"not_picked":["Compile Driver","Streamline","Leap"],"picked":"SKIP","floor":47},{"not_picked":["Compile Driver","Beam Cell"],"picked":"FTL","floor":48},{"not_picked":["Leap","Barrage"],"picked":"Consume","floor":48}],"player_experience":775710,"relics_obtained":[{"floor":9,"key":"Mummified Hand"},{"floor":12,"key":"Meat on the Bone"},{"floor":14,"key":"Darkstone Periapt"},{"floor":25,"key":"Girya"},{"floor":26,"key":"Ornamental Fan"},{"floor":36,"key":"Prayer Wheel"},{"floor":39,"key":"Calipers"},{"floor":41,"key":"Blood Vial"},{"floor":43,"key":"Pantograph"}],"event_choices":[{"cards_removed":["Strike_B"],"damage_healed":0,"gold_gain":0,"player_choice":"Purged","damage_taken":0,"max_hp_gain":0,"max_hp_loss":0,"event_name":"Purifier","floor":3,"gold_loss":0},{"damage_healed":14,"gold_gain":0,"player_choice":"Heal","damage_taken":0,"max_hp_gain":0,"max_hp_loss":0,"event_name":"The Library","floor":20,"gold_loss":0},{"damage_healed":0,"gold_gain":0,"player_choice":"Obtained Relic","damage_taken":0,"relics_obtained":["Frozen Egg 2"],"max_hp_gain":0,"max_hp_loss":0,"event_name":"Addict","floor":22,"gold_loss":85},{"damage_healed":0,"gold_gain":0,"cards_transformed":["Defend_B","Strike_B"],"player_choice":"Became Test Subject","damage_taken":0,"max_hp_gain":0,"max_hp_loss":0,"event_name":"Drug Dealer","floor":28,"gold_loss":0,"cards_obtained":["Defragment","Chill"]},{"damage_healed":0,"gold_gain":0,"player_choice":"Fight","damage_taken":0,"max_hp_gain":0,"max_hp_loss":0,"event_name":"Mysterious Sphere","floor":36,"gold_loss":0},{"damage_healed":0,"gold_gain":0,"player_choice":"Ignored","damage_taken":0,"max_hp_gain":0,"max_hp_loss":0,"event_name":"Tomb of Lord Red Mask","floor":38,"gold_loss":0},{"damage_healed":0,"gold_gain":0,"player_choice":"Fight","damage_taken":0,"max_hp_gain":0,"max_hp_loss":0,"event_name":"MindBloom","floor":39,"gold_loss":0}],"is_beta":false,"boss_relics":[{"not_picked":["Philosopher\u0027s Stone","Calling Bell"],"picked":"Astrolabe"},{"not_picked":["White Beast Statue","Cursed Key"],"picked":"Velvet Choker"}],"items_purged_floors":[37],"is_endless":false,"potions_floor_spawned":[2,13,14,16,19,27,31,36,39,47],"ascension_level":19}