{"gold_per_floor":[360,377,68,33,45,79,79,79,160,160,175,188,188,204,204,309,309,319,319,308,70,80,113,113,113,113,113,113,139,139,174,174,271,271,284,284,209,309,309,309,260,260,260,278,278,292,327,346,346,346,346,346,53,78,78],"floor_reached":55,"playtime":3318,"items_purged":["Strike_R"],"score":831,"play_id":"e02e55b6-99ac-4ebb-87d0-9f88389b8070","local_time":"20190709014311","is_ascension_mode":true,"campfire_choices":[{"data":"Flame Barrier","floor":7.0,"key":"SMITH"},{"data":"Bash","floor":10.0,"key":"SMITH"},{"data":"Perfected Strike","floor":15.0,"key":"SMITH"},{"floor":25.0,"key":"REST"},{"data":"Battle Trance","floor":27.0,"key":"SMITH"},{"floor":32,"key":"REST"},{"data":"Pommel Strike","floor":40,"key":"SMITH"},{"data":"Pommel Strike","floor":42,"key":"SMITH"},{"floor":49,"key":"RECALL"},{"data":"Madness","floor":52,"key":"SMITH"}],"neow_cost":"PERCENT_DAMAGE","seed_source_timestamp":0,"circlet_count":0,"master_deck":["Strike_R","Strike_R","Strike_R+1","Defend_R","Defend_R","Defend_R","Defend_R","Bash+1","Whirlwind+1","Reaper+1","Flame Barrier+1","Pommel Strike+1","Perfected Strike+1","Battle Trance+1","Pommel Strike+1","Body Slam+1","Shrug It Off+1","Madness+1","Flame Barrier+1","Perfected Strike"],"special_seed":0,"relics":["Burning Blood","Blood Vial","theSenshi:SailorFukuRelic","Lizard Tail","Chemical X","Meat on the Bone","Enchiridion","Bottled Lightning","Ginger","Mummified Hand","Cursed Key","Pocketwatch","Potion Belt","Bag of Preparation","Centennial Puzzle"],"potions_floor_usage":[30,33,33,47,48,54,54,55],"damage_taken":[{"damage":0.0,"enemies":"Small Slimes","floor":1.0,"turns":3.0},{"damage":14.0,"enemies":"Jaw Worm","floor":2.0,"turns":3.0},{"damage":10.0,"enemies":"2 Louse","floor":5.0,"turns":4.0},{"damage":41.0,"enemies":"3 Sentries","floor":6.0,"turns":9.0},{"damage":7.0,"enemies":"Exordium Thugs","floor":11.0,"turns":3.0},{"damage":1.0,"enemies":"2 Fungi Beasts","floor":12.0,"turns":3.0},{"damage":20.0,"enemies":"Looter","floor":14.0,"turns":4.0},{"damage":28.0,"enemies":"The Guardian","floor":16.0,"turns":12.0},{"damage":18.0,"enemies":"Spheric Guardian","floor":18.0,"turns":4.0},{"damage":19.0,"enemies":"2 Thieves","floor":20.0,"turns":5.0},{"damage":37.0,"enemies":"Centurion and Healer","floor":22.0,"turns":5.0},{"damage":28.0,"enemies":"Book of Stabbing","floor":23.0,"turns":5.0},{"damage":25,"enemies":"Slavers","floor":29,"turns":4},{"damage":12,"enemies":"Colosseum Slavers","floor":30,"turns":5},{"damage":40,"enemies":"Gremlin Leader","floor":31,"turns":4},{"damage":80,"enemies":"Champ","floor":33,"turns":10},{"damage":38,"enemies":"3 Shapes","floor":35,"turns":2},{"damage":24,"enemies":"Mind Bloom Boss Battle","floor":38,"turns":6},{"damage":31,"enemies":"3 Darklings","floor":44,"turns":3},{"damage":23,"enemies":"Spire Growth","floor":46,"turns":4},{"damage":25,"enemies":"Reptomancer","floor":47,"turns":6},{"damage":0,"enemies":"4 Shapes","floor":48,"turns":3},{"damage":59,"enemies":"Donu and Deca","floor":50,"turns":12},{"damage":59,"enemies":"Shield and Spear","floor":54,"turns":6},{"damage":49,"enemies":"The Heart","floor":55,"turns":6}],"seed_played":"7134919706888409576","potions_obtained":[{"floor":1.0,"key":"EssenceOfSteel"},{"floor":2.0,"key":"Strength Potion"},{"floor":5.0,"key":"Energy Potion"},{"floor":12.0,"key":"EntropicBrew"},{"floor":29,"key":"LiquidBronze"},{"floor":33,"key":"Energy Potion"},{"floor":44,"key":"Weak Potion"},{"floor":47,"key":"GamblersBrew"}],"is_trial":false,"path_per_floor":["M","M","$","?","M","E","R","?","T","R","M","M","?","M","R","B",null,"M","?","M","$","M","E","?","R","T","R","?","E","?","E","R","B",null,"M","?","$","?","?","R","$","R","T","M","?","M","E","M","R","B",null,"R","$","E","B"],"character_chosen":"IRONCLAD","items_purchased":["Reaper","Blood Vial","Chemical X","Pommel Strike","Explosive Potion","Perfected Strike","Block Potion","Weak Potion","Bag of Preparation"],"campfire_rested":2,"item_purchase_floors":[3,3,21,21,41,53,53,53,53],"current_hp_per_floor":[62,54,54,74,80,63,63,47,47,47,50,65,65,58,58,38,80,68,68,62,62,43,43,27,51,51,51,51,46,54,34,58,58,80,50,50,50,51,51,51,51,51,51,55,55,47,52,80,80,51,80,80,80,44,0],"gold":78,"neow_bonus":"TWO_FIFTY_GOLD","is_prod":false,"is_daily":false,"chose_seed":false,"campfire_upgraded":7,"win_rate":0,"timestamp":1562650991,"path_taken":["M","M","$","?","M","E","R","?","T","R","M","M","?","M","R","BOSS","M","?","M","$","M","E","?","R","T","R","?","E","?","E","R","BOSS","M","?","$","?","?","R","?","R","T","?","?","M","E","M","R","BOSS","R","$","E","BOSS"],"build_version":"2019-07-05","purchased_purges":1,"victory":false,"max_hp_per_floor":[80,80,80,80,80,80,80,80,80,80,80,80,80,80,80,80,80,80,80,80,80,80,80,80,80,80,80,80,80,80,80,80,80,80,80,80,80,80,80,80,80,80,80,80,80,80,80,80,80,80,80,80,80,80,80],"card_choices":[{"not_picked":["Sentinel","Sword Boomerang","Warcry"],"picked":"SKIP","floor":1.0},{"not_picked":["Bloodletting","Headbutt"],"picked":"Whirlwind","floor":2.0},{"not_picked":["Twin Strike","Metallicize"],"picked":"Flame Barrier","floor":5.0},{"not_picked":["Iron Wave","Inflame","Armaments"],"picked":"SKIP","floor":6.0},{"not_picked":["Clothesline","Anger"],"picked":"Pommel Strike","floor":11.0},{"not_picked":["Searing Blow","Warcry"],"picked":"Perfected Strike","floor":12.0},{"not_picked":["Second Wind","Corruption","Inflame"],"picked":"SKIP","floor":14.0},{"not_picked":["Carnage","Iron Wave","True Grit"],"picked":"SKIP","floor":18.0},{"not_picked":["Anger","Iron Wave"],"picked":"Battle Trance","floor":20.0},{"not_picked":["True Grit","Sword Boomerang"],"picked":"Body Slam+1","floor":22.0},{"not_picked":["Pummel","Inflame+1","Bloodletting"],"picked":"SKIP","floor":23.0},{"not_picked":["Seeing Red","Wild Strike+1","Feed"],"picked":"SKIP","floor":29},{"not_picked":["Bludgeon","Battle Trance+1"],"picked":"Shrug It Off+1","floor":31},{"not_picked":["Iron Wave","True Grit","Dropkick+1"],"picked":"SKIP","floor":35},{"not_picked":["Clash+1","Armaments","Heavy Blade"],"picked":"SKIP","floor":44},{"not_picked":["Finesse","Deep Breath"],"picked":"Madness","floor":45},{"not_picked":["Dual Wield","Sword Boomerang+1","Anger+1"],"picked":"SKIP","floor":46},{"not_picked":["Heavy Blade+1","Entrench+1"],"picked":"Flame Barrier+1","floor":47},{"not_picked":["Pommel Strike+1","Heavy Blade+1","Wild Strike+1"],"picked":"SKIP","floor":48},{"not_picked":["Twin Strike","Entrench+1","Sever Soul"],"picked":"SKIP","floor":54}],"player_experience":234133,"relics_obtained":[{"floor":6.0,"key":"theSenshi:SailorFukuRelic"},{"floor":23.0,"key":"Meat on the Bone"},{"floor":24.0,"key":"Enchiridion"},{"floor":26.0,"key":"Bottled Lightning"},{"floor":29,"key":"Ginger"},{"floor":31,"key":"Mummified Hand"},{"floor":38,"key":"Pocketwatch"},{"floor":47,"key":"Potion Belt"},{"floor":54,"key":"Centennial Puzzle"}],"event_choices":[{"damage_healed":20.0,"max_hp_gain":0.0,"max_hp_loss":0.0,"gold_gain":0.0,"event_name":"The Cleric","player_choice":"Healed","floor":4.0,"gold_loss":35.0,"damage_taken":0.0},{"damage_healed":0.0,"max_hp_gain":0.0,"max_hp_loss":0.0,"gold_gain":0.0,"event_name":"Shining Light","player_choice":"Entered Light","floor":8.0,"gold_loss":0.0,"damage_taken":16.0,"cards_upgraded":["Whirlwind","Strike_R"]},{"damage_healed":0.0,"max_hp_gain":0.0,"max_hp_loss":0.0,"gold_gain":0.0,"event_name":"Accursed Blacksmith","player_choice":"Forge","floor":13.0,"gold_loss":0.0,"damage_taken":0.0,"cards_upgraded":["Reaper"]},{"damage_healed":0.0,"max_hp_gain":0.0,"max_hp_loss":0.0,"gold_gain":0.0,"event_name":"Beggar","player_choice":"Ignored","floor":19.0,"gold_loss":0.0,"damage_taken":0.0},{"damage_healed":0.0,"max_hp_gain":0.0,"max_hp_loss":0.0,"gold_gain":0.0,"event_name":"Cursed Tome","player_choice":"Obtained Book","floor":24.0,"gold_loss":0.0,"damage_taken":16.0},{"damage_healed":0.0,"max_hp_gain":0.0,"max_hp_loss":0.0,"gold_gain":0.0,"event_name":"Ghosts","player_choice":"Ignored","floor":28.0,"gold_loss":0.0,"damage_taken":0.0},{"damage_healed":0,"gold_gain":0,"player_choice":"Fight","damage_taken":0,"max_hp_gain":0,"max_hp_loss":0,"event_name":"Colosseum","floor":30,"gold_loss":0},{"damage_healed":0,"gold_gain":0,"player_choice":"Fled From Nobs","damage_taken":0,"max_hp_gain":0,"max_hp_loss":0,"event_name":"Colosseum","floor":30,"gold_loss":0},{"damage_healed":0,"gold_gain":0,"player_choice":"Ignored","damage_taken":0,"max_hp_gain":0,"max_hp_loss":0,"event_name":"Tomb of Lord Red Mask","floor":36,"gold_loss":0},{"damage_healed":0,"gold_gain":0,"player_choice":"Fight","damage_taken":0,"max_hp_gain":0,"max_hp_loss":0,"event_name":"MindBloom","floor":38,"gold_loss":0},{"cards_removed":["Strike_R"],"damage_healed":0,"gold_gain":0,"player_choice":"Removed Attack","damage_taken":0,"max_hp_gain":0,"max_hp_loss":0,"event_name":"Falling","floor":39,"gold_loss":0},{"damage_healed":0,"gold_gain":0,"player_choice":"Memory 1","damage_taken":0,"max_hp_gain":0,"max_hp_loss":0,"event_name":"SensoryStone","floor":45,"gold_loss":0}],"is_beta":false,"boss_relics":[{"not_picked":["Mark of Pain","Empty Cage"],"picked":"Lizard Tail"},{"not_picked":["Coffee Dripper","Calling Bell"],"picked":"Cursed Key"}],"items_purged_floors":[37],"is_endless":false,"potions_floor_spawned":[1,2,5,12,22,29,30,33,44,47],"killed_by":"The Heart","ascension_level":3}