{"gold_per_floor":[111,125,135,135,135,135,150,150,204,223,148,191,209,284,284,415,415,435,451,194,194,208,208,232,232,232,247,247,285,285,285,285,416,416,435,450,450,450,450,485,509,509,509,509,237,251,251,270,270,270],"floor_reached":51,"playtime":1752,"items_purged":["Strike_R","Strike_R","Writhe"],"score":747,"play_id":"9fc5d4b2-4508-4198-a1d2-909caaf498b2","local_time":"20190703050037","is_ascension_mode":false,"campfire_choices":[{"data":"Bash","floor":6.0,"key":"SMITH"},{"data":"Flame Barrier","floor":8.0,"key":"SMITH"},{"data":"Limit Break","floor":15.0,"key":"SMITH"},{"data":"Whirlwind","floor":23.0,"key":"SMITH"},{"data":"Inflame","floor":25,"key":"SMITH"},{"data":"Double Tap","floor":28,"key":"SMITH"},{"floor":32,"key":"REST"},{"data":"1","floor":42,"key":"LIFT"},{"data":"2","floor":44,"key":"LIFT"},{"data":"3","floor":47,"key":"LIFT"},{"floor":49,"key":"REST"}],"neow_cost":"NONE","seed_source_timestamp":0,"circlet_count":0,"master_deck":["Strike_R+1","Defend_R","Defend_R","Bash+1","Battle Trance","Spot Weakness+1","Flame Barrier+1","Thunderclap","Infernal Blade","Limit Break+1","Immolate","Iron Wave+1","Whirlwind+1","Double Tap+1","Inflame+1","Clumsy","Immolate","Carnage+1","Uppercut+1","Metallicize+1","Good Instincts","Flash of Steel","Secret Technique","Reaper","Parasite","Battle Trance","Doubt","Whirlwind"],"special_seed":0,"relics":["Sozu","Golden Idol","Dream Catcher","PreservedInsect","Cursed Key","Ornamental Fan","Blue Candle","Girya","Enchiridion","Astrolabe","Bottled Flame","Anchor","Lantern"],"potions_floor_usage":[],"damage_taken":[{"damage":0.0,"enemies":"Small Slimes","floor":1.0,"turns":3.0},{"damage":0.0,"enemies":"2 Louse","floor":2.0,"turns":3.0},{"damage":0.0,"enemies":"Jaw Worm","floor":3.0,"turns":4.0},{"damage":0.0,"enemies":"Looter","floor":7.0,"turns":2.0},{"damage":3.0,"enemies":"Red Slaver","floor":10.0,"turns":3.0},{"damage":13.0,"enemies":"3 Sentries","floor":12.0,"turns":5.0},{"damage":0.0,"enemies":"Exordium Wildlife","floor":13.0,"turns":2.0},{"damage":9.0,"enemies":"Slime Boss","floor":16.0,"turns":8.0},{"damage":0.0,"enemies":"Spheric Guardian","floor":18.0,"turns":3.0},{"damage":0.0,"enemies":"3 Byrds","floor":19.0,"turns":2.0},{"damage":10.0,"enemies":"Cultist and Chosen","floor":22.0,"turns":2.0},{"damage":0,"enemies":"3 Cultists","floor":24,"turns":3},{"damage":0,"enemies":"Sentry and Sphere","floor":27,"turns":2},{"damage":0,"enemies":"Slavers","floor":29,"turns":1},{"damage":49,"enemies":"Automaton","floor":33,"turns":7},{"damage":5,"enemies":"3 Darklings","floor":35,"turns":4},{"damage":5,"enemies":"Orb Walker","floor":36,"turns":3},{"damage":0,"enemies":"Reptomancer","floor":40,"turns":2},{"damage":0,"enemies":"Writhing Mass","floor":41,"turns":3},{"damage":0,"enemies":"Jaw Worm Horde","floor":46,"turns":1},{"damage":14,"enemies":"4 Shapes","floor":48,"turns":1},{"damage":59,"enemies":"Awakened One","floor":50,"turns":6}],"seed_played":"985801545808198839","potions_obtained":[],"is_trial":false,"path_per_floor":["M","M","M","?","?","R","M","R","T","M","$","E","M","?","R","B",null,"M","M","$","?","M","R","M","R","T","M","R","E","?","?","R","B",null,"M","M","?","?","?","E","M","R","T","R","$","M","R","M","R","B",null],"character_chosen":"IRONCLAD","items_purchased":["Whirlwind","Double Tap","Lantern"],"campfire_rested":2,"item_purchase_floors":[20,20,45],"current_hp_per_floor":[80,80,80,64,64,64,64,64,64,61,61,48,48,37,37,28,74,74,74,74,74,64,64,64,64,64,64,64,64,64,48,70,21,74,69,64,64,54,54,54,54,54,54,54,54,54,54,40,62,40],"gold":270,"neow_bonus":"BOSS_RELIC","is_prod":false,"is_daily":false,"chose_seed":false,"campfire_upgraded":6,"win_rate":0,"timestamp":1562151637,"path_taken":["M","M","M","?","?","R","M","R","T","M","$","E","M","?","R","BOSS","M","M","$","?","M","R","?","R","T","M","R","E","?","?","R","BOSS","M","M","?","?","?","E","M","R","T","R","$","?","R","?","R","BOSS"],"build_version":"2019-07-01","purchased_purges":3,"victory":true,"max_hp_per_floor":[80,80,80,80,74,74,74,74,74,74,74,74,74,74,74,74,74,74,74,74,74,74,74,74,74,74,74,74,74,74,74,74,74,74,74,74,74,74,74,74,74,74,74,74,74,74,74,74,74,74],"card_choices":[{"not_picked":["Havoc","Headbutt"],"picked":"Battle Trance","floor":1.0},{"not_picked":["Headbutt","Evolve","Sentinel"],"picked":"SKIP","floor":2.0},{"not_picked":["True Grit","Heavy Blade"],"picked":"Spot Weakness","floor":3.0},{"not_picked":["Intimidate","Hemokinesis"],"picked":"Flame Barrier","floor":7.0},{"not_picked":["Havoc","True Grit"],"picked":"Thunderclap","floor":10.0},{"not_picked":["Bloodletting","Perfected Strike"],"picked":"Infernal Blade","floor":12.0},{"not_picked":["Battle Trance","Havoc"],"picked":"Limit Break","floor":13.0},{"not_picked":["Bludgeon","Reaper"],"picked":"Immolate","floor":16.0},{"not_picked":["Armaments","True Grit","Ghostly Armor+1"],"picked":"SKIP","floor":18.0},{"not_picked":["Headbutt","Havoc"],"picked":"Iron Wave+1","floor":19.0},{"not_picked":["Anger","Pommel Strike","Cleave"],"picked":"SKIP","floor":22.0},{"not_picked":["Anger","Havoc+1"],"picked":"Inflame","floor":24},{"not_picked":["Armaments","Havoc","Wild Strike"],"picked":"SKIP","floor":27},{"not_picked":["Rage","Bludgeon","Shrug It Off"],"picked":"SKIP","floor":29},{"not_picked":["Berserk","Double Tap"],"picked":"Immolate","floor":33},{"not_picked":["Entrench+1","Rampage+1","Shrug It Off"],"picked":"SKIP","floor":35},{"not_picked":["Clothesline","Dropkick+1","Sword Boomerang+1"],"picked":"SKIP","floor":36},{"not_picked":["Violence","Dramatic Entrance"],"picked":"Good Instincts","floor":38},{"not_picked":["Enlightenment","Mayhem"],"picked":"Flash of Steel","floor":38},{"not_picked":["Deep Breath","Chrysalis"],"picked":"Secret Technique","floor":38},{"not_picked":["Clash","Blood for Blood"],"picked":"Reaper","floor":40},{"not_picked":["Heavy Blade","Flex"],"picked":"Battle Trance","floor":41},{"not_picked":["Clothesline","Flex","Clash+1"],"picked":"SKIP","floor":46},{"not_picked":["Armaments+1","Shrug It Off","Corruption+1"],"picked":"SKIP","floor":48},{"not_picked":["Twin Strike","Armaments+1"],"picked":"Whirlwind","floor":49}],"player_experience":1534031,"relics_obtained":[{"floor":9.0,"key":"Dream Catcher"},{"floor":12.0,"key":"PreservedInsect"},{"floor":26,"key":"Ornamental Fan"},{"floor":29,"key":"Blue Candle"},{"floor":31,"key":"Enchiridion"},{"floor":40,"key":"Bottled Flame"},{"floor":43,"key":"Anchor"}],"event_choices":[{"damage_healed":0.0,"max_hp_gain":0.0,"max_hp_loss":0.0,"gold_gain":0.0,"event_name":"Shining Light","player_choice":"Entered Light","floor":4.0,"gold_loss":0.0,"damage_taken":16.0,"cards_upgraded":["Strike_R","Spot Weakness"]},{"damage_healed":0.0,"max_hp_gain":0.0,"max_hp_loss":6.0,"gold_gain":0.0,"event_name":"Golden Idol","player_choice":"Lose Max HP","floor":5.0,"gold_loss":0.0,"damage_taken":0.0,"relics_obtained":["Golden Idol"]},{"damage_healed":0.0,"max_hp_gain":0.0,"max_hp_loss":0.0,"gold_gain":75.0,"event_name":"World of Goop","player_choice":"Gather Gold","floor":14.0,"gold_loss":0.0,"damage_taken":11.0},{"damage_healed":0.0,"max_hp_gain":0.0,"max_hp_loss":0.0,"gold_gain":0.0,"event_name":"The Woman in Blue","player_choice":"Bought 0 Potions","floor":21.0,"gold_loss":0.0,"damage_taken":0.0},{"damage_healed":0,"gold_gain":0,"player_choice":"Opened","damage_taken":0,"relics_obtained":["Girya"],"max_hp_gain":0,"max_hp_loss":0,"event_name":"The Mausoleum","floor":30,"gold_loss":0,"cards_obtained":["Writhe"]},{"damage_healed":0,"gold_gain":0,"player_choice":"Obtained Book","damage_taken":16,"max_hp_gain":0,"max_hp_loss":0,"event_name":"Cursed Tome","floor":31,"gold_loss":0},{"cards_removed":["Strike_R"],"damage_healed":0,"gold_gain":0,"player_choice":"Removed Attack","damage_taken":0,"max_hp_gain":0,"max_hp_loss":0,"event_name":"Falling","floor":37,"gold_loss":0},{"damage_healed":0,"gold_gain":0,"player_choice":"Memory 3","damage_taken":10,"max_hp_gain":0,"max_hp_loss":0,"event_name":"SensoryStone","floor":38,"gold_loss":0},{"damage_healed":0,"gold_gain":0,"player_choice":"Got Potions","damage_taken":0,"max_hp_gain":0,"max_hp_loss":0,"event_name":"Lab","floor":39,"gold_loss":0}],"is_beta":false,"boss_relics":[{"not_picked":["Philosopher\u0027s Stone","Velvet Choker"],"picked":"Cursed Key"},{"not_picked":["Runic Pyramid","Eternal Feather"],"picked":"Astrolabe"}],"items_purged_floors":[11,20,45],"is_endless":false,"potions_floor_spawned":[1,12,18,24,33,36,40,41],"ascension_level":0}