{"gold_per_floor":[13,13,0,0,21,21,56,80,80,80,5,116,116,131,131,131],"floor_reached":16,"playtime":829,"items_purged":[],"score":128,"play_id":"5aa40823-fda9-4aab-898c-a6328dde373c","local_time":"20190708142952","is_ascension_mode":true,"campfire_choices":[{"data":"Disarm","floor":6,"key":"SMITH"},{"data":"Armaments","floor":10,"key":"SMITH"},{"data":"Body Slam","floor":15,"key":"SMITH"}],"neow_cost":"NO_GOLD","seed_source_timestamp":326350971339298,"circlet_count":0,"master_deck":["Strike_R","Strike_R","Strike_R","Strike_R","Strike_R","Defend_R","Defend_R","Defend_R","Defend_R","Bash","Disarm+1","Shrug It Off","Pommel Strike","Armaments+1","Metallicize","Cleave","Body Slam+1"],"relics":["Burning Blood","Golden Idol","Anchor","Darkstone Periapt","Tiny Chest"],"potions_floor_usage":[12],"damage_taken":[{"damage":0,"enemies":"Small Slimes","floor":1,"turns":4},{"damage":1,"enemies":"Jaw Worm","floor":5,"turns":5},{"damage":38,"enemies":"3 Sentries","floor":7,"turns":12},{"damage":0,"enemies":"2 Louse","floor":8,"turns":3},{"damage":24,"enemies":"Gremlin Nob","floor":12,"turns":5},{"damage":0,"enemies":"Gremlin Gang","floor":14,"turns":5},{"damage":39,"enemies":"Hexaghost","floor":16,"turns":13}],"seed_played":"6266637380860919772","potions_obtained":[{"floor":7,"key":"Swift Potion"},{"floor":8,"key":"Strength Potion"}],"is_trial":false,"path_per_floor":["M","?","?","?","M","R","E","M","T","R","$","?","$","M","R","B"],"character_chosen":"IRONCLAD","items_purchased":["Metallicize"],"campfire_rested":0,"item_purchase_floors":[11],"current_hp_per_floor":[96,72,72,72,77,77,45,51,51,51,51,33,33,39,39,0],"gold":131,"neow_bonus":"TWENTY_PERCENT_HP_BONUS","is_prod":false,"is_daily":false,"chose_seed":false,"campfire_upgraded":3,"win_rate":0,"timestamp":1562632192,"path_taken":["M","?","?","?","M","R","E","M","T","R","$","?","?","M","R","BOSS"],"build_version":"2019-07-05","purchased_purges":0,"victory":false,"max_hp_per_floor":[96,96,96,96,96,96,96,96,96,96,96,96,96,96,96,96],"card_choices":[{"not_picked":["Warcry","True Grit"],"picked":"Disarm","floor":1},{"not_picked":["Rupture","Body Slam"],"picked":"Shrug It Off","floor":5},{"not_picked":["Flex","Heavy Blade"],"picked":"Pommel Strike","floor":7},{"not_picked":["Headbutt","Intimidate"],"picked":"Armaments","floor":8},{"not_picked":["Bludgeon","Thunderclap"],"picked":"Cleave","floor":12},{"not_picked":["Searing Blow","Reckless Charge"],"picked":"Body Slam","floor":14}],"player_experience":51660,"relics_obtained":[{"floor":7,"key":"Anchor"},{"floor":9,"key":"Darkstone Periapt"},{"floor":12,"key":"Tiny Chest"}],"event_choices":[{"damage_healed":0,"gold_gain":0,"player_choice":"Take Damage","damage_taken":24,"relics_obtained":["Golden Idol"],"max_hp_gain":0,"max_hp_loss":0,"event_name":"Golden Idol","floor":2,"gold_loss":0},{"damage_healed":0,"gold_gain":0,"player_choice":"Left Gold","damage_taken":0,"max_hp_gain":0,"max_hp_loss":0,"event_name":"World of Goop","floor":3,"gold_loss":13},{"damage_healed":0,"gold_gain":0,"player_choice":"Ignored","damage_taken":0,"max_hp_gain":0,"max_hp_loss":0,"event_name":"Golden Wing","floor":4,"gold_loss":0},{"damage_healed":0,"gold_gain":0,"player_choice":"Searched \u00271\u0027 times","damage_taken":0,"max_hp_gain":0,"max_hp_loss":0,"event_name":"Dead Adventurer","floor":12,"gold_loss":0}],"is_beta":false,"boss_relics":[],"items_purged_floors":[],"is_endless":false,"potions_floor_spawned":[7,8],"killed_by":"Hexaghost","ascension_level":1}