{"gold_per_floor":[112,187,187,207,207,207,242,242,322,350,350,363,376,411,411,483,483,493,509,424,424,176,176,188,208,232,232,232,232,257,269,269,340,340,358,369,369,382,393,393,206,235,235,235,235,235,3,103,103,103,103],"floor_reached":51,"playtime":4182,"items_purged":["Normality","Strike_G"],"score":1397,"play_id":"9aa9d851-8e1e-446b-ba00-5b698fb28943","local_time":"20190613184600","is_ascension_mode":true,"campfire_choices":[{"floor":6.0,"key":"REST"},{"floor":8.0,"key":"REST"},{"floor":11.0,"key":"REST"},{"data":"Infinite Blades","floor":15.0,"key":"SMITH"},{"data":"A Thousand Cuts","floor":23.0,"key":"SMITH"},{"floor":29.0,"key":"REST"},{"data":"A Thousand Cuts","floor":32.0,"key":"SMITH"},{"floor":40,"key":"REST"},{"data":"Footwork","floor":44,"key":"SMITH"},{"data":"Accuracy","floor":46,"key":"SMITH"},{"data":"After Image","floor":49,"key":"SMITH"}],"neow_cost":"PERCENT_DAMAGE","seed_source_timestamp":291346708561934,"circlet_count":0,"master_deck":["AscendersBane","Defend_G","Defend_G","Defend_G","Defend_G","Defend_G","Strike_G","Strike_G","Strike_G","Strike_G","Survivor","Neutralize","Infinite Blades+1","Dagger Spray","Blade Dance","Infinite Blades","Deflect","Unload","A Thousand Cuts+1","Injury","Shame","Dagger Throw+1","Dodge and Roll","Blur","Well Laid Plans+1","A Thousand Cuts+1","Phantasmal Killer","Deflect","Accuracy","Blade Dance","Footwork+1","Accuracy+1","Finisher+1","Parasite","Cloak And Dagger","Die Die Die+1","After Image+1"],"special_seed":0,"relics":["Ring of the Snake","Du-Vu Doll","Ornamental Fan","Singing Bowl","Letter Opener","Regal Pillow","Kunai","Calling Bell","Juzu Bracelet","Gremlin Horn","Ice Cream","Blood Vial","Meat on the Bone","Bronze Scales","Vajra","Enchiridion","Molten Egg 2","Cursed Key","Mummified Hand","Pantograph","Gambling Chip"],"potions_floor_usage":[38,38],"damage_taken":[{"damage":1.0,"enemies":"Small Slimes","floor":1.0,"turns":3.0},{"damage":0.0,"enemies":"2 Louse","floor":4.0,"turns":5.0},{"damage":14.0,"enemies":"3 Sentries","floor":7.0,"turns":9.0},{"damage":15.0,"enemies":"Lagavulin","floor":10.0,"turns":8.0},{"damage":4.0,"enemies":"Jaw Worm","floor":12.0,"turns":3.0},{"damage":0.0,"enemies":"3 Louse","floor":13.0,"turns":3.0},{"damage":28.0,"enemies":"Gremlin Nob","floor":14.0,"turns":4.0},{"damage":9.0,"enemies":"The Guardian","floor":16.0,"turns":12.0},{"damage":0.0,"enemies":"3 Byrds","floor":18.0,"turns":3.0},{"damage":15.0,"enemies":"2 Thieves","floor":19.0,"turns":4.0},{"damage":41.0,"enemies":"Snecko","floor":24.0,"turns":6.0},{"damage":0.0,"enemies":"Sentry and Sphere","floor":25.0,"turns":4.0},{"damage":0.0,"enemies":"Gremlin Leader","floor":30.0,"turns":4.0},{"damage":3.0,"enemies":"Cultist and Chosen","floor":31.0,"turns":4.0},{"damage":54.0,"enemies":"Collector","floor":33.0,"turns":9.0},{"damage":28.0,"enemies":"3 Darklings","floor":35.0,"turns":3.0},{"damage":0.0,"enemies":"3 Shapes","floor":36.0,"turns":5.0},{"damage":26,"enemies":"Writhing Mass","floor":38,"turns":6},{"damage":26,"enemies":"3 Darklings","floor":39,"turns":3},{"damage":11,"enemies":"Nemesis","floor":42,"turns":5},{"damage":14,"enemies":"Mind Bloom Boss Battle","floor":48,"turns":4},{"damage":47,"enemies":"Donu and Deca","floor":50,"turns":6},{"damage":62,"enemies":"Time Eater","floor":51,"turns":5}],"seed_played":"-702626126713787586","potions_obtained":[{"floor":4.0,"key":"Explosive Potion"},{"floor":7.0,"key":"Weak Potion"},{"floor":10.0,"key":"LiquidBronze"},{"floor":16.0,"key":"Energy Potion"},{"floor":24.0,"key":"SkillPotion"},{"floor":30.0,"key":"Regen Potion"},{"floor":33.0,"key":"Block Potion"},{"floor":36.0,"key":"SkillPotion"}],"is_trial":false,"path_per_floor":["M","?","?","M","?","R","E","R","T","E","R","M","M","E","R","B",null,"M","M","?","T","$","R","M","M","T","?","?","R","E","M","R","B",null,"M","M","?","M","M","R","$","E","T","R","?","R","$","?","R","B","B"],"character_chosen":"THE_SILENT","items_purchased":["Bronze Scales","Accuracy","Cloak And Dagger","Die Die Die+1"],"campfire_rested":5,"item_purchase_floors":[22,41,47,47],"current_hp_per_floor":[43,32,14,14,14,33,19,38,38,23,57,53,53,27,27,18,56,56,41,41,41,41,41,14,28,28,42,21,56,60,59,59,19,57,43,45,45,36,24,60,60,51,51,51,51,51,51,56,56,35,0],"gold":103,"neow_bonus":"ONE_RARE_RELIC","is_prod":false,"is_daily":false,"chose_seed":false,"campfire_upgraded":6,"win_rate":0,"timestamp":1560476760,"path_taken":["M","?","?","M","?","R","E","R","T","E","R","M","M","E","R","BOSS","M","M","?","?","$","R","M","M","T","?","?","R","E","M","R","BOSS","M","M","?","M","M","R","?","E","T","R","?","R","$","?","R","BOSS","BOSS"],"build_version":"2019-01-23","purchased_purges":2,"victory":false,"max_hp_per_floor":[66,66,66,66,66,66,66,66,66,66,66,66,66,68,68,68,68,68,68,68,68,68,68,68,68,68,68,68,68,70,70,70,70,70,70,70,70,70,70,70,70,70,70,70,70,70,70,70,70,70,70],"card_choices":[{"not_picked":["Outmaneuver","Concentrate"],"picked":"Infinite Blades","floor":1.0},{"not_picked":["Underhanded Strike","Deadly Poison"],"picked":"Dagger Spray","floor":4.0},{"not_picked":["Escape Plan","Poisoned Stab"],"picked":"Blade Dance","floor":7.0},{"not_picked":["Flechettes","Choke"],"picked":"Infinite Blades","floor":10.0},{"not_picked":["Acrobatics","All Out Attack"],"picked":"Deflect","floor":12.0},{"not_picked":["Sucker Punch","Concentrate"],"picked":"Unload","floor":13.0},{"not_picked":["Catalyst","Outmaneuver","Distraction"],"picked":"Singing Bowl","floor":14.0},{"not_picked":["Unload","Venomology"],"picked":"A Thousand Cuts","floor":16.0},{"not_picked":["Underhanded Strike","Poisoned Stab"],"picked":"Dagger Throw+1","floor":18.0},{"not_picked":["All Out Attack+1","Calculated Gamble+1"],"picked":"Dodge and Roll","floor":19.0},{"not_picked":["Sucker Punch","Heel Hook"],"picked":"Blur","floor":24.0},{"not_picked":["Predator","Quick Slash"],"picked":"Well Laid Plans+1","floor":25.0},{"not_picked":["Outmaneuver","Prepared","Poisoned Stab"],"picked":"Singing Bowl","floor":30.0},{"not_picked":["PiercingWail","Prepared"],"picked":"A Thousand Cuts","floor":31.0},{"not_picked":["Grand Finale+1","Night Terror"],"picked":"Phantasmal Killer","floor":33.0},{"not_picked":["Underhanded Strike+1","Slice+1"],"picked":"Deflect","floor":35.0},{"not_picked":["Underhanded Strike+1","Cloak And Dagger"],"picked":"Accuracy","floor":36.0},{"not_picked":["Tactician","Expertise"],"picked":"Blade Dance","floor":38},{"not_picked":["Blade Dance","Dodge and Roll"],"picked":"Footwork","floor":39},{"not_picked":["PiercingWail","Distraction"],"picked":"Finisher+1","floor":42},{"not_picked":["Backflip","Deflect"],"picked":"After Image","floor":48}],"player_experience":821580,"relics_obtained":[{"floor":7.0,"key":"Singing Bowl"},{"floor":9.0,"key":"Letter Opener"},{"floor":10.0,"key":"Regal Pillow"},{"floor":14.0,"key":"Kunai"},{"floor":17.0,"key":"Juzu Bracelet"},{"floor":17.0,"key":"Gremlin Horn"},{"floor":17.0,"key":"Ice Cream"},{"floor":21.0,"key":"Meat on the Bone"},{"floor":26.0,"key":"Vajra"},{"floor":28.0,"key":"Enchiridion"},{"floor":30.0,"key":"Molten Egg 2"},{"floor":42,"key":"Mummified Hand"},{"floor":43,"key":"Pantograph"},{"floor":48,"key":"Gambling Chip"}],"event_choices":[{"damage_healed":0.0,"max_hp_gain":0.0,"max_hp_loss":0.0,"gold_gain":75.0,"event_name":"World of Goop","player_choice":"Gather Gold","floor":2.0,"gold_loss":0.0,"damage_taken":11.0},{"damage_healed":0.0,"max_hp_gain":0.0,"max_hp_loss":0.0,"gold_gain":0.0,"event_name":"Scrap Ooze","player_choice":"Success","floor":3.0,"gold_loss":0.0,"damage_taken":18.0,"relics_obtained":["Ornamental Fan"]},{"damage_healed":0.0,"max_hp_gain":0.0,"max_hp_loss":0.0,"gold_gain":0.0,"event_name":"Shining Light","player_choice":"Ignored","floor":5.0,"gold_loss":0.0,"damage_taken":0.0},{"damage_healed":0.0,"max_hp_gain":0.0,"max_hp_loss":0.0,"gold_gain":0.0,"event_name":"Addict","player_choice":"Obtained Relic","floor":20.0,"gold_loss":85.0,"damage_taken":0.0,"relics_obtained":["Blood Vial"]},{"damage_healed":14.0,"max_hp_gain":0.0,"max_hp_loss":0.0,"gold_gain":0.0,"event_name":"The Library","player_choice":"Heal","floor":27.0,"gold_loss":0.0,"damage_taken":0.0},{"damage_healed":0.0,"max_hp_gain":0.0,"max_hp_loss":0.0,"gold_gain":0.0,"event_name":"Cursed Tome","player_choice":"Obtained Book","floor":28.0,"gold_loss":0.0,"damage_taken":21.0},{"damage_healed":0.0,"max_hp_gain":0.0,"max_hp_loss":0.0,"gold_gain":0.0,"event_name":"Lab","player_choice":"Got Potions","floor":37.0,"gold_loss":0.0,"damage_taken":0.0},{"damage_healed":0,"gold_gain":0,"player_choice":"Ignored","damage_taken":0,"max_hp_gain":0,"max_hp_loss":0,"event_name":"Tomb of Lord Red Mask","floor":45,"gold_loss":0},{"damage_healed":0,"gold_gain":0,"player_choice":"Fight","damage_taken":0,"max_hp_gain":0,"max_hp_loss":0,"event_name":"MindBloom","floor":48,"gold_loss":0}],"is_beta":false,"boss_relics":[{"not_picked":["Philosopher\u0027s Stone","White Beast Statue"],"picked":"Calling Bell"},{"not_picked":["Sozu","Pandora\u0027s Box"],"picked":"Cursed Key"}],"items_purged_floors":[22,41],"is_endless":false,"potions_floor_spawned":[4,7,10,16,24,30,33,36],"killed_by":"Time Eater","ascension_level":20}