{"gold_per_floor":[116,27,27,27,27,60,73,73,73,73,103,115,59,115,115,187,187,202,202,213,213,223,223,250,250,275,287,381,393,423,95,95,95],"floor_reached":33,"playtime":1356,"items_purged":[],"score":588,"play_id":"56098d07-44d7-4fa3-9a3a-17dee5c8ea58","local_time":"20190609124111","is_ascension_mode":true,"campfire_choices":[{"data":"Inflame","floor":8.0,"key":"SMITH"},{"data":"Headbutt","floor":10.0,"key":"SMITH"},{"floor":15.0,"key":"REST"},{"data":"1","floor":23.0,"key":"LIFT"},{"data":"2","floor":25.0,"key":"LIFT"},{"floor":27.0,"key":"REST"},{"data":"3","floor":29.0,"key":"LIFT"},{"floor":32.0,"key":"REST"}],"neow_cost":"NONE","seed_source_timestamp":275336724615687,"circlet_count":0,"master_deck":["AscendersBane","Bash","Headbutt+1","Inflame+1","Bludgeon+1","Sever Soul+1","Impervious","Body Slam+1","Anger+1","Immolate+1","Bludgeon+1","Combust","Thunderclap+1","Rampage+1","Double Tap","Fire Breathing","Dropkick+1","Shrug It Off+1","Iron Wave+1","Metallicize"],"special_seed":0,"relics":["Burning Blood","NeowsBlessing","Boot","Molten Egg 2","Singing Bowl","Girya","PreservedInsect","Pandora\u0027s Box","Dodecahedron","Art of War","MawBank","Letter Opener","Pocketwatch"],"potions_floor_usage":[],"damage_taken":[{"damage":0.0,"enemies":"Small Slimes","floor":1.0,"turns":1.0},{"damage":0.0,"enemies":"Gremlin Nob","floor":6.0,"turns":1.0},{"damage":0.0,"enemies":"2 Louse","floor":7.0,"turns":1.0},{"damage":20.0,"enemies":"3 Sentries","floor":11.0,"turns":5.0},{"damage":0.0,"enemies":"Jaw Worm","floor":12.0,"turns":1.0},{"damage":35.0,"enemies":"3 Sentries","floor":14.0,"turns":7.0},{"damage":28.0,"enemies":"Slime Boss","floor":16.0,"turns":8.0},{"damage":12.0,"enemies":"Chosen","floor":18.0,"turns":3.0},{"damage":11.0,"enemies":"Spheric Guardian","floor":20.0,"turns":3.0},{"damage":11.0,"enemies":"Shelled Parasite and Fungi","floor":22.0,"turns":3.0},{"damage":26.0,"enemies":"Gremlin Leader","floor":24.0,"turns":3.0},{"damage":17.0,"enemies":"Cultist and Chosen","floor":30.0,"turns":4.0},{"damage":81,"enemies":"Automaton","floor":33,"turns":6}],"seed_played":"-1570111560502020210","potions_obtained":[{"floor":7.0,"key":"EssenceOfSteel"},{"floor":16.0,"key":"Block Potion"},{"floor":22.0,"key":"Ancient Potion"}],"is_trial":false,"path_per_floor":["M","$","?","?","?","E","M","R","T","R","E","M","$","?","R","B",null,"M","?","M","?","M","R","E","R","T","R","T","R","M","$","R","B"],"character_chosen":"IRONCLAD","items_purchased":["Inflame","Anger+1","Pocketwatch"],"campfire_rested":3,"item_purchase_floors":[2,13,31],"current_hp_per_floor":[74,74,48,41,41,47,53,53,53,53,39,45,45,18,41,19,63,57,57,52,52,49,49,29,29,29,52,52,52,43,43,67,0],"gold":95,"neow_bonus":"THREE_ENEMY_KILL","is_prod":false,"is_daily":false,"chose_seed":false,"campfire_upgraded":2,"win_rate":0,"timestamp":1560109271,"path_taken":["M","$","?","?","?","E","M","R","T","R","E","M","?","?","R","BOSS","M","?","M","?","?","R","E","R","T","R","?","R","M","$","R","BOSS"],"build_version":"2019-01-23","purchased_purges":0,"victory":false,"max_hp_per_floor":[75,75,75,75,75,75,75,75,75,75,75,75,75,77,77,77,77,77,77,77,77,79,79,79,79,79,79,79,79,81,81,81,81],"card_choices":[{"not_picked":["Twin Strike","Thunderclap"],"picked":"Headbutt","floor":1.0},{"not_picked":["Headbutt","Iron Wave"],"picked":"Bludgeon","floor":6.0},{"not_picked":["Evolve","Dropkick+1"],"picked":"Sever Soul+1","floor":7.0},{"not_picked":["Armaments","Flex"],"picked":"Impervious","floor":11.0},{"not_picked":["Cleave+1","Sword Boomerang+1"],"picked":"Body Slam+1","floor":12.0},{"not_picked":["Rage","Armaments","Perfected Strike+1"],"picked":"Singing Bowl","floor":14.0},{"not_picked":["Juggernaut","Bludgeon+1"],"picked":"Immolate+1","floor":16.0},{"not_picked":["Body Slam+1","Pommel Strike+1"],"picked":"Shrug It Off+1","floor":18.0},{"not_picked":["Rage","Havoc"],"picked":"Iron Wave+1","floor":20.0},{"not_picked":["Seeing Red","Warcry","Entrench+1"],"picked":"Singing Bowl","floor":22.0},{"not_picked":["Body Slam+1","Flex+1"],"picked":"Metallicize","floor":24.0},{"not_picked":["Perfected Strike+1","Thunderclap+1","Shockwave"],"picked":"Singing Bowl","floor":30.0}],"player_experience":815691,"relics_obtained":[{"floor":6.0,"key":"Molten Egg 2"},{"floor":9.0,"key":"Singing Bowl"},{"floor":11.0,"key":"Girya"},{"floor":14.0,"key":"PreservedInsect"},{"floor":24.0,"key":"Art of War"},{"floor":26.0,"key":"MawBank"},{"floor":28.0,"key":"Letter Opener"}],"event_choices":[{"damage_healed":0.0,"max_hp_gain":0.0,"max_hp_loss":0.0,"gold_gain":0.0,"event_name":"Scrap Ooze","player_choice":"Success","floor":3.0,"gold_loss":0.0,"damage_taken":26.0,"relics_obtained":["Boot"]},{"cards_removed":["Strike_R"],"damage_healed":0.0,"max_hp_gain":0.0,"max_hp_loss":0.0,"gold_gain":0.0,"event_name":"Golden Wing","player_choice":"Card Removal","floor":4.0,"gold_loss":0.0,"damage_taken":7.0},{"damage_healed":0.0,"max_hp_gain":0.0,"max_hp_loss":0.0,"gold_gain":0.0,"event_name":"The Cleric","player_choice":"Leave","floor":5.0,"gold_loss":0.0,"damage_taken":0.0},{"damage_healed":0.0,"max_hp_gain":0.0,"max_hp_loss":0.0,"gold_gain":30.0,"event_name":"Dead Adventurer","player_choice":"Searched \u00272\u0027 times","floor":14.0,"gold_loss":0.0,"damage_taken":0.0},{"cards_removed":["Flex"],"damage_healed":0.0,"max_hp_gain":0.0,"max_hp_loss":0.0,"gold_gain":0.0,"event_name":"Back to Basics","player_choice":"Elegance","floor":19.0,"gold_loss":0.0,"damage_taken":0.0},{"damage_healed":0.0,"max_hp_gain":0.0,"max_hp_loss":0.0,"gold_gain":0.0,"event_name":"WeMeetAgain","player_choice":"Gave Potion","floor":21.0,"gold_loss":0.0,"damage_taken":0.0,"relics_obtained":["Dodecahedron"]}],"is_beta":false,"boss_relics":[{"not_picked":["Empty Cage","Runic Cube"],"picked":"Pandora\u0027s Box"}],"items_purged_floors":[],"is_endless":false,"potions_floor_spawned":[7,16,18,22],"killed_by":"Automaton","ascension_level":20}