{"gold_per_floor":[360,377,389,406,101,101,118,118,118,138,138,173,173,184,184,263,263,280,280,280],"floor_reached":20,"playtime":805,"items_purged":[],"score":352,"play_id":"a124b9ee-4208-4284-a13a-739699f4a980","local_time":"20190616115506","is_ascension_mode":true,"campfire_choices":[{"data":"Noxious Fumes","floor":6,"key":"SMITH"},{"data":"Neutralize","floor":8,"key":"SMITH"},{"floor":11,"key":"REST"},{"floor":15,"key":"REST"}],"neow_cost":"PERCENT_DAMAGE","seed_source_timestamp":308047195412532,"circlet_count":0,"master_deck":["AscendersBane","Defend_G","Defend_G","Defend_G","Defend_G","Defend_G","Strike_G","Strike_G","Strike_G","Strike_G","Survivor","Neutralize+1","Underhanded Strike","Flying Knee","Dodge and Roll","Phantasmal Killer","Noxious Fumes+1","Infinite Blades","Deadly Poison","Endless Agony","Dagger Spray","Phantasmal Killer","Noxious Fumes","Sucker Punch","Bullet Time","Sucker Punch","Cloak And Dagger"],"relics":["Ring of the Snake","TwistedFunnel","Prayer Wheel","Dodecahedron","Eternal Feather"],"potions_floor_usage":[3,12,16],"damage_taken":[{"damage":2,"enemies":"Cultist","floor":1,"turns":5},{"damage":2,"enemies":"2 Louse","floor":2,"turns":5},{"damage":2,"enemies":"Jaw Worm","floor":3,"turns":5},{"damage":2,"enemies":"Looter","floor":4,"turns":4},{"damage":12,"enemies":"Red Slaver","floor":7,"turns":5},{"damage":0,"enemies":"2 Fungi Beasts","floor":10,"turns":3},{"damage":22,"enemies":"Gremlin Nob","floor":12,"turns":4},{"damage":3,"enemies":"Blue Slaver","floor":14,"turns":3},{"damage":17,"enemies":"Hexaghost","floor":16,"turns":8},{"damage":37,"enemies":"Spheric Guardian","floor":18,"turns":6}],"seed_played":"4987412127951809582","potions_obtained":[{"floor":2,"key":"AttackPotion"},{"floor":10,"key":"Ancient Potion"},{"floor":14,"key":"AttackPotion"},{"floor":16,"key":"Poison Potion"},{"floor":18,"key":"LiquidBronze"}],"is_trial":false,"path_per_floor":["M","M","M","M","$","R","M","R","T","M","R","E","?","M","R","B",null,"M","?","?"],"character_chosen":"THE_SILENT","items_purchased":["TwistedFunnel","Noxious Fumes"],"campfire_rested":2,"item_purchase_floors":[5,5],"current_hp_per_floor":[42,40,38,36,36,36,24,24,24,24,43,21,21,18,37,20,55,18,18,0],"gold":280,"neow_bonus":"TWO_FIFTY_GOLD","is_prod":false,"is_daily":false,"chose_seed":false,"campfire_upgraded":2,"win_rate":0,"timestamp":1560711306,"path_taken":["M","M","M","M","$","R","?","R","T","M","R","E","?","M","R","BOSS","M","?","?"],"build_version":"2019-01-23","purchased_purges":0,"victory":false,"max_hp_per_floor":[66,66,66,66,66,66,66,66,66,66,66,66,66,66,66,66,66,66,66,66],"card_choices":[{"not_picked":["PiercingWail","Quick Slash"],"picked":"Underhanded Strike","floor":1},{"not_picked":["Bane","Terror"],"picked":"Flying Knee","floor":2},{"not_picked":["Blade Dance","PiercingWail"],"picked":"Dodge and Roll","floor":3},{"not_picked":["Deflect","Dagger Throw"],"picked":"Phantasmal Killer","floor":4},{"not_picked":["Backflip","Quick Slash"],"picked":"Infinite Blades","floor":7},{"not_picked":["Skewer","Acrobatics"],"picked":"Deadly Poison","floor":10},{"not_picked":["Underhanded Strike","Deflect"],"picked":"Endless Agony","floor":10},{"not_picked":["Outmaneuver","Setup"],"picked":"Dagger Spray","floor":12},{"not_picked":["Deadly Poison","Bouncing Flask"],"picked":"Noxious Fumes","floor":14},{"not_picked":["Outmaneuver","Prepared"],"picked":"Sucker Punch","floor":14},{"not_picked":["Night Terror","A Thousand Cuts"],"picked":"Bullet Time","floor":16},{"not_picked":["Prepared","Quick Slash"],"picked":"Sucker Punch","floor":18},{"not_picked":["Prepared","Poisoned Stab"],"picked":"Cloak And Dagger","floor":18}],"player_experience":831565,"relics_obtained":[{"floor":9,"key":"Prayer Wheel"},{"floor":12,"key":"Dodecahedron"}],"event_choices":[{"damage_healed":0,"gold_gain":0,"cards_transformed":["Strike_G"],"player_choice":"Change","damage_taken":0,"max_hp_gain":0,"max_hp_loss":0,"event_name":"Living Wall","floor":13,"gold_loss":0,"cards_obtained":["Phantasmal Killer"]},{"damage_healed":0,"gold_gain":0,"player_choice":"Ignored","damage_taken":0,"max_hp_gain":0,"max_hp_loss":0,"event_name":"Vampires","floor":19,"gold_loss":0}],"is_beta":false,"boss_relics":[{"not_picked":["Pandora\u0027s Box","White Beast Statue"],"picked":"Eternal Feather"}],"items_purged_floors":[],"is_endless":false,"potions_floor_spawned":[2,10,14,16,18],"ascension_level":20}