{"gold_per_floor":[112,125,125,139,139,139,173,173,173,78,92,111,166,183,183,285,335,354,371,286,286,298,327,345,325,325,325,325,325,97,197,197,197],"floor_reached":33,"playtime":2591,"items_purged":[],"score":265,"play_id":"6d5ecec5-03cc-4032-8e01-d4dc487d9398","local_time":"20190706023733","is_ascension_mode":false,"campfire_choices":[{"data":"Neutralize","floor":6,"key":"SMITH"},{"data":"Blade Dance","floor":8,"key":"SMITH"},{"floor":15,"key":"REST"},{"floor":27,"key":"REST"},{"data":"Blade Dance","floor":29,"key":"SMITH"},{"data":"Blade Dance","floor":32,"key":"SMITH"}],"neow_cost":"NONE","seed_source_timestamp":109048968211587,"circlet_count":0,"master_deck":["Strike_G","Strike_G","Strike_G","Strike_G","Strike_G","Defend_G","Defend_G+1","Defend_G","Defend_G","Defend_G","Survivor","Neutralize+1","Slice","Backflip","Dodge and Roll","Blade Dance+1","Dodge and Roll","Distraction","Dodge and Roll","Terror","Envenom+1","Blade Dance+1","Die Die Die","Leg Sweep","PiercingWail+1","Quick Slash+1","Blade Dance+1","Noxious Fumes+1","Decay","Poisoned Stab","Infinite Blades+1","Finisher"],"relics":["WristBlade","Frozen Egg 2","Ninja Scroll","Blood Vial","Tiny House","Bag of Marbles","Juzu Bracelet","Unceasing Top","Gremlin Horn","Strawberry","WingedGreaves","Meat on the Bone"],"potions_floor_usage":[13,22,31,31,33],"damage_taken":[{"damage":0,"enemies":"Small Slimes","floor":1,"turns":3},{"damage":0,"enemies":"2 Louse","floor":2,"turns":4},{"damage":0,"enemies":"Jaw Worm","floor":4,"turns":3},{"damage":60,"enemies":"Gremlin Nob","floor":7,"turns":8},{"damage":0,"enemies":"Exordium Wildlife","floor":11,"turns":2},{"damage":0,"enemies":"3 Louse","floor":12,"turns":4},{"damage":6,"enemies":"3 Sentries","floor":13,"turns":6},{"damage":0,"enemies":"2 Fungi Beasts","floor":14,"turns":2},{"damage":4,"enemies":"Hexaghost","floor":16,"turns":8},{"damage":25,"enemies":"2 Thieves","floor":18,"turns":5},{"damage":0,"enemies":"Chosen","floor":19,"turns":4},{"damage":7,"enemies":"Snecko","floor":22,"turns":3},{"damage":34,"enemies":"Book of Stabbing","floor":23,"turns":6},{"damage":4,"enemies":"Centurion and Healer","floor":24,"turns":5},{"damage":8,"enemies":"Colosseum Slavers","floor":31,"turns":4},{"damage":6,"enemies":"Colosseum Nobs","floor":31,"turns":4},{"damage":46,"enemies":"Automaton","floor":33,"turns":8}],"seed_played":"828980296276599621","potions_obtained":[{"floor":7,"key":"Ancient Potion"},{"floor":11,"key":"Explosive Potion"},{"floor":12,"key":"GamblersBrew"},{"floor":14,"key":"SpeedPotion"},{"floor":17,"key":"Ancient Potion"},{"floor":19,"key":"LiquidBronze"},{"floor":23,"key":"Block Potion"},{"floor":24,"key":"Block Potion"},{"floor":25,"key":"Regen Potion"}],"is_trial":false,"path_per_floor":["M","M","?","M","?","R","E","R","T","$","M","M","?","M","R","B",null,"M","M","?","?","M","E","M","?","T","R","?","R","$","?","R","B"],"character_chosen":"THE_SILENT","items_purchased":["Dodge and Roll","Distraction","Infinite Blades+1","Strawberry"],"campfire_rested":2,"item_purchase_floors":[10,10,30,30],"current_hp_per_floor":[70,70,70,70,70,70,10,10,10,10,10,10,4,6,27,25,75,50,52,52,52,47,15,13,13,13,35,35,35,42,44,44,0],"gold":197,"neow_bonus":"BOSS_RELIC","is_prod":false,"is_daily":false,"chose_seed":false,"campfire_upgraded":4,"win_rate":0.0,"timestamp":1562416653,"path_taken":["M","M","?","M","?","R","E","R","T","$","?","M","?","M","R","BOSS","M","M","?","?","M","E","M","?","T","R","?","R","?","?","R","BOSS"],"build_version":"2019-07-05","purchased_purges":0,"victory":false,"max_hp_per_floor":[70,70,70,70,70,70,70,70,70,70,70,70,70,70,70,70,75,75,75,75,75,75,75,75,75,75,75,75,75,82,82,82,82],"card_choices":[{"not_picked":["Dagger Throw","Quick Slash"],"picked":"Slice","floor":1},{"not_picked":["Dagger Spray","Choke"],"picked":"Backflip","floor":2},{"not_picked":["Acrobatics","Dagger Spray"],"picked":"Dodge and Roll","floor":4},{"not_picked":["Caltrops","Sucker Punch"],"picked":"Blade Dance","floor":7},{"not_picked":["Masterful Stab","Endless Agony"],"picked":"Dodge and Roll","floor":11},{"not_picked":["PiercingWail","Sucker Punch"],"picked":"Terror","floor":12},{"not_picked":["Dagger Spray","Dash"],"picked":"Envenom+1","floor":13},{"not_picked":["Acrobatics","Outmaneuver"],"picked":"Blade Dance","floor":14},{"not_picked":["Phantasmal Killer","Wraith Form v2+1"],"picked":"Die Die Die","floor":16},{"not_picked":["Underhanded Strike","Deadly Poison"],"picked":"Leg Sweep","floor":17},{"not_picked":["Sucker Punch","Outmaneuver"],"picked":"PiercingWail+1","floor":18},{"not_picked":["Doppelganger","PiercingWail"],"picked":"Quick Slash+1","floor":19},{"not_picked":["Crippling Poison","Underhanded Strike+1"],"picked":"Blade Dance","floor":22},{"not_picked":["Slice","Flechettes"],"picked":"Noxious Fumes+1","floor":23},{"not_picked":["Skewer+1","Masterful Stab","Backflip"],"picked":"SKIP","floor":24},{"not_picked":["Prepared","Slice"],"picked":"Finisher","floor":31}],"player_experience":7119,"relics_obtained":[{"floor":7,"key":"Frozen Egg 2"},{"floor":9,"key":"Ninja Scroll"},{"floor":13,"key":"Blood Vial"},{"floor":23,"key":"Unceasing Top"},{"floor":26,"key":"Gremlin Horn"},{"floor":31,"key":"WingedGreaves"},{"floor":31,"key":"Meat on the Bone"}],"event_choices":[{"damage_healed":0,"gold_gain":0,"player_choice":"Ignored","damage_taken":0,"max_hp_gain":0,"max_hp_loss":0,"event_name":"Golden Wing","floor":3,"gold_loss":0},{"damage_healed":0,"gold_gain":0,"player_choice":"Ignored","damage_taken":0,"max_hp_gain":0,"max_hp_loss":0,"event_name":"Liars Game","floor":5,"gold_loss":0},{"damage_healed":0,"gold_gain":30,"player_choice":"Searched \u00272\u0027 times","damage_taken":0,"max_hp_gain":0,"max_hp_loss":0,"event_name":"Dead Adventurer","floor":13,"gold_loss":0},{"damage_healed":0,"gold_gain":0,"player_choice":"Obtained Relic","damage_taken":0,"relics_obtained":["Bag of Marbles"],"max_hp_gain":0,"max_hp_loss":0,"event_name":"Addict","floor":20,"gold_loss":85},{"damage_healed":0,"gold_gain":0,"player_choice":"Opened","damage_taken":0,"relics_obtained":["Juzu Bracelet"],"max_hp_gain":0,"max_hp_loss":0,"event_name":"The Mausoleum","floor":21,"gold_loss":0},{"damage_healed":0,"gold_gain":0,"player_choice":"Bought 1 Potion","damage_taken":0,"max_hp_gain":0,"max_hp_loss":0,"event_name":"The Woman in Blue","floor":25,"gold_loss":0},{"damage_healed":0,"gold_gain":0,"player_choice":"2 cards matched","damage_taken":0,"max_hp_gain":0,"max_hp_loss":0,"event_name":"Match and Keep!","floor":28,"gold_loss":0,"cards_obtained":["Decay","Poisoned Stab"]},{"damage_healed":0,"gold_gain":0,"player_choice":"2 cards matched","damage_taken":0,"max_hp_gain":0,"max_hp_loss":0,"event_name":"Match and Keep!","floor":28,"gold_loss":0,"cards_obtained":["Decay","Poisoned Stab"]},{"damage_healed":0,"gold_gain":0,"player_choice":"Fight","damage_taken":0,"max_hp_gain":0,"max_hp_loss":0,"event_name":"Colosseum","floor":31,"gold_loss":0},{"damage_healed":0,"gold_gain":0,"player_choice":"Fought Nobs","damage_taken":0,"max_hp_gain":0,"max_hp_loss":0,"event_name":"Colosseum","floor":31,"gold_loss":0}],"is_beta":false,"boss_relics":[{"not_picked":["Coffee Dripper","Ectoplasm"],"picked":"Tiny House"}],"items_purged_floors":[],"is_endless":false,"potions_floor_spawned":[7,11,12,14,19,23,24],"killed_by":"Automaton","ascension_level":0}