{"gold_per_floor":[114,129,204,219,234,11,26,41,41,71,77,77,77,96,96,221,221,240,259,278,297,297,21,21,21,46,46],"floor_reached":27,"playtime":2323,"items_purged":[],"score":217,"play_id":"a0401fd8-ab20-4729-bedd-c0bd5d21bf19","local_time":"20181028162149","daily_mods":["SealedDeck","Uncertain Future","Lethality"],"is_ascension_mode":false,"campfire_choices":[{"data":"Turbo","floor":12,"key":"SMITH"},{"floor":15,"key":"REST"}],"neow_cost":"","seed_source_timestamp":0,"circlet_count":0,"master_deck":["Darkness","Capacitor","Genetic Algorithm","Chill","Storm","FTL","Steam","Turbo+1","Gash","Self Repair","Ball Lightning","Auto Shields","Hello World","Steam","Sweeping Beam","Conserve Battery","Beam Cell","Creative AI","Loop","Leap","Beam Cell","Rainbow","Streamline","Hello World","Turbo","Stack"],"special_seed":17832,"relics":["Cracked Core","Lantern","Bronze Scales","Juzu Bracelet","Omamori","Golden Idol","Lizard Tail","Girya","Mercury Hourglass","Bag of Marbles","Boot"],"potions_floor_usage":[4,5,8,10,16,16],"damage_taken":[{"damage":18,"enemies":"2 Louse","floor":1,"turns":2},{"damage":0,"enemies":"Small Slimes","floor":2,"turns":3},{"damage":9,"enemies":"Jaw Worm","floor":4,"turns":3},{"damage":11,"enemies":"Exordium Wildlife","floor":5,"turns":3},{"damage":13,"enemies":"3 Louse","floor":7,"turns":3},{"damage":0,"enemies":"Exordium Thugs","floor":8,"turns":4},{"damage":12,"enemies":"3 Sentries","floor":10,"turns":6},{"damage":5,"enemies":"3 Sentries","floor":11,"turns":6},{"damage":22,"enemies":"Exordium Wildlife","floor":14,"turns":4},{"damage":2,"enemies":"Slime Boss","floor":16,"turns":7},{"damage":27,"enemies":"2 Thieves","floor":18,"turns":5},{"damage":8,"enemies":"Chosen","floor":19,"turns":4},{"damage":67,"enemies":"3 Cultists","floor":20,"turns":6},{"damage":13,"enemies":"Snecko","floor":21,"turns":5},{"damage":32,"enemies":"Book of Stabbing","floor":27,"turns":4}],"seed_played":"5963366377252793879","potions_obtained":[{"floor":1,"key":"Swift Potion"},{"floor":2,"key":"EntropicBrew"},{"floor":11,"key":"Dexterity Potion"},{"floor":14,"key":"Dexterity Potion"},{"floor":16,"key":"Strength Potion"},{"floor":19,"key":"Block Potion"}],"is_trial":false,"path_per_floor":["M","M","?","M","M","$","M","M","T","E","?","R","?","M","R","B",null,"M","M","M","M","?","$","?","?","T"],"character_chosen":"DEFECT","items_purchased":["Lantern","Sweeping Beam","Conserve Battery","Mercury Hourglass","Stack"],"campfire_rested":1,"item_purchase_floors":[6,6,6,23,23],"current_hp_per_floor":[64,71,60,58,54,54,48,55,55,50,52,52,52,37,59,64,75,55,47,26,20,20,20,20,25,25,0],"gold":46,"neow_bonus":"","is_prod":false,"is_daily":true,"chose_seed":false,"campfire_upgraded":1,"win_rate":0,"timestamp":1540758109,"path_taken":["M","M","?","M","M","$","M","M","T","E","?","R","?","M","R","BOSS","M","M","M","M","?","$","?","?","T","E"],"build_version":"2018-10-25v2","purchased_purges":0,"victory":false,"max_hp_per_floor":[75,75,75,75,75,75,75,75,75,75,75,75,75,75,75,75,75,75,75,75,75,75,75,75,75,75,75],"card_choices":[{"not_picked":["Hologram","Cold Snap"],"picked":"Ball Lightning","floor":1},{"not_picked":["Skim","Ball Lightning"],"picked":"Auto Shields","floor":2},{"not_picked":["Conserve Battery","Capacitor"],"picked":"Hello World","floor":4},{"not_picked":["Ball Lightning","Coolheaded"],"picked":"Steam","floor":5},{"not_picked":["Glacier","Ball Lightning"],"picked":"Beam Cell","floor":7},{"not_picked":["Hello World","Compile Driver"],"picked":"Creative AI","floor":8},{"not_picked":["Static Discharge","Sweeping Beam"],"picked":"Loop","floor":10},{"not_picked":["Barrage","Conserve Battery"],"picked":"Leap","floor":11},{"not_picked":["Darkness","Barrage"],"picked":"Beam Cell","floor":14},{"not_picked":["Seek","Core Surge"],"picked":"Rainbow","floor":16},{"not_picked":["Tempest","Leap"],"picked":"Streamline","floor":18},{"not_picked":["Compile Driver","Barrage+1"],"picked":"Hello World","floor":19},{"not_picked":["Darkness","Sweeping Beam+1"],"picked":"Beam Cell","floor":20},{"not_picked":["Conserve Battery","Genetic Algorithm"],"picked":"Turbo","floor":21}],"player_experience":463310,"relics_obtained":[{"floor":9,"key":"Bronze Scales"},{"floor":10,"key":"Juzu Bracelet"},{"floor":11,"key":"Omamori"},{"floor":26,"key":"Boot"}],"event_choices":[{"damage_healed":0,"gold_gain":75,"player_choice":"Gather Gold","damage_taken":11,"max_hp_gain":0,"max_hp_loss":0,"event_name":"World of Goop","floor":3,"gold_loss":0},{"damage_healed":0,"gold_gain":30,"player_choice":"Searched \u00272\u0027 times","damage_taken":0,"max_hp_gain":0,"max_hp_loss":0,"event_name":"Dead Adventurer","floor":11,"gold_loss":0},{"damage_healed":0,"gold_gain":0,"player_choice":"Take Wound","damage_taken":0,"relics_obtained":["Golden Idol"],"max_hp_gain":0,"max_hp_loss":0,"event_name":"Golden Idol","floor":13,"gold_loss":0,"cards_obtained":["Injury"]},{"damage_healed":0,"gold_gain":0,"player_choice":"Gave Potion","damage_taken":0,"relics_obtained":["Girya"],"max_hp_gain":0,"max_hp_loss":0,"event_name":"WeMeetAgain","floor":22,"gold_loss":0},{"damage_healed":0,"gold_gain":0,"player_choice":"Stole Relic","damage_taken":0,"relics_obtained":["Bag of Marbles"],"max_hp_gain":0,"max_hp_loss":0,"event_name":"Addict","floor":24,"gold_loss":0,"cards_obtained":["Shame"]},{"cards_removed":["Beam Cell"],"damage_healed":5,"gold_gain":0,"player_choice":"Offered Common","damage_taken":0,"max_hp_gain":0,"max_hp_loss":0,"event_name":"Bonfire Elementals","floor":25,"gold_loss":0},{"cards_removed":["Beam Cell"],"damage_healed":5,"gold_gain":0,"player_choice":"Offered Special","damage_taken":0,"max_hp_gain":0,"max_hp_loss":0,"event_name":"Bonfire Elementals","floor":25,"gold_loss":0}],"is_beta":false,"boss_relics":[{"not_picked":["Ectoplasm","Cursed Key"],"picked":"Lizard Tail"}],"items_purged_floors":[],"is_endless":false,"potions_floor_spawned":[1,2,11,14,16,19],"killed_by":"Book of Stabbing","ascension_level":0}