{"gold_per_floor":[111,36,56,56,67,95,95,123,203,203,203,237,251,251,251,251],"floor_reached":16,"playtime":825,"items_purged":["Defend_R"],"score":130,"play_id":"4d2bc42f-2b77-44a2-8079-840d4a16f767","local_time":"20190709180458","is_ascension_mode":true,"campfire_choices":[{"data":"Perfected Strike","floor":7,"key":"SMITH"},{"floor":10,"key":"REST"},{"floor":15,"key":"REST"}],"neow_cost":"NONE","seed_source_timestamp":2521861141300,"circlet_count":0,"master_deck":["Strike_R","Strike_R","Strike_R","Strike_R","Defend_R","Defend_R","Bash","Perfected Strike+1","Thunderclap","Perfected Strike","Infernal Blade","Twin Strike"],"relics":["Burning Blood","Torii","Happy Flower","Bottled Flame","GremlinMask","PreservedInsect"],"potions_floor_usage":[],"damage_taken":[{"damage":1,"enemies":"Cultist","floor":1,"turns":4},{"damage":0,"enemies":"2 Louse","floor":3,"turns":2},{"damage":6,"enemies":"Small Slimes","floor":5,"turns":2},{"damage":27,"enemies":"Gremlin Nob","floor":6,"turns":4},{"damage":36,"enemies":"Lagavulin","floor":8,"turns":5},{"damage":14,"enemies":"Gremlin Nob","floor":12,"turns":3},{"damage":13,"enemies":"Gremlin Gang","floor":13,"turns":4},{"damage":10,"enemies":"The Guardian","floor":16,"turns":3}],"seed_played":"2057138432027922234","potions_obtained":[{"floor":3,"key":"Weak Potion"},{"floor":6,"key":"Explosive Potion"},{"floor":8,"key":"Ancient Potion"}],"is_trial":false,"path_per_floor":["M","$","M","?","M","E","R","E","T","R","?","E","M","?","R","B"],"character_chosen":"IRONCLAD","items_purchased":[],"campfire_rested":2,"item_purchase_floors":[],"current_hp_per_floor":[88,88,88,88,88,67,67,37,37,63,63,55,48,41,67,57],"gold":251,"neow_bonus":"TEN_PERCENT_HP_BONUS","is_prod":false,"is_daily":false,"chose_seed":false,"campfire_upgraded":1,"win_rate":0,"timestamp":1562688298,"path_taken":["M","?","M","?","M","E","R","E","T","R","?","E","?","?","R","BOSS"],"build_version":"2019-07-05","purchased_purges":1,"victory":false,"max_hp_per_floor":[88,88,88,88,88,88,88,88,88,88,88,88,88,88,88,88],"card_choices":[{"not_picked":["Clothesline","Anger"],"picked":"Perfected Strike","floor":1},{"not_picked":["Dual Wield","Spot Weakness"],"picked":"Thunderclap","floor":3},{"not_picked":["Rupture","Fire Breathing","Wild Strike"],"picked":"SKIP","floor":5},{"not_picked":["Dual Wield","Body Slam","Flame Barrier"],"picked":"SKIP","floor":6},{"not_picked":["Havoc","Brutality"],"picked":"Perfected Strike","floor":8},{"not_picked":["Anger","Thunderclap"],"picked":"Infernal Blade","floor":12},{"not_picked":["Burning Pact","Sever Soul"],"picked":"Twin Strike","floor":13}],"player_experience":92754,"relics_obtained":[{"floor":6,"key":"Torii"},{"floor":8,"key":"Happy Flower"},{"floor":9,"key":"Bottled Flame"},{"floor":12,"key":"PreservedInsect"}],"event_choices":[{"cards_removed":["Defend_R"],"damage_healed":0,"gold_gain":0,"player_choice":"Forget","damage_taken":0,"max_hp_gain":0,"max_hp_loss":0,"event_name":"Living Wall","floor":4,"gold_loss":0},{"damage_healed":0,"gold_gain":0,"player_choice":"Trade","damage_taken":0,"relics_obtained":["GremlinMask"],"max_hp_gain":0,"max_hp_loss":0,"event_name":"FaceTrader","floor":11,"gold_loss":0},{"cards_removed":["Strike_R"],"damage_healed":0,"gold_gain":0,"player_choice":"Card Removal","damage_taken":7,"max_hp_gain":0,"max_hp_loss":0,"event_name":"Golden Wing","floor":14,"gold_loss":0}],"is_beta":false,"boss_relics":[],"items_purged_floors":[2],"is_endless":false,"potions_floor_spawned":[3,6,8],"killed_by":"The Guardian","ascension_level":2}