{"gold_per_floor":[111,1,74,74,74,102,67,79,105,119,138,138,138,156,156,257,257,269,269,239],"floor_reached":20,"playtime":847,"items_purged":[],"score":181,"play_id":"7a6a3be9-e1ac-4396-ab79-f98c08cc4056","local_time":"20181209141129","is_ascension_mode":true,"campfire_choices":[{"floor":13,"key":"REST"},{"data":"White Noise","floor":15,"key":"SMITH"}],"neow_cost":"NONE","seed_source_timestamp":166258355901052,"circlet_count":0,"master_deck":["Strike_B","Strike_B","Strike_B","Strike_B","Defend_B","Defend_B","Defend_B","Defend_B","Zap","Dualcast","Sweeping Beam","Storm+1","Sunder","White Noise+1","Gash","Capacitor+1","Ball Lightning","Zap","Panacea","Melter","Stack","Thunder Strike","Streamline"],"relics":["Cracked Core","Frozen Egg 2","Vajra","Orichalcum","Inserter"],"potions_floor_usage":[16,16,16,20],"damage_taken":[{"damage":0,"enemies":"Small Slimes","floor":1,"turns":3},{"damage":61,"enemies":"Gremlin Nob","floor":6,"turns":6},{"damage":6,"enemies":"Jaw Worm","floor":8,"turns":3},{"damage":4,"enemies":"2 Louse","floor":10,"turns":3},{"damage":10,"enemies":"Red Slaver","floor":11,"turns":3},{"damage":11,"enemies":"Large Slime","floor":14,"turns":4},{"damage":23,"enemies":"The Guardian","floor":16,"turns":9},{"damage":19,"enemies":"3 Byrds","floor":18,"turns":4},{"damage":50,"enemies":"Colosseum Slavers","floor":19,"turns":5},{"damage":15,"enemies":"2 Thieves","floor":20,"turns":1}],"seed_played":"-3418663438112874147","potions_obtained":[{"floor":6,"key":"Dexterity Potion"},{"floor":8,"key":"Fire Potion"},{"floor":14,"key":"Strength Potion"},{"floor":18,"key":"Fire Potion"}],"is_trial":false,"path_per_floor":["M","$","?","?","T","E","?","M","T","M","M","?","R","M","R","B",null,"M","?","M"],"character_chosen":"DEFECT","items_purchased":["Storm","Sunder"],"campfire_rested":1,"item_purchase_floors":[2,2],"current_hp_per_floor":[82,82,82,82,82,21,41,35,35,31,21,21,45,34,34,11,82,63,13,0],"gold":239,"neow_bonus":"TEN_PERCENT_HP_BONUS","is_prod":false,"is_daily":false,"chose_seed":false,"campfire_upgraded":1,"win_rate":0,"timestamp":1544382689,"path_taken":["M","$","?","?","?","E","?","M","T","M","?","?","R","M","R","BOSS","M","?","M"],"build_version":"2018-12-06","purchased_purges":0,"victory":false,"max_hp_per_floor":[82,82,82,82,82,82,82,82,82,82,82,82,82,82,82,82,82,82,82,82],"card_choices":[{"not_picked":["Streamline","Chaos"],"picked":"Sweeping Beam","floor":1},{"not_picked":["Tempest","Consume"],"picked":"White Noise","floor":6},{"not_picked":["Rip and Tear","Leap"],"picked":"Gash","floor":8},{"not_picked":["Heatsinks+1","Reprogram"],"picked":"Capacitor+1","floor":10},{"not_picked":["Compile Driver","Redo"],"picked":"Ball Lightning","floor":11},{"not_picked":["Cold Snap","Recycle"],"picked":"Stack","floor":14},{"not_picked":["Seek","Biased Cognition+1"],"picked":"Thunder Strike","floor":16},{"not_picked":["Darkness","Conserve Battery"],"picked":"Streamline","floor":18}],"player_experience":503661,"relics_obtained":[{"floor":5,"key":"Frozen Egg 2"},{"floor":6,"key":"Vajra"},{"floor":9,"key":"Orichalcum"}],"event_choices":[{"damage_healed":0,"gold_gain":73,"player_choice":"Gained Gold","damage_taken":0,"max_hp_gain":0,"max_hp_loss":0,"event_name":"Golden Wing","floor":3,"gold_loss":0},{"damage_healed":0,"gold_gain":0,"player_choice":"Grow","damage_taken":0,"max_hp_gain":0,"max_hp_loss":0,"event_name":"Living Wall","floor":4,"gold_loss":0,"cards_upgraded":["Storm"]},{"damage_healed":20,"gold_gain":0,"player_choice":"Healed","damage_taken":0,"max_hp_gain":0,"max_hp_loss":0,"event_name":"The Cleric","floor":7,"gold_loss":35},{"damage_healed":0,"gold_gain":0,"player_choice":"3 cards matched","damage_taken":0,"max_hp_gain":0,"max_hp_loss":0,"event_name":"Match and Keep!","floor":12,"gold_loss":0,"cards_obtained":["Zap","Panacea","Melter"]},{"damage_healed":0,"gold_gain":0,"player_choice":"Fight","damage_taken":0,"max_hp_gain":0,"max_hp_loss":0,"event_name":"Colosseum","floor":19,"gold_loss":0},{"damage_healed":0,"gold_gain":0,"player_choice":"Fled From Nobs","damage_taken":0,"max_hp_gain":0,"max_hp_loss":0,"event_name":"Colosseum","floor":19,"gold_loss":0}],"is_beta":false,"boss_relics":[{"not_picked":["Runic Dome","Fusion Hammer"],"picked":"Inserter"}],"items_purged_floors":[],"is_endless":false,"potions_floor_spawned":[6,8,14,18],"killed_by":"2 Thieves","ascension_level":1}