{"gold_per_floor":[115,131,206,206,273,273,388,31,31,46,65,91,91,141,141,141],"floor_reached":16,"playtime":855,"items_purged":[],"score":103,"play_id":"164112ba-b1c1-489f-a429-6d1ce9bfdceb","local_time":"20190428212844","is_ascension_mode":true,"campfire_choices":[{"data":"Zap","floor":6,"key":"SMITH"},{"floor":13,"key":"REST"},{"floor":15,"key":"REST"}],"neow_cost":"CURSE","seed_source_timestamp":262319380925791,"circlet_count":0,"master_deck":["Strike_B","Strike_B","Strike_B","Strike_B","Defend_B","Defend_B","Defend_B","Defend_B","Zap+1","Dualcast","Clumsy","Genetic Algorithm","Conserve Battery","Chill","Stack","Discovery","Stack","Ball Lightning"],"relics":["Cracked Core","Peace Pipe","SsserpentHead","Bag of Preparation","Meat on the Bone","Bottled Lightning","Strawberry","Blood Vial"],"potions_floor_usage":[7,12,16],"damage_taken":[{"damage":7,"enemies":"Small Slimes","floor":1,"turns":4},{"damage":0,"enemies":"Cultist","floor":2,"turns":4},{"damage":0,"enemies":"2 Louse","floor":5,"turns":3},{"damage":24,"enemies":"Gremlin Nob","floor":7,"turns":5},{"damage":0,"enemies":"Blue Slaver","floor":11,"turns":3},{"damage":42,"enemies":"Gremlin Nob","floor":12,"turns":6},{"damage":67,"enemies":"Slime Boss","floor":16,"turns":9}],"seed_played":"-8081532476090121958","potions_obtained":[{"floor":5,"key":"Fire Potion"},{"floor":7,"key":"AttackPotion"},{"floor":12,"key":"Poison Potion"}],"is_trial":false,"path_per_floor":["M","M","?","?","M","R","?","$","T","?","M","E","R","?","R","B"],"character_chosen":"DEFECT","items_purchased":["Meat on the Bone","Discovery"],"campfire_rested":2,"item_purchase_floors":[8,8],"current_hp_per_floor":[68,68,57,57,57,57,33,33,33,51,51,28,52,40,64,0],"gold":141,"neow_bonus":"ONE_RARE_RELIC","is_prod":false,"is_daily":false,"chose_seed":false,"campfire_upgraded":1,"win_rate":0,"timestamp":1556501324,"path_taken":["M","M","?","?","?","R","?","$","T","?","M","E","R","?","R","BOSS"],"build_version":"2019-01-23","purchased_purges":0,"victory":false,"max_hp_per_floor":[75,75,75,75,75,75,75,75,75,75,75,82,82,82,82,82],"card_choices":[{"not_picked":["Compile Driver","Sweeping Beam"],"picked":"Genetic Algorithm","floor":1},{"not_picked":["Barrage","Stack"],"picked":"Conserve Battery","floor":2},{"not_picked":["Glacier","Storm"],"picked":"Chill","floor":5},{"not_picked":["Redo","Doom and Gloom"],"picked":"Stack","floor":7},{"not_picked":["Steam","Leap"],"picked":"Stack","floor":11},{"not_picked":["Cold Snap","Doom and Gloom"],"picked":"Ball Lightning","floor":12}],"player_experience":623534,"relics_obtained":[{"floor":7,"key":"Bag of Preparation"},{"floor":9,"key":"Bottled Lightning"},{"floor":12,"key":"Strawberry"}],"event_choices":[{"damage_healed":0,"gold_gain":75,"player_choice":"Gather Gold","damage_taken":11,"max_hp_gain":0,"max_hp_loss":0,"event_name":"World of Goop","floor":3,"gold_loss":0},{"damage_healed":0,"gold_gain":0,"player_choice":"Trade","damage_taken":0,"relics_obtained":["SsserpentHead"],"max_hp_gain":0,"max_hp_loss":0,"event_name":"FaceTrader","floor":4,"gold_loss":0},{"damage_healed":0,"gold_gain":30,"player_choice":"Searched \u00273\u0027 times","damage_taken":0,"max_hp_gain":0,"max_hp_loss":0,"event_name":"Dead Adventurer","floor":7,"gold_loss":0},{"damage_healed":18,"gold_gain":0,"player_choice":"Healed","damage_taken":0,"max_hp_gain":0,"max_hp_loss":0,"event_name":"The Cleric","floor":10,"gold_loss":35},{"damage_healed":0,"gold_gain":0,"player_choice":"Success","damage_taken":12,"relics_obtained":["Blood Vial"],"max_hp_gain":0,"max_hp_loss":0,"event_name":"Scrap Ooze","floor":14,"gold_loss":0}],"is_beta":false,"boss_relics":[],"items_purged_floors":[],"is_endless":false,"potions_floor_spawned":[5,7,12],"killed_by":"Slime Boss","ascension_level":1}