{"gold_per_floor":[114,129,129,129,129,129,144,174,199,214,10,60,75,90,90,190,190,220,32,47,2,17,17,32,32,57,72,347,347,347,0,0,0],"floor_reached":33,"playtime":1794,"items_purged":[],"score":422,"play_id":"2845188f-c0f7-4f42-9705-bebcc504a915","local_time":"20180920184702","daily_mods":["Heirloom","Cursed Run","Time Dilation"],"is_ascension_mode":false,"campfire_choices":[{"data":"Escape Plan","floor":6,"key":"SMITH"},{"data":"Magnetism","floor":15,"key":"SMITH"},{"data":"Doppelganger","floor":23,"key":"SMITH"},{"data":"A Thousand Cuts","floor":25,"key":"SMITH"},{"data":"Tactician","floor":32,"key":"SMITH"}],"neow_cost":"","seed_source_timestamp":0,"circlet_count":0,"master_deck":["Defend_G","Defend_G","Defend_G","Defend_G","Defend_G","Strike_G","Strike_G","Strike_G","Strike_G","Strike_G","Survivor+1","Neutralize","Escape Plan+1","Bouncing Flask","Pain","Dagger Spray","Doppelganger+1","Parasite","Outmaneuver","Magnetism+1","Pain","Noxious Fumes","Deflect","Clumsy","Corpse Explosion","Footwork","Slice","Acrobatics","Dagger Throw","Infinite Blades","Accuracy","Violence","Tactician+1","Deflect","Blade Dance","A Thousand Cuts+1","Injury","Dodge and Roll","Regret","Decay","Prepared","Poisoned Stab"],"special_seed":17794,"relics":["Cursed Key","Darkstone Periapt","Du-Vu Doll","Unceasing Top","WarpedTongs","Vajra","Centennial Puzzle","Smiling Mask","Orrery","Regal Pillow","Gremlin Horn"],"potions_floor_usage":[7,8,16,16,22,33],"damage_taken":[{"damage":0,"enemies":"Small Slimes","floor":1,"turns":3},{"damage":8,"enemies":"2 Louse","floor":2,"turns":3},{"damage":2,"enemies":"Jaw Worm","floor":7,"turns":3},{"damage":16,"enemies":"Gremlin Nob","floor":8,"turns":4},{"damage":4,"enemies":"Gremlin Gang","floor":10,"turns":1},{"damage":9,"enemies":"Blue Slaver","floor":13,"turns":3},{"damage":0,"enemies":"3 Louse","floor":14,"turns":1},{"damage":18,"enemies":"The Guardian","floor":16,"turns":8},{"damage":9,"enemies":"3 Byrds","floor":18,"turns":4},{"damage":24,"enemies":"2 Thieves","floor":20,"turns":3},{"damage":3,"enemies":"Cultist and Chosen","floor":22,"turns":3},{"damage":1,"enemies":"3 Cultists","floor":24,"turns":2},{"damage":22,"enemies":"Shelled Parasite and Fungi","floor":27,"turns":4},{"damage":61,"enemies":"Champ","floor":33,"turns":8}],"seed_played":"1139054497184590397","potions_obtained":[{"floor":1,"key":"Weak Potion"},{"floor":2,"key":"AttackPotion"},{"floor":8,"key":"Ancient Potion"},{"floor":10,"key":"Poison Potion"},{"floor":18,"key":"Strength Potion"},{"floor":24,"key":"Block Potion"}],"is_trial":false,"path_per_floor":["M","M","?","?","?","R","M","E","T","M","$","T","M","M","R","B",null,"M","$","M","$","M","R","M","R","T","M","?","?","?","$","R"],"character_chosen":"THE_SILENT","items_purchased":["Magnetism","Violence","Deflect","Gremlin Horn","Prepared","Poisoned Stab"],"campfire_rested":0,"item_purchase_floors":[11,19,21,31,31,31],"current_hp_per_floor":[70,62,62,68,68,68,66,50,56,52,52,58,49,49,49,37,94,85,85,61,61,58,58,57,57,63,41,47,53,53,53,53,0],"gold":0,"neow_bonus":"","is_prod":false,"is_daily":true,"chose_seed":false,"campfire_upgraded":5,"win_rate":0,"timestamp":1537483622,"path_taken":["M","M","?","?","?","R","M","E","T","?","$","?","M","M","R","BOSS","M","$","?","?","?","R","M","R","T","M","?","?","?","?","R","BOSS"],"build_version":"2018-09-06","purchased_purges":0,"victory":false,"max_hp_per_floor":[70,70,70,76,76,76,76,76,82,82,82,88,88,88,88,94,94,94,94,94,94,94,94,94,94,100,100,106,112,112,112,112,112],"card_choices":[{"not_picked":["Underhanded Strike","Endless Agony"],"picked":"Escape Plan","floor":1},{"not_picked":["Deadly Poison","Blade Dance"],"picked":"Bouncing Flask","floor":2},{"not_picked":["Cloak And Dagger","Deadly Poison"],"picked":"Dagger Spray","floor":7},{"not_picked":["Catalyst","Accuracy"],"picked":"Doppelganger","floor":8},{"not_picked":["Underhanded Strike","Cloak And Dagger"],"picked":"Outmaneuver","floor":10},{"not_picked":["All Out Attack","Sucker Punch"],"picked":"Noxious Fumes","floor":13},{"not_picked":["Sucker Punch","Catalyst"],"picked":"Deflect","floor":14},{"not_picked":["Bullet Time","Tools of the Trade"],"picked":"Corpse Explosion","floor":16},{"not_picked":["Deadly Poison","Quick Slash"],"picked":"Footwork","floor":17},{"not_picked":["Leg Sweep","Footwork"],"picked":"Slice","floor":17},{"not_picked":["Bane","Dagger Spray"],"picked":"Acrobatics","floor":17},{"not_picked":["Deflect","All Out Attack"],"picked":"Dagger Throw","floor":17},{"not_picked":["Leg Sweep","Quick Slash"],"picked":"Infinite Blades","floor":17},{"not_picked":["Flying Knee","Blade Dance"],"picked":"Accuracy","floor":18},{"not_picked":["Outmaneuver","Expertise"],"picked":"Tactician","floor":20},{"not_picked":["Acrobatics+1","Quick Slash"],"picked":"Blade Dance","floor":22},{"not_picked":["Cloak And Dagger","Footwork"],"picked":"A Thousand Cuts","floor":24},{"not_picked":["Terror","Backflip"],"picked":"Dodge and Roll","floor":27}],"player_experience":370032,"relics_obtained":[{"floor":8,"key":"Vajra"},{"floor":9,"key":"Centennial Puzzle"},{"floor":12,"key":"Smiling Mask"},{"floor":26,"key":"Regal Pillow"}],"event_choices":[{"event_name":"Living Wall","player_choice":"Grow","floor":3,"damage_taken":0},{"event_name":"Accursed Blacksmith","player_choice":"Rummage","floor":4,"damage_taken":0},{"event_name":"Purifier","player_choice":"Skipped","floor":5,"damage_taken":0},{"event_name":"Golden Shrine","player_choice":"Desecrate","floor":28,"damage_taken":0},{"event_name":"Forgotten Altar","player_choice":"Smashed Altar","floor":29,"damage_taken":0},{"event_name":"The Woman in Blue","player_choice":"Bought 0 Potions","floor":30,"damage_taken":0}],"is_beta":false,"boss_relics":[{"not_picked":["Empty Cage","Runic Pyramid"],"picked":"Orrery"}],"items_purged_floors":[],"is_endless":false,"potions_floor_spawned":[1,2,8,10,18,24],"killed_by":"Champ","ascension_level":0}