{"gold_per_floor":[114,14,88,88,88,126,145,220,220,239,258,258],"floor_reached":12,"playtime":630,"items_purged":[],"score":78,"play_id":"659d1758-37f1-4e8d-8f27-2e7fa377c8bc","local_time":"20181217144413","daily_mods":["SealedDeck","Diverse","Lethality"],"is_ascension_mode":false,"campfire_choices":[],"neow_cost":"","seed_source_timestamp":0,"circlet_count":0,"master_deck":["Dodge and Roll","Feel No Pain","Loop","Infinite Blades","Seeing Red","Slice","Conserve Battery","Sweeping Beam","Melter","Aggregate","Deflect","Sunder","Headbutt","Injury","Dash","Carnage","Beam Cell","Dagger Spray"],"special_seed":17882,"relics":["Cracked Core","Bottled Tornado","Golden Idol","Ancient Tea Set","Gremlin Horn"],"potions_floor_usage":[],"damage_taken":[{"damage":10,"enemies":"2 Louse","floor":1,"turns":2},{"damage":30,"enemies":"3 Sentries","floor":6,"turns":5},{"damage":11,"enemies":"Jaw Worm","floor":7,"turns":3},{"damage":0,"enemies":"Small Slimes","floor":10,"turns":2},{"damage":5,"enemies":"2 Fungi Beasts","floor":11,"turns":2},{"damage":10,"enemies":"Blue Slaver","floor":12,"turns":1}],"seed_played":"-6342804351849904112","potions_obtained":[{"floor":1,"key":"Ancient Potion"},{"floor":10,"key":"Dexterity Potion"}],"is_trial":false,"path_per_floor":["M","$","?","T","?","E","M","?","T","M","M","M"],"character_chosen":"DEFECT","items_purchased":["Sunder","Headbutt"],"campfire_rested":0,"item_purchase_floors":[2,2],"current_hp_per_floor":[65,65,65,65,65,35,24,13,13,13,8,0],"gold":258,"neow_bonus":"","is_prod":false,"is_daily":true,"chose_seed":false,"campfire_upgraded":0,"win_rate":0,"timestamp":1545075853,"path_taken":["M","$","?","?","?","E","M","?","T","M","?","M"],"build_version":"2018-12-13","purchased_purges":0,"victory":false,"max_hp_per_floor":[75,75,75,75,75,75,75,75,75,75,75,75],"card_choices":[{"not_picked":["Coolheaded","Rebound"],"picked":"Deflect","floor":1},{"not_picked":["Carnage","Clothesline"],"picked":"Dash","floor":6},{"not_picked":["Clothesline","Masterful Stab"],"picked":"Carnage","floor":7},{"not_picked":["Calculated Gamble","Sword Boomerang"],"picked":"Beam Cell","floor":10},{"not_picked":["Body Slam","Flying Knee"],"picked":"Dagger Spray","floor":11}],"player_experience":514324,"relics_obtained":[{"floor":4,"key":"Bottled Tornado"},{"floor":6,"key":"Ancient Tea Set"},{"floor":9,"key":"Gremlin Horn"}],"event_choices":[{"damage_healed":0,"gold_gain":74,"player_choice":"Gained Gold","damage_taken":0,"max_hp_gain":0,"max_hp_loss":0,"event_name":"Golden Wing","floor":3,"gold_loss":0},{"damage_healed":0,"gold_gain":0,"player_choice":"Take Wound","damage_taken":0,"relics_obtained":["Golden Idol"],"max_hp_gain":0,"max_hp_loss":0,"event_name":"Golden Idol","floor":5,"gold_loss":0,"cards_obtained":["Injury"]},{"damage_healed":0,"gold_gain":75,"player_choice":"Gather Gold","damage_taken":11,"max_hp_gain":0,"max_hp_loss":0,"event_name":"World of Goop","floor":8,"gold_loss":0}],"is_beta":false,"boss_relics":[],"items_purged_floors":[],"is_endless":false,"potions_floor_spawned":[1,10],"killed_by":"Blue Slaver","ascension_level":0}