{"gold_per_floor":[116,391,3,18,57,57,82,82,109,109,122,6,20,195,195,290,290,300,300,300,47,63,63,110,140,140,140,16,16,26,42,42,139,139,159,159,9,25,25,25,39,59,59,70,96,96],"floor_reached":46,"playtime":3307,"items_purged":[],"score":768,"play_id":"d0aaf0bf-fac6-4b80-83aa-be939fefeda5","local_time":"20181211153331","daily_mods":["Chimera","Specialized","ControlledChaos","Allstar","Diverse","Colorless Cards","Heirloom"],"is_ascension_mode":false,"campfire_choices":[{"data":"Zap","floor":6,"key":"SMITH"},{"data":"Sunder","floor":10,"key":"SMITH"},{"data":"Aggregate","floor":15,"key":"SMITH"},{"data":"Echo Form","floor":23,"key":"SMITH"},{"floor":27,"key":"REST"},{"data":"Enlightenment","floor":29,"key":"SMITH"},{"floor":32,"key":"REST"},{"data":"Corruption","floor":40,"key":"SMITH"}],"neow_cost":"","seed_source_timestamp":0,"circlet_count":0,"master_deck":["Demon Form","Wraith Form v2","Echo Form+1","Bash","Survivor","Zap+1","Pummel","Pummel","Pummel","Pummel","Pummel","Purity","Forethought","Enlightenment+1","Blind","HandOfGreed","Aggregate+1","Regret","Chrysalis","Corruption+1","Deadly Poison","Sweeping Beam","Sunder+1","Parasite","Perfected Strike","Heatsinks","Dropkick","Heavy Blade","Doubt","Seek","Dramatic Entrance","Ball Lightning","Gash","Acrobatics+1","Ball Lightning","Flex","Defragment","Intimidate","Exhume","Eviscerate","Machine Learning","Streamline","Rage","Wild Strike","Rip and Tear","Leap","Dagger Spray","Ghostly Armor+1","Evolve","Go for the Eyes","Sucker Punch","Steam","Dramatic Entrance","Flash of Steel","Sadistic Nature","Quick Slash+1","Loop+1","Reprogram+1","Loop"],"relics":["Unceasing Top","Du-Vu Doll","Art of War","Dream Catcher","Happy Flower","Lizard Tail","MutagenicStrength","Matryoshka","Red Mask","Mummified Hand","Strawberry","Pear","Pandora\u0027s Box","Gremlin Horn","Toxic Egg 2","Cables"],"potions_floor_usage":[16,16,25,33,33,44,45,45,45,46],"damage_taken":[{"damage":1,"enemies":"Jaw Worm","floor":1,"turns":4},{"damage":7,"enemies":"Cultist","floor":4,"turns":3},{"damage":7,"enemies":"Small Slimes","floor":5,"turns":4},{"damage":24,"enemies":"3 Sentries","floor":7,"turns":6},{"damage":12,"enemies":"Blue Slaver","floor":11,"turns":2},{"damage":6,"enemies":"2 Fungi Beasts","floor":13,"turns":3},{"damage":28,"enemies":"The Guardian","floor":16,"turns":5},{"damage":11,"enemies":"Chosen","floor":18,"turns":3},{"damage":33,"enemies":"3 Byrds","floor":22,"turns":4},{"damage":3,"enemies":"Masked Bandits","floor":24,"turns":3},{"damage":18,"enemies":"Slavers","floor":25,"turns":3},{"damage":0,"enemies":"Snecko","floor":30,"turns":2},{"damage":39,"enemies":"Shelled Parasite and Fungi","floor":31,"turns":4},{"damage":34,"enemies":"Collector","floor":33,"turns":4},{"damage":18,"enemies":"3 Shapes","floor":35,"turns":1},{"damage":7,"enemies":"3 Darklings","floor":38,"turns":2},{"damage":25,"enemies":"Spire Growth","floor":41,"turns":4},{"damage":15,"enemies":"4 Shapes","floor":42,"turns":1},{"damage":4,"enemies":"Transient","floor":44,"turns":5},{"damage":40,"enemies":"Giant Head","floor":45,"turns":6},{"damage":31,"enemies":"2 Orb Walkers","floor":46,"turns":2}],"seed_played":"-1752357128945775957","potions_obtained":[{"floor":1,"key":"Block Potion"},{"floor":5,"key":"SkillPotion"},{"floor":13,"key":"AttackPotion"},{"floor":22,"key":"Strength Potion"},{"floor":31,"key":"FearPotion"},{"floor":36,"key":"Fire Potion"},{"floor":36,"key":"SneckoOil"},{"floor":36,"key":"Ancient Potion"},{"floor":44,"key":"Energy Potion"},{"floor":45,"key":"AttackPotion"}],"is_trial":true,"path_per_floor":["M","?","$","M","M","R","E","?","T","R","M","$","M","?","R","B",null,"M","?","?","$","M","R","?","E","T","R","$","R","M","M","R","B",null,"M","?","$","M","?","R","M","M","T","M","E","?"],"character_chosen":"DEFECT","items_purchased":["Art of War","Chrysalis","Corruption","Heatsinks","Dropkick","Matryoshka","Flex","Defragment","Evolve","Go for the Eyes","Sucker Punch"],"campfire_rested":2,"item_purchase_floors":[3,3,3,12,12,21,28,28,37,37,37],"current_hp_per_floor":[74,74,74,67,60,60,36,54,54,54,42,42,36,36,36,8,75,64,64,64,64,31,31,28,10,27,54,54,54,54,15,42,8,92,74,74,74,67,57,57,32,17,17,13,24,0],"gold":96,"neow_bonus":"","is_prod":false,"is_daily":false,"chose_seed":false,"campfire_upgraded":6,"win_rate":0,"timestamp":1544560411,"path_taken":["M","?","?","M","M","R","E","?","T","R","M","?","M","?","R","BOSS","M","?","?","?","M","R","?","E","T","R","$","R","M","M","R","BOSS","M","?","$","?","?","R","M","M","T","M","E","?"],"build_version":"2018-12-06","purchased_purges":0,"victory":false,"max_hp_per_floor":[75,75,75,75,75,75,75,75,75,75,75,75,75,75,75,75,75,75,75,75,75,75,75,75,75,92,92,92,92,92,92,92,92,92,92,92,92,92,92,92,92,92,92,92,92,92],"card_choices":[{"not_picked":["Cleave","Prepared"],"picked":"Aggregate","floor":1},{"not_picked":["Dagger Throw","Ghostly Armor"],"picked":"Deadly Poison","floor":4},{"not_picked":["Warcry","Hemokinesis"],"picked":"Sweeping Beam","floor":5},{"not_picked":["Purity","Clash"],"picked":"Sunder","floor":7},{"not_picked":["Choke","Quick Slash"],"picked":"Perfected Strike","floor":11},{"not_picked":["Havoc","Searing Blow"],"picked":"Heavy Blade","floor":13},{"not_picked":["Wraith Form v2","Grand Finale"],"picked":"Seek","floor":16},{"not_picked":["Crippling Poison","Fusion"],"picked":"Dramatic Entrance","floor":18},{"not_picked":["Heavy Blade","Backflip"],"picked":"Ball Lightning","floor":22},{"not_picked":["Deflect","Sunder"],"picked":"Gash","floor":24},{"not_picked":["Disarm","Searing Blow"],"picked":"Acrobatics+1","floor":25},{"not_picked":["Purity","Blind"],"picked":"Ball Lightning","floor":27},{"not_picked":["Shrug It Off","Endless Agony"],"picked":"Intimidate","floor":30},{"not_picked":["Melter","Redo+1"],"picked":"Exhume","floor":31},{"not_picked":["Havoc+1","Dagger Throw"],"picked":"Eviscerate","floor":32},{"not_picked":["Biased Cognition","Multi-Cast"],"picked":"Machine Learning","floor":33},{"not_picked":["Streamline","Ball Lightning+1"],"picked":"Ghostly Armor+1","floor":35},{"not_picked":["Blade Dance","Purity+1"],"picked":"Steam","floor":38},{"not_picked":["Panacea","Impatience"],"picked":"Dramatic Entrance","floor":39},{"not_picked":["Chrysalis","Secret Weapon"],"picked":"Flash of Steel","floor":39},{"not_picked":["Panacea","Secret Weapon"],"picked":"Sadistic Nature","floor":39},{"not_picked":["Pommel Strike+1","Heavy Blade+1"],"picked":"Quick Slash+1","floor":41},{"not_picked":["PiercingWail","Steam"],"picked":"Loop+1","floor":42},{"not_picked":["Swift Strike","Loop+1"],"picked":"Reprogram+1","floor":44},{"not_picked":["Redo+1","Dagger Throw"],"picked":"Loop","floor":45}],"player_experience":508214,"relics_obtained":[{"floor":7,"key":"Dream Catcher"},{"floor":9,"key":"Happy Flower"},{"floor":24,"key":"Red Mask"},{"floor":25,"key":"Mummified Hand"},{"floor":26,"key":"Strawberry"},{"floor":26,"key":"Pear"},{"floor":43,"key":"Gremlin Horn"},{"floor":43,"key":"Toxic Egg 2"},{"floor":45,"key":"Cables"}],"event_choices":[{"damage_healed":0,"gold_gain":275,"player_choice":"Desecrate","damage_taken":0,"max_hp_gain":0,"max_hp_loss":0,"event_name":"Golden Shrine","floor":2,"gold_loss":0,"cards_obtained":["Regret"]},{"damage_healed":18,"gold_gain":0,"player_choice":"Healed and dodged fight","damage_taken":0,"max_hp_gain":0,"max_hp_loss":0,"event_name":"Mushrooms","floor":8,"gold_loss":0,"cards_obtained":["Parasite"]},{"damage_healed":0,"gold_gain":175,"player_choice":"AGREE","damage_taken":0,"max_hp_gain":0,"max_hp_loss":0,"event_name":"Liars Game","floor":14,"gold_loss":0,"cards_obtained":["Doubt"]},{"damage_healed":0,"gold_gain":0,"player_choice":"Simplicity","damage_taken":0,"max_hp_gain":0,"max_hp_loss":0,"event_name":"Back to Basics","floor":19,"gold_loss":0,"cards_upgraded":["Strike_R","Strike_G","Strike_B","Defend_R","Defend_G","Defend_B"]},{"damage_healed":0,"gold_gain":0,"player_choice":"Inject Mutagens","damage_taken":0,"relics_obtained":["MutagenicStrength"],"max_hp_gain":0,"max_hp_loss":0,"event_name":"Drug Dealer","floor":20,"gold_loss":0},{"damage_healed":0,"gold_gain":0,"player_choice":"Fought Bandits","damage_taken":0,"max_hp_gain":0,"max_hp_loss":0,"event_name":"Masked Bandits","floor":24,"gold_loss":0},{"damage_healed":0,"gold_gain":0,"player_choice":"Got Potions","damage_taken":0,"max_hp_gain":0,"max_hp_loss":0,"event_name":"Lab","floor":36,"gold_loss":0},{"damage_healed":0,"gold_gain":0,"player_choice":"Memory 3","damage_taken":10,"max_hp_gain":0,"max_hp_loss":0,"event_name":"SensoryStone","floor":39,"gold_loss":0},{"damage_healed":0,"gold_gain":0,"player_choice":"Fight","damage_taken":0,"max_hp_gain":0,"max_hp_loss":0,"event_name":"Mysterious Sphere","floor":46,"gold_loss":0}],"is_beta":false,"boss_relics":[{"not_picked":["Tiny House","Runic Dome"],"picked":"Lizard Tail"},{"not_picked":["Coffee Dripper","Fusion Hammer"],"picked":"Pandora\u0027s Box"}],"items_purged_floors":[],"is_endless":true,"potions_floor_spawned":[1,5,13,22,31,44,45],"killed_by":"2 Orb Walkers","ascension_level":0}