{"gold_per_floor":[111,111,111,36,48,78,89,89,134,162,162,180,180,200,200,275,275,288,338,352,242,253,253,282,282,308,321,321],"floor_reached":28,"playtime":1475,"items_purged":[],"score":546,"play_id":"99d672ac-756c-487e-a300-49626ec7dc0f","local_time":"20190616114128","is_ascension_mode":true,"campfire_choices":[{"data":"Noxious Fumes","floor":8.0,"key":"SMITH"},{"floor":11.0,"key":"REST"},{"data":"Neutralize","floor":15.0,"key":"SMITH"},{"floor":23.0,"key":"REST"},{"floor":25,"key":"REST"}],"neow_cost":"NONE","seed_source_timestamp":306436826861378,"circlet_count":0,"master_deck":["AscendersBane","Defend_G","Defend_G","Defend_G","Defend_G","Strike_G","Strike_G","Strike_G","Strike_G","Survivor","Neutralize+1","Leg Sweep","Slice","Infinite Blades","Noxious Fumes+1","Finisher","Predator","Flying Knee","Dash","A Thousand Cuts+1","Endless Agony","Caltrops","Dagger Throw","Dagger Spray","Cloak And Dagger","Cloak And Dagger","Cloak And Dagger"],"special_seed":0,"relics":["Ring of the Snake","NeowsBlessing","Oddly Smooth Stone","Pantograph","Ancient Tea Set","Dream Catcher","Mango","Eternal Feather","Paper Crane","Pen Nib"],"potions_floor_usage":[24,27],"damage_taken":[{"damage":0.0,"enemies":"2 Louse","floor":1.0,"turns":1.0},{"damage":0.0,"enemies":"Small Slimes","floor":5.0,"turns":1.0},{"damage":0.0,"enemies":"Gremlin Nob","floor":6.0,"turns":1.0},{"damage":0.0,"enemies":"Jaw Worm","floor":7.0,"turns":6.0},{"damage":23.0,"enemies":"3 Sentries","floor":10.0,"turns":8.0},{"damage":0.0,"enemies":"Large Slime","floor":12.0,"turns":2.0},{"damage":14.0,"enemies":"Lots of Slimes","floor":14.0,"turns":5.0},{"damage":30.0,"enemies":"The Guardian","floor":16.0,"turns":14.0},{"damage":24.0,"enemies":"Spheric Guardian","floor":18.0,"turns":6.0},{"damage":19.0,"enemies":"3 Byrds","floor":20.0,"turns":4.0},{"damage":21.0,"enemies":"Cultist and Chosen","floor":22.0,"turns":7.0},{"damage":38,"enemies":"Book of Stabbing","floor":24,"turns":6},{"damage":15,"enemies":"Centurion and Healer","floor":27,"turns":7},{"damage":42,"enemies":"Snecko","floor":28,"turns":6}],"seed_played":"4705049258851154848","potions_obtained":[{"floor":1.0,"key":"Fire Potion"},{"floor":7.0,"key":"Energy Potion"},{"floor":12.0,"key":"SpeedPotion"},{"floor":20.0,"key":"Fire Potion"},{"floor":22.0,"key":"Dexterity Potion"}],"is_trial":false,"path_per_floor":["M","?","$","?","M","E","M","R","T","E","R","M","T","M","R","B",null,"M","?","M","?","M","R","E","R","T","M","M"],"character_chosen":"THE_SILENT","items_purchased":[],"campfire_rested":3,"item_purchase_floors":[],"current_hp_per_floor":[59,54,54,54,54,54,54,54,54,31,50,50,64,50,50,45,71,47,47,28,28,7,43,5,44,44,29,0],"gold":321,"neow_bonus":"THREE_ENEMY_KILL","is_prod":false,"is_daily":false,"chose_seed":false,"campfire_upgraded":2,"win_rate":0,"timestamp":1560710488,"path_taken":["M","?","$","?","M","E","M","R","T","E","R","M","?","M","R","BOSS","M","?","?","?","M","R","E","R","T","M","M"],"build_version":"2019-01-23","purchased_purges":0,"victory":false,"max_hp_per_floor":[66,66,66,66,66,66,66,66,66,66,66,66,80,80,80,80,80,80,80,80,80,80,80,80,80,80,80,80],"card_choices":[{"not_picked":["Escape Plan","Underhanded Strike"],"picked":"Leg Sweep","floor":1.0},{"not_picked":["Bane","Underhanded Strike"],"picked":"Slice","floor":5.0},{"not_picked":["Tactician","Deadly Poison"],"picked":"Infinite Blades","floor":6.0},{"not_picked":["Terror","Slice"],"picked":"Noxious Fumes","floor":7.0},{"not_picked":["Predator","Slice"],"picked":"Finisher","floor":10.0},{"not_picked":["Prepared","Outmaneuver"],"picked":"Predator","floor":11.0},{"not_picked":["Leg Sweep","Expertise"],"picked":"Flying Knee","floor":12.0},{"not_picked":["Flying Knee","Sucker Punch"],"picked":"Dash","floor":14.0},{"not_picked":["Bullet Time","Envenom"],"picked":"A Thousand Cuts","floor":16.0},{"not_picked":["Prepared","Skewer"],"picked":"Endless Agony","floor":18.0},{"not_picked":["Dodge and Roll","Tactician"],"picked":"Caltrops","floor":20.0},{"not_picked":["Poisoned Stab","Distraction"],"picked":"Dagger Throw","floor":22.0},{"not_picked":["Underhanded Strike","Outmaneuver"],"picked":"Dagger Spray","floor":23.0},{"not_picked":["Prepared","Venomology"],"picked":"Cloak And Dagger","floor":24},{"not_picked":["Dagger Spray","Deadly Poison"],"picked":"Cloak And Dagger","floor":25},{"not_picked":["Dagger Spray","Backflip"],"picked":"Cloak And Dagger","floor":27}],"player_experience":830090,"relics_obtained":[{"floor":6.0,"key":"Pantograph"},{"floor":9.0,"key":"Ancient Tea Set"},{"floor":10.0,"key":"Dream Catcher"},{"floor":13.0,"key":"Mango"},{"floor":24,"key":"Paper Crane"},{"floor":26,"key":"Pen Nib"}],"event_choices":[{"damage_healed":0.0,"max_hp_gain":0.0,"max_hp_loss":0.0,"gold_gain":0.0,"event_name":"Scrap Ooze","player_choice":"Success","floor":2.0,"gold_loss":0.0,"damage_taken":5.0,"relics_obtained":["Oddly Smooth Stone"]},{"cards_removed":["Defend_G"],"damage_healed":0.0,"max_hp_gain":0.0,"max_hp_loss":0.0,"gold_gain":0.0,"event_name":"The Cleric","player_choice":"Card Removal","floor":4.0,"gold_loss":75.0,"damage_taken":0.0},{"damage_healed":0.0,"max_hp_gain":0.0,"max_hp_loss":0.0,"gold_gain":100.0,"event_name":"The Joust","player_choice":"Bet on Murderer","floor":19.0,"gold_loss":50.0,"damage_taken":0.0},{"cards_removed":["Strike_G"],"damage_healed":0.0,"max_hp_gain":0.0,"max_hp_loss":0.0,"gold_gain":0.0,"event_name":"Designer","player_choice":"Upgrade and Remove","floor":21.0,"gold_loss":110.0,"damage_taken":0.0,"cards_upgraded":["A Thousand Cuts"]}],"is_beta":false,"boss_relics":[{"not_picked":["Fusion Hammer","HoveringKite"],"picked":"Eternal Feather"}],"items_purged_floors":[],"is_endless":false,"potions_floor_spawned":[1,7,12,20,22],"killed_by":"Snecko","ascension_level":20}