{"gold_per_floor":[118,129,129,109,119,119,131,131,157,157,157,184,259,276,276,378,378,398,411,411,501,108,108,108],"floor_reached":24,"playtime":1234,"items_purged":["Strike_G"],"score":223,"play_id":"45611739-d3e5-409d-b6c1-996a803d4d63","local_time":"20190708201450","is_ascension_mode":true,"campfire_choices":[{"data":"Backflip","floor":6,"key":"SMITH"},{"data":"Dodge and Roll","floor":8,"key":"SMITH"},{"data":"Neutralize","floor":11,"key":"SMITH"},{"floor":15,"key":"REST"},{"floor":23,"key":"REST"}],"neow_cost":"NONE","seed_source_timestamp":294581361394723,"circlet_count":0,"master_deck":["Strike_G","Strike_G","Strike_G","Strike_G","Defend_G","Defend_G","Defend_G","Defend_G","Defend_G","Survivor","Neutralize+1","Dodge and Roll+1","Backflip+1","Venomology","After Image","Backflip","PiercingWail+1","Crippling Poison"],"relics":["Ring of the Snake","NeowsBlessing","Happy Flower","Orichalcum","Gremlin Horn","Peace Pipe","White Beast Statue","Shuriken"],"potions_floor_usage":[2,12,16,16,16,19,24,24,24],"damage_taken":[{"damage":0,"enemies":"Cultist","floor":1,"turns":1},{"damage":0,"enemies":"Jaw Worm","floor":2,"turns":1},{"damage":0,"enemies":"2 Louse","floor":5,"turns":1},{"damage":6,"enemies":"Large Slime","floor":7,"turns":10},{"damage":11,"enemies":"Gremlin Nob","floor":12,"turns":4},{"damage":4,"enemies":"Gremlin Gang","floor":14,"turns":7},{"damage":35,"enemies":"Hexaghost","floor":16,"turns":15},{"damage":9,"enemies":"Spheric Guardian","floor":18,"turns":22},{"damage":13,"enemies":"Chosen","floor":19,"turns":10},{"damage":64,"enemies":"Slavers","floor":24,"turns":4}],"seed_played":"6698592328549033353","potions_obtained":[{"floor":2,"key":"Fruit Juice"},{"floor":4,"key":"FearPotion"},{"floor":5,"key":"Ancient Potion"},{"floor":14,"key":"SteroidPotion"},{"floor":18,"key":"FearPotion"},{"floor":19,"key":"Weak Potion"}],"is_trial":false,"path_per_floor":["M","M","?","?","M","R","M","R","T","T","R","E","?","M","R","B",null,"M","M","?","?","$","R","E"],"character_chosen":"THE_SILENT","items_purchased":["Crippling Poison","Shuriken"],"campfire_rested":2,"item_purchase_floors":[22,22],"current_hp_per_floor":[70,75,68,68,68,68,62,62,62,62,62,51,40,36,58,23,75,66,53,53,39,39,61,0],"gold":108,"neow_bonus":"THREE_ENEMY_KILL","is_prod":false,"is_daily":false,"chose_seed":false,"campfire_upgraded":3,"win_rate":0,"timestamp":1562631290,"path_taken":["M","M","?","?","?","R","M","R","T","?","R","E","?","M","R","BOSS","M","M","?","?","$","R","E"],"build_version":"2019-07-05","purchased_purges":1,"victory":false,"max_hp_per_floor":[70,75,75,75,75,75,75,75,75,75,75,75,75,75,75,75,75,75,75,75,75,75,75,75],"card_choices":[{"not_picked":["Slice","Bane"],"picked":"Dodge and Roll","floor":1},{"not_picked":["Poisoned Stab","Concentrate","Dagger Throw"],"picked":"SKIP","floor":2},{"not_picked":["Phantasmal Killer","Catalyst"],"picked":"Backflip","floor":5},{"not_picked":["Sucker Punch","Deadly Poison","Bane"],"picked":"SKIP","floor":7},{"not_picked":["Acrobatics","Dagger Throw","Slice"],"picked":"SKIP","floor":12},{"not_picked":["Slice","Poisoned Stab"],"picked":"Venomology","floor":14},{"not_picked":["Unload","Glass Knife"],"picked":"After Image","floor":16},{"not_picked":["Flechettes","Deflect"],"picked":"Backflip","floor":18},{"not_picked":["Outmaneuver+1","Poisoned Stab"],"picked":"PiercingWail+1","floor":19}],"player_experience":219392,"relics_obtained":[{"floor":9,"key":"Orichalcum"},{"floor":10,"key":"Gremlin Horn"},{"floor":12,"key":"Peace Pipe"}],"event_choices":[{"damage_healed":0,"gold_gain":0,"player_choice":"Success","damage_taken":7,"relics_obtained":["Happy Flower"],"max_hp_gain":0,"max_hp_loss":0,"event_name":"Scrap Ooze","floor":3,"gold_loss":0},{"damage_healed":0,"gold_gain":0,"player_choice":"Bought 1 Potion","damage_taken":0,"max_hp_gain":0,"max_hp_loss":0,"event_name":"The Woman in Blue","floor":4,"gold_loss":0},{"damage_healed":0,"gold_gain":75,"player_choice":"Gather Gold","damage_taken":11,"max_hp_gain":0,"max_hp_loss":0,"event_name":"World of Goop","floor":13,"gold_loss":0},{"damage_healed":0,"gold_gain":0,"player_choice":"Ignored","damage_taken":0,"max_hp_gain":0,"max_hp_loss":0,"event_name":"Vampires","floor":20,"gold_loss":0},{"damage_healed":0,"gold_gain":90,"player_choice":"GOLD ","damage_taken":14,"max_hp_gain":0,"max_hp_loss":0,"event_name":"Knowing Skull","floor":21,"potions_obtained":[],"gold_loss":0,"cards_obtained":[]}],"is_beta":false,"boss_relics":[{"not_picked":["Ectoplasm","Calling Bell"],"picked":"White Beast Statue"}],"items_purged_floors":[22],"is_endless":false,"potions_floor_spawned":[2,5,14,18,19],"killed_by":"Slavers","ascension_level":3}