{"gold_per_floor":[116,127,127,57,74,109,109,123,123,123,103,120,120,137,137,137],"floor_reached":16,"playtime":1568,"items_purged":[],"score":102,"play_id":"c97a7552-0c18-4ceb-85b6-40a14a3cc2f0","local_time":"20190706222131","is_ascension_mode":false,"campfire_choices":[{"floor":7,"key":"REST"},{"floor":10,"key":"REST"},{"floor":15,"key":"REST"}],"neow_cost":"NONE","seed_source_timestamp":181111206424750,"circlet_count":0,"master_deck":["Strike_G","Strike_G","Strike_G","Strike_G","Strike_G","Defend_G","Defend_G","Defend_G","Defend_G","Defend_G","Survivor","Neutralize","Predator","Dagger Spray","Bouncing Flask","Outmaneuver","Choke","Deflect","Flying Knee","Finisher"],"relics":["Ring of the Snake","NeowsBlessing","The Specimen","WingedGreaves","Tingsha"],"potions_floor_usage":[14],"damage_taken":[{"damage":0,"enemies":"Small Slimes","floor":1,"turns":1},{"damage":0,"enemies":"2 Louse","floor":2,"turns":1},{"damage":0,"enemies":"Jaw Worm","floor":5,"turns":1},{"damage":56,"enemies":"3 Sentries","floor":6,"turns":10},{"damage":24,"enemies":"Red Slaver","floor":8,"turns":5},{"damage":10,"enemies":"2 Fungi Beasts","floor":12,"turns":4},{"damage":16,"enemies":"Large Slime","floor":14,"turns":6},{"damage":27,"enemies":"The Guardian","floor":16,"turns":2}],"seed_played":"-6754027270700976732","potions_obtained":[{"floor":6,"key":"Explosive Potion"},{"floor":8,"key":"SkillPotion"},{"floor":14,"key":"SteroidPotion"}],"is_trial":false,"path_per_floor":["M","M","?","$","M","E","R","M","T","R","?","M","T","M","R","B"],"character_chosen":"THE_SILENT","items_purchased":["Bouncing Flask"],"campfire_rested":3,"item_purchase_floors":[4],"current_hp_per_floor":[70,70,70,70,70,14,35,11,11,32,32,22,22,6,27,0],"gold":137,"neow_bonus":"THREE_ENEMY_KILL","is_prod":false,"is_daily":false,"chose_seed":false,"campfire_upgraded":0,"win_rate":0.0,"timestamp":1562487691,"path_taken":["M","M","?","$","M","E","R","M","T","R","?","M","?","?","R","BOSS"],"build_version":"2019-07-05","purchased_purges":0,"victory":false,"max_hp_per_floor":[70,70,70,70,70,70,70,70,70,70,70,70,70,70,70,70],"card_choices":[{"not_picked":["Outmaneuver","Deadly Poison"],"picked":"Predator","floor":1},{"not_picked":["Flying Knee","Sucker Punch"],"picked":"Dagger Spray","floor":2},{"not_picked":["Calculated Gamble","Footwork"],"picked":"Outmaneuver","floor":5},{"not_picked":["Tactician","Finisher"],"picked":"Choke","floor":6},{"not_picked":["Crippling Poison","Acrobatics"],"picked":"Deflect","floor":8},{"not_picked":["Blade Dance","Poisoned Stab"],"picked":"Flying Knee","floor":12},{"not_picked":["Prepared","Outmaneuver"],"picked":"Finisher","floor":14}],"player_experience":963,"relics_obtained":[{"floor":6,"key":"The Specimen"},{"floor":9,"key":"WingedGreaves"},{"floor":13,"key":"Tingsha"}],"event_choices":[{"damage_healed":0,"gold_gain":0,"player_choice":"Ignored","damage_taken":0,"max_hp_gain":0,"max_hp_loss":0,"event_name":"Liars Game","floor":3,"gold_loss":0},{"damage_healed":0,"gold_gain":0,"player_choice":"Left Gold","damage_taken":0,"max_hp_gain":0,"max_hp_loss":0,"event_name":"World of Goop","floor":11,"gold_loss":20}],"is_beta":false,"boss_relics":[],"items_purged_floors":[],"is_endless":false,"potions_floor_spawned":[6,8,14],"killed_by":"The Guardian","ascension_level":0}