{"gold_per_floor":[114,129,129,144,159,159,174,189,189,189,35,35,50,80,80,180,180,195,295,295,310,1,31,31,31,31,31,61,76,106,121,121,221,221,236,236,2,102,102,102,5,30,30,30,30,45,45,70,70,70],"floor_reached":51,"playtime":4340,"items_purged":[],"score":851,"play_id":"c9301e0d-61cb-4053-bf44-f63b05ff6a82","local_time":"20190410210237","daily_mods":["Heirloom","Diverse","Night Terrors"],"is_ascension_mode":false,"campfire_choices":[{"data":"Discovery","floor":6,"key":"SMITH"},{"data":"Loop","floor":15,"key":"SMITH"},{"floor":32,"key":"REST"},{"data":"Creative AI","floor":40,"key":"SMITH"},{"data":"A Thousand Cuts","floor":44,"key":"SMITH"},{"floor":49,"key":"REST"}],"neow_cost":"","seed_source_timestamp":0,"circlet_count":0,"master_deck":["Strike_B","Strike_B","Strike_B","Strike_B","Defend_B","Defend_B","Defend_B","Defend_B","Zap","Dualcast","Iron Wave","Prepared","Discovery+1","Auto Shields","Cleave","Leap","Deflect","Rip and Tear","BootSequence","Dagger Throw","Flechettes","Loop+1","Caltrops","A Thousand Cuts+1","Slice","Chill","Writhe","Seeing Red","Forethought","Turbo+1","Shame","Power Through+1","Chaos+1","Blade Dance+1","Poisoned Stab+1","Sword Boomerang+1","Creative AI+1","Spot Weakness+1","Magnetism","Finesse+1","Magnetism","Discovery+1","Slice","Bandage Up+1","Hello World","Evolve","Clumsy","Writhe","Writhe","Flame Barrier+1","Doubt","Bouncing Flask+1"],"special_seed":17996,"relics":["Cracked Core","Thread and Needle","Emotion Chip","DataDisk","Cursed Key","StoneCalendar","The Courier","Juzu Bracelet","Membership Card","Mercury Hourglass","Toxic Egg 2","Enchiridion","Symbiotic Virus","Dream Catcher","Bag of Marbles","Black Star","Pear","Shuriken","Incense Burner","Lantern","Vajra","Bag of Preparation"],"potions_floor_usage":[16,19,29,50,50],"damage_taken":[{"damage":0,"enemies":"Small Slimes","floor":1,"turns":2},{"damage":0,"enemies":"Cultist","floor":2,"turns":3},{"damage":2,"enemies":"Jaw Worm","floor":4,"turns":3},{"damage":10,"enemies":"Exordium Thugs","floor":5,"turns":4},{"damage":0,"enemies":"2 Fungi Beasts","floor":7,"turns":3},{"damage":3,"enemies":"3 Louse","floor":8,"turns":3},{"damage":0,"enemies":"Large Slime","floor":13,"turns":3},{"damage":3,"enemies":"Gremlin Nob","floor":14,"turns":4},{"damage":14,"enemies":"The Guardian","floor":16,"turns":9},{"damage":1,"enemies":"Shell Parasite","floor":18,"turns":4},{"damage":10,"enemies":"Colosseum Slavers","floor":19,"turns":3},{"damage":15,"enemies":"Colosseum Nobs","floor":19,"turns":5},{"damage":4,"enemies":"Spheric Guardian","floor":21,"turns":4},{"damage":29,"enemies":"Book of Stabbing","floor":23,"turns":5},{"damage":0,"enemies":"Gremlin Leader","floor":28,"turns":7},{"damage":0,"enemies":"Snake Plant","floor":29,"turns":4},{"damage":7,"enemies":"Book of Stabbing","floor":30,"turns":4},{"damage":4,"enemies":"Snecko","floor":31,"turns":5},{"damage":50,"enemies":"Collector","floor":33,"turns":10},{"damage":41,"enemies":"3 Darklings","floor":35,"turns":5},{"damage":0,"enemies":"Mind Bloom Boss Battle","floor":38,"turns":4},{"damage":25,"enemies":"3 Shapes","floor":46,"turns":4},{"damage":73,"enemies":"Donu and Deca","floor":50,"turns":7}],"seed_played":"-2123263057779283965","potions_obtained":[{"floor":4,"key":"Strength Potion"},{"floor":7,"key":"Strength Potion"},{"floor":12,"key":"FairyPotion"},{"floor":12,"key":"AttackPotion"},{"floor":12,"key":"Explosive Potion"},{"floor":19,"key":"Fire Potion"},{"floor":23,"key":"Poison Potion"},{"floor":33,"key":"FearPotion"}],"is_trial":false,"path_per_floor":["M","M","?","M","M","R","M","M","T","?","$","?","M","E","R","B",null,"M","?","?","M","$","E","?","?","T","?","E","M","E","M","R","B",null,"M","?","$","?","?","R","$","T","T","R","?","M","?","T","R","B",null],"character_chosen":"DEFECT","items_purchased":["BootSequence","Dagger Throw","Flechettes","Membership Card","Mercury Hourglass","Forethought","Pommel Strike","Pear","Shuriken","Discovery+1","Bandage Up+1","Hello World","Evolve"],"campfire_rested":2,"item_purchase_floors":[11,11,11,22,22,22,22,37,37,37,41,41,41],"current_hp_per_floor":[75,75,75,73,63,63,63,60,60,60,60,60,60,57,57,43,75,74,49,49,45,45,16,41,25,25,25,25,25,18,14,70,20,70,29,19,29,29,29,29,29,29,29,29,49,24,24,24,75,8],"gold":70,"neow_bonus":"","is_prod":false,"is_daily":true,"chose_seed":false,"campfire_upgraded":4,"win_rate":0,"timestamp":1554944557,"path_taken":["M","M","?","?","M","R","?","M","T","?","?","?","M","E","R","BOSS","M","?","?","M","$","E","?","?","T","?","E","M","E","M","R","BOSS","M","?","$","?","?","R","$","?","T","R","?","M","?","?","R","BOSS"],"build_version":"2019-01-23","purchased_purges":0,"victory":true,"max_hp_per_floor":[75,75,75,75,75,75,75,75,75,75,75,75,75,75,75,75,75,75,75,75,75,75,75,75,75,75,75,75,75,75,75,70,70,70,70,70,80,80,80,80,80,80,80,80,80,80,80,80,75,75],"card_choices":[{"not_picked":["Acrobatics","Defragment"],"picked":"Iron Wave","floor":1},{"not_picked":["Steam Power","Streamline"],"picked":"Prepared","floor":2},{"not_picked":["Force Field","Disarm"],"picked":"Cleave","floor":4},{"not_picked":["Tempest","Rebound"],"picked":"Leap","floor":5},{"not_picked":["Iron Wave","Glacier"],"picked":"Deflect","floor":7},{"not_picked":["Wild Strike","Deadly Poison"],"picked":"Rip and Tear","floor":8},{"not_picked":["Streamline","Catalyst"],"picked":"Loop","floor":13},{"not_picked":["Consume","Reckless Charge"],"picked":"Caltrops","floor":14},{"not_picked":["Bullet Time","Machine Learning"],"picked":"A Thousand Cuts","floor":16},{"not_picked":["Whirlwind+1","Compile Driver+1"],"picked":"Slice","floor":18},{"not_picked":["Beam Cell+1","Iron Wave+1"],"picked":"Chill","floor":19},{"not_picked":["Clash","Hemokinesis"],"picked":"Seeing Red","floor":21},{"not_picked":["Cloak And Dagger","Clothesline"],"picked":"Turbo+1","floor":23},{"not_picked":["Blur+1","Steam+1"],"picked":"Power Through+1","floor":28},{"not_picked":["Power Through+1","Dagger Throw"],"picked":"Chaos+1","floor":29},{"not_picked":["Tools of the Trade","Heavy Blade"],"picked":"Blade Dance+1","floor":30},{"not_picked":["Tempest+1","Battle Trance+1"],"picked":"Poisoned Stab+1","floor":31},{"not_picked":["Warcry+1","Prepared+1"],"picked":"Sword Boomerang+1","floor":32},{"not_picked":["Glass Knife","Grand Finale"],"picked":"Creative AI","floor":33},{"not_picked":["Thunderclap+1","Loop"],"picked":"Spot Weakness+1","floor":35},{"not_picked":["Master of Strategy+1","Enlightenment+1"],"picked":"Magnetism","floor":36},{"not_picked":["Impatience+1","Swift Strike"],"picked":"Finesse+1","floor":36},{"not_picked":["Metamorphosis+1","Good Instincts+1"],"picked":"Magnetism","floor":36},{"not_picked":["Havoc+1","Heavy Blade+1"],"picked":"Slice","floor":38},{"not_picked":["Acrobatics+1","Cleave+1"],"picked":"Flame Barrier+1","floor":46},{"not_picked":["Backflip+1","PiercingWail+1"],"picked":"Bouncing Flask+1","floor":49}],"player_experience":605849,"relics_obtained":[{"floor":9,"key":"Emotion Chip"},{"floor":14,"key":"DataDisk"},{"floor":19,"key":"StoneCalendar"},{"floor":19,"key":"The Courier"},{"floor":23,"key":"Toxic Egg 2"},{"floor":25,"key":"Enchiridion"},{"floor":26,"key":"Symbiotic Virus"},{"floor":28,"key":"Dream Catcher"},{"floor":30,"key":"Bag of Marbles"},{"floor":38,"key":"Incense Burner"},{"floor":42,"key":"Lantern"},{"floor":43,"key":"Vajra"},{"floor":48,"key":"Bag of Preparation"}],"event_choices":[{"damage_healed":0,"gold_gain":0,"player_choice":"2 cards matched","damage_taken":0,"max_hp_gain":0,"max_hp_loss":0,"event_name":"Match and Keep!","floor":3,"gold_loss":0,"cards_obtained":["Discovery","Auto Shields"]},{"damage_healed":0,"gold_gain":0,"player_choice":"Ignored","damage_taken":0,"max_hp_gain":0,"max_hp_loss":0,"event_name":"Purifier","floor":10,"gold_loss":0},{"damage_healed":0,"gold_gain":0,"player_choice":"Got Potions","damage_taken":0,"max_hp_gain":0,"max_hp_loss":0,"event_name":"Lab","floor":12,"gold_loss":0},{"damage_healed":0,"gold_gain":0,"player_choice":"Fight","damage_taken":0,"max_hp_gain":0,"max_hp_loss":0,"event_name":"Colosseum","floor":19,"gold_loss":0},{"damage_healed":0,"gold_gain":0,"player_choice":"Fought Nobs","damage_taken":0,"max_hp_gain":0,"max_hp_loss":0,"event_name":"Colosseum","floor":19,"gold_loss":0},{"damage_healed":0,"gold_gain":0,"player_choice":"Opened","damage_taken":0,"relics_obtained":["Juzu Bracelet"],"max_hp_gain":0,"max_hp_loss":0,"event_name":"The Mausoleum","floor":20,"gold_loss":0,"cards_obtained":["Writhe"]},{"damage_healed":25,"gold_gain":0,"player_choice":"Heal","damage_taken":0,"max_hp_gain":0,"max_hp_loss":0,"event_name":"The Library","floor":24,"gold_loss":0},{"damage_healed":0,"gold_gain":0,"player_choice":"Obtained Book","damage_taken":16,"max_hp_gain":0,"max_hp_loss":0,"event_name":"Cursed Tome","floor":25,"gold_loss":0},{"damage_healed":0,"gold_gain":0,"player_choice":"Ignored","damage_taken":0,"max_hp_gain":0,"max_hp_loss":0,"event_name":"Vampires","floor":27,"gold_loss":0},{"damage_healed":0,"gold_gain":0,"player_choice":"Memory 3","damage_taken":10,"max_hp_gain":0,"max_hp_loss":0,"event_name":"SensoryStone","floor":36,"gold_loss":0},{"damage_healed":0,"gold_gain":0,"player_choice":"Fight","damage_taken":0,"max_hp_gain":0,"max_hp_loss":0,"event_name":"MindBloom","floor":38,"gold_loss":0},{"damage_healed":0,"gold_gain":0,"player_choice":"Ignored","damage_taken":0,"max_hp_gain":0,"max_hp_loss":0,"event_name":"The Moai Head","floor":39,"gold_loss":0},{"damage_healed":20,"gold_gain":0,"player_choice":"Writhe","damage_taken":0,"max_hp_gain":0,"max_hp_loss":0,"event_name":"Winding Halls","floor":45,"gold_loss":0,"cards_obtained":["Writhe"]},{"cards_removed":["Pommel Strike"],"damage_healed":0,"gold_gain":0,"player_choice":"Removed Attack","damage_taken":0,"max_hp_gain":0,"max_hp_loss":0,"event_name":"Falling","floor":47,"gold_loss":0}],"is_beta":false,"boss_relics":[{"not_picked":["White Beast Statue","Sozu"],"picked":"Cursed Key"},{"not_picked":["Coffee Dripper","Busted Crown"],"picked":"Black Star"}],"items_purged_floors":[],"is_endless":false,"potions_floor_spawned":[4,7,13,14,19,23,28,33,35],"ascension_level":0}