{"gold_per_floor":[118,118,42,59,59,84,84,118,143,102,102,112,129,148,148,226,226,244,244,262,262],"floor_reached":21,"playtime":937,"items_purged":[],"score":442,"play_id":"70322343-8248-4535-aced-a6f461e171e7","local_time":"20190527110831","is_ascension_mode":true,"campfire_choices":[{"data":"Zap","floor":7.0,"key":"SMITH"},{"floor":11.0,"key":"REST"},{"floor":15.0,"key":"REST"}],"neow_cost":"NONE","seed_source_timestamp":144122961725752,"circlet_count":0,"master_deck":["AscendersBane","Strike_B","Defend_B","Defend_B","Defend_B","Zap+1","Steam","Biased Cognition","Recycle","Conserve Battery","Thunder Strike","Heatsinks","Static Discharge","Conserve Battery","Hologram","Rebound","Machine Learning","Conserve Battery+1","Turbo+1","Fission+1","Conserve Battery","Lockon"],"special_seed":0,"relics":["Cracked Core","NeowsBlessing","Bag of Preparation","Oddly Smooth Stone","Centennial Puzzle","Astrolabe"],"potions_floor_usage":[20],"damage_taken":[{"damage":0.0,"enemies":"Jaw Worm","floor":1.0,"turns":1.0},{"damage":0.0,"enemies":"Cultist","floor":4.0,"turns":1.0},{"damage":0.0,"enemies":"Gremlin Nob","floor":6.0,"turns":1.0},{"damage":39.0,"enemies":"3 Sentries","floor":8.0,"turns":9.0},{"damage":1.0,"enemies":"2 Louse","floor":12.0,"turns":3.0},{"damage":8.0,"enemies":"Looter","floor":13.0,"turns":4.0},{"damage":6.0,"enemies":"Gremlin Gang","floor":14.0,"turns":5.0},{"damage":30.0,"enemies":"The Guardian","floor":16.0,"turns":13.0},{"damage":45.0,"enemies":"Chosen","floor":18.0,"turns":6.0},{"damage":0,"enemies":"3 Byrds","floor":20,"turns":3},{"damage":19,"enemies":"Snecko","floor":21,"turns":3}],"seed_played":"-7287764010679580190","potions_obtained":[{"floor":8.0,"key":"Block Potion"},{"floor":12.0,"key":"SneckoOil"},{"floor":13.0,"key":"EntropicBrew"},{"floor":16.0,"key":"LiquidBronze"},{"floor":18.0,"key":"PowerPotion"}],"is_trial":false,"path_per_floor":["M","?","$","M","?","E","R","E","T","$","R","M","M","M","R","B",null,"M","?","M","M"],"character_chosen":"DEFECT","items_purchased":["Recycle","Static Discharge"],"campfire_rested":2,"item_purchase_floors":[3,10],"current_hp_per_floor":[64,64,64,64,64,64,64,25,25,25,46,45,37,31,52,22,59,14,14,14,0],"gold":262,"neow_bonus":"THREE_ENEMY_KILL","is_prod":false,"is_daily":false,"chose_seed":false,"campfire_upgraded":1,"win_rate":0,"timestamp":1558980511,"path_taken":["M","?","?","?","?","E","R","E","T","$","R","M","M","M","R","BOSS","M","?","M","?"],"build_version":"2019-01-23","purchased_purges":0,"victory":false,"max_hp_per_floor":[71,71,71,71,71,71,71,71,71,71,71,71,71,71,71,71,71,71,71,71,71],"card_choices":[{"not_picked":["Skim","Double Energy"],"picked":"Steam","floor":1.0},{"not_picked":["Steam Power","Chill"],"picked":"Conserve Battery","floor":4.0},{"not_picked":["Compile Driver","Sweeping Beam"],"picked":"Thunder Strike","floor":6.0},{"not_picked":["Amplify","Gash"],"picked":"Heatsinks","floor":8.0},{"not_picked":["Sweeping Beam","Rebound"],"picked":"Conserve Battery","floor":12.0},{"not_picked":["Gash","Stack"],"picked":"Hologram","floor":13.0},{"not_picked":["Fusion","Redo"],"picked":"Rebound","floor":14.0},{"not_picked":["Reboot","Hyperbeam"],"picked":"Machine Learning","floor":16.0},{"not_picked":["Recycle","Barrage+1"],"picked":"Conserve Battery","floor":18.0},{"not_picked":["Gash","Tempest"],"picked":"Lockon","floor":20}],"player_experience":774773,"relics_obtained":[{"floor":6.0,"key":"Bag of Preparation"},{"floor":8.0,"key":"Oddly Smooth Stone"},{"floor":9.0,"key":"Centennial Puzzle"}],"event_choices":[{"damage_healed":0.0,"max_hp_gain":0.0,"max_hp_loss":0.0,"gold_gain":0.0,"cards_transformed":["Strike_B"],"event_name":"Transmorgrifier","player_choice":"Transformed","floor":2.0,"gold_loss":0.0,"damage_taken":0.0,"cards_obtained":["Biased Cognition"]},{"damage_healed":0.0,"max_hp_gain":0.0,"max_hp_loss":0.0,"gold_gain":0.0,"cards_transformed":["Dualcast"],"event_name":"Living Wall","player_choice":"Change","floor":5.0,"gold_loss":0.0,"damage_taken":0.0,"cards_obtained":["Amplify"]},{"cards_removed":["Amplify"],"damage_healed":0.0,"max_hp_gain":0.0,"max_hp_loss":0.0,"gold_gain":0.0,"event_name":"Purifier","player_choice":"Purged","floor":19.0,"gold_loss":0.0,"damage_taken":0.0}],"is_beta":false,"boss_relics":[{"not_picked":["Orrery","Tiny House"],"picked":"Astrolabe"}],"items_purged_floors":[],"is_endless":false,"potions_floor_spawned":[8,12,13,16,18],"killed_by":"Snecko","ascension_level":19}