{"gold_per_floor":[114,129,304,304,341,383,410,452,464,31,61,61,76,106,106,206,206,221,236,236,266,16,346,376,376,401,12,12,27,57,22,22,122,122,137,237,252,252,26,56,86,116,141,156,171,186,15,45,45,45],"floor_reached":51,"playtime":6234,"items_purged":[],"score":1244,"play_id":"9996d4c0-60d3-491f-ab3d-cc1c921e0df8","local_time":"20190310163120","daily_mods":["Cursed Run","Flight","DeadlyEvents"],"is_ascension_mode":false,"campfire_choices":[{"data":"Feed","floor":12,"key":"SMITH"},{"data":"Flame Barrier","floor":15,"key":"SMITH"},{"floor":25,"key":"REST"},{"floor":32,"key":"REST"},{"floor":49,"key":"DIG"}],"neow_cost":"","seed_source_timestamp":0,"circlet_count":0,"master_deck":["Strike_R","Strike_R","Strike_R","Strike_R","Strike_R","Defend_R","Defend_R","Defend_R","Defend_R","Bash","Cleave","Twin Strike","Doubt","Regret","Clumsy","Feed+1","Rampage","Pummel","Shame","Feel No Pain","Havoc","Anger","Brutality","Wild Strike","Flame Barrier+1","Doubt","Barricade","Armaments","Seeing Red+1","Havoc","Infernal Blade","Metallicize","Reaper","Writhe","Mayhem","Metallicize","Decay","Flex","Perfected Strike+1","Rage","Pommel Strike+1","Writhe","Dark Embrace","Doubt","Normality","Regret","Inflame","Thunderclap+1","Metallicize+1","Madness","Madness","Corruption","Body Slam+1","Feel No Pain+1","Sword Boomerang+1","Decay","Iron Wave+1","Cleave+1","Uppercut+1","Dark Shackles","Shockwave","Evolve+1","Normality"],"special_seed":17965,"relics":["Cursed Key","Darkstone Periapt","Du-Vu Doll","MawBank","Oddly Smooth Stone","Kunai","Question Card","Dream Catcher","FossilizedHelix","Lantern","Strawberry","Lizard Tail","Art of War","Shovel","Blue Candle","Old Coin","Ginger","PreservedInsect","Ancient Tea Set","Matryoshka","Molten Egg 2","Calling Bell","Blood Vial","Pantograph","Magic Flower","Champion Belt","Boot","Centennial Puzzle","Nunchaku","Orichalcum","Bottled Tornado","Pen Nib","Happy Flower","Turnip"],"potions_floor_usage":[14,23,24,33,33,36,41,42,50,50,50,50,50],"damage_taken":[{"damage":1,"enemies":"Cultist","floor":1,"turns":3},{"damage":0,"enemies":"Small Slimes","floor":2,"turns":2},{"damage":6,"enemies":"Gremlin Nob","floor":6,"turns":3},{"damage":0,"enemies":"2 Louse","floor":7,"turns":1},{"damage":21,"enemies":"Lagavulin","floor":8,"turns":4},{"damage":0,"enemies":"Gremlin Nob","floor":11,"turns":2},{"damage":4,"enemies":"Red Slaver","floor":13,"turns":3},{"damage":1,"enemies":"Lagavulin","floor":14,"turns":4},{"damage":1,"enemies":"Slime Boss","floor":16,"turns":3},{"damage":5,"enemies":"Chosen","floor":18,"turns":5},{"damage":6,"enemies":"2 Thieves","floor":19,"turns":3},{"damage":28,"enemies":"Slavers","floor":21,"turns":6},{"damage":4,"enemies":"Book of Stabbing","floor":23,"turns":4},{"damage":46,"enemies":"Slavers","floor":24,"turns":5},{"damage":18,"enemies":"Snecko","floor":29,"turns":5},{"damage":33,"enemies":"Gremlin Leader","floor":30,"turns":5},{"damage":18,"enemies":"Champ","floor":33,"turns":9},{"damage":33,"enemies":"3 Shapes","floor":35,"turns":3},{"damage":80,"enemies":"Mind Bloom Boss Battle","floor":36,"turns":7},{"damage":0,"enemies":"Orb Walker","floor":37,"turns":2},{"damage":47,"enemies":"Reptomancer","floor":40,"turns":4},{"damage":19,"enemies":"Giant Head","floor":41,"turns":5},{"damage":37,"enemies":"Reptomancer","floor":42,"turns":4},{"damage":14,"enemies":"4 Shapes","floor":44,"turns":2},{"damage":18,"enemies":"Jaw Worm Horde","floor":45,"turns":4},{"damage":2,"enemies":"Writhing Mass","floor":46,"turns":3},{"damage":0,"enemies":"Nemesis","floor":48,"turns":3},{"damage":81,"enemies":"Awakened One","floor":50,"turns":7}],"seed_played":"-4874959885410320619","potions_obtained":[{"floor":2,"key":"SteroidPotion"},{"floor":6,"key":"SkillPotion"},{"floor":7,"key":"Dexterity Potion"},{"floor":13,"key":"GamblersBrew"},{"floor":16,"key":"Fire Potion"},{"floor":21,"key":"Poison Potion"},{"floor":30,"key":"Fruit Juice"},{"floor":33,"key":"Swift Potion"},{"floor":35,"key":"PowerPotion"},{"floor":37,"key":"Block Potion"},{"floor":40,"key":"LiquidBronze"},{"floor":41,"key":"Strength Potion"},{"floor":46,"key":"Energy Potion"},{"floor":48,"key":"EntropicBrew"}],"is_trial":false,"path_per_floor":["M","M","?","?","T","E","M","E","T","$","E","R","M","E","R","B",null,"M","M","?","E","$","E","E","R","T","$","T","M","E","$","R","B",null,"M","?","M","?","$","E","E","E","T","M","M","M","$","E","R","B",null],"character_chosen":"IRONCLAD","items_purchased":["FossilizedHelix","Feel No Pain","Havoc","Anger","Blue Candle","Mayhem","Ancient Tea Set","Metallicize","Rage","Boot","Corruption","Dark Shackles","Shockwave"],"campfire_rested":2,"item_purchase_floors":[10,10,10,10,22,27,27,27,31,39,39,47,47],"current_hp_per_floor":[79,79,85,91,97,91,94,76,82,82,82,82,78,84,84,89,123,118,116,116,88,88,84,38,76,82,82,88,70,70,70,111,104,168,138,114,140,119,119,121,105,122,128,169,154,155,155,158,158,123],"gold":45,"neow_bonus":"","is_prod":false,"is_daily":true,"chose_seed":false,"campfire_upgraded":2,"win_rate":0,"timestamp":1552249880,"path_taken":["M","?","?","?","?","E","M","?","T","$","?","R","?","E","R","BOSS","M","?","?","?","$","E","E","R","T","$","?","?","?","?","R","BOSS","M","?","?","?","?","E","E","E","T","M","?","M","$","?","R","BOSS"],"build_version":"2019-01-23","purchased_purges":0,"victory":true,"max_hp_per_floor":[80,80,86,92,98,98,101,104,110,110,110,110,110,117,117,123,123,123,127,127,127,127,127,127,127,133,133,139,139,139,139,139,150,168,168,168,168,168,168,168,168,168,174,174,174,174,174,174,174,180],"card_choices":[{"not_picked":["Rampage","Ghostly Armor"],"picked":"Cleave","floor":1},{"not_picked":["Uppercut","True Grit"],"picked":"Twin Strike","floor":2},{"not_picked":["True Grit","Headbutt"],"picked":"Feed","floor":6},{"not_picked":["Headbutt","Armaments"],"picked":"Rampage","floor":7},{"not_picked":["Rampage","Hemokinesis"],"picked":"Pummel","floor":8},{"not_picked":["Heavy Blade","Cleave","True Grit"],"picked":"Brutality","floor":11},{"not_picked":["Clash","Thunderclap","Anger"],"picked":"Wild Strike","floor":13},{"not_picked":["Wild Strike","Blood for Blood","Shrug It Off"],"picked":"Flame Barrier","floor":14},{"not_picked":["Juggernaut","Immolate","Limit Break"],"picked":"Barricade","floor":16},{"not_picked":["Pummel","Wild Strike","Warcry"],"picked":"Armaments","floor":18},{"not_picked":["Anger","Shrug It Off","Warcry"],"picked":"Seeing Red+1","floor":19},{"not_picked":["Dropkick","Twin Strike","Hemokinesis"],"picked":"Havoc","floor":21},{"not_picked":["Body Slam","Rampage","Havoc+1"],"picked":"Infernal Blade","floor":23},{"not_picked":["Warcry","Rage","Entrench"],"picked":"Metallicize","floor":24},{"not_picked":["Pommel Strike","Twin Strike","Flex"],"picked":"Reaper","floor":25},{"not_picked":["Wild Strike","Second Wind","Perfected Strike"],"picked":"Flex","floor":29},{"not_picked":["Cleave","Wild Strike","Whirlwind+1"],"picked":"Perfected Strike","floor":30},{"not_picked":["Reckless Charge+1","Combust+1","Cleave+1"],"picked":"Pommel Strike+1","floor":32},{"not_picked":["Brutality","Offering","Exhume"],"picked":"Dark Embrace","floor":33},{"not_picked":["Twin Strike+1","Evolve+1","Armaments+1"],"picked":"Inflame","floor":35},{"not_picked":["Wild Strike+1","Clothesline+1","Bloodletting"],"picked":"Thunderclap+1","floor":36},{"not_picked":["Combust+1","Berserk","True Grit"],"picked":"Metallicize+1","floor":37},{"not_picked":["Sword Boomerang+1","Seeing Red","Flex"],"picked":"Body Slam+1","floor":40},{"not_picked":["Perfected Strike+1","True Grit","Dark Embrace"],"picked":"Feel No Pain+1","floor":41},{"not_picked":["Clothesline+1","Hemokinesis+1","Infernal Blade"],"picked":"Sword Boomerang+1","floor":42},{"not_picked":["Armaments+1","Shrug It Off","Wild Strike+1"],"picked":"Iron Wave+1","floor":44},{"not_picked":["Iron Wave+1","True Grit","Blood for Blood+1"],"picked":"Cleave+1","floor":45},{"not_picked":["Headbutt+1","True Grit+1","Searing Blow+1"],"picked":"Uppercut+1","floor":46},{"not_picked":["Berserk","Twin Strike+1","Body Slam+1"],"picked":"Evolve+1","floor":48}],"player_experience":560903,"relics_obtained":[{"floor":5,"key":"Oddly Smooth Stone"},{"floor":6,"key":"Kunai"},{"floor":8,"key":"Question Card"},{"floor":9,"key":"Dream Catcher"},{"floor":11,"key":"Lantern"},{"floor":14,"key":"Strawberry"},{"floor":21,"key":"Shovel"},{"floor":23,"key":"Old Coin"},{"floor":24,"key":"Ginger"},{"floor":26,"key":"PreservedInsect"},{"floor":28,"key":"Matryoshka"},{"floor":30,"key":"Molten Egg 2"},{"floor":34,"key":"Blood Vial"},{"floor":34,"key":"Pantograph"},{"floor":34,"key":"Magic Flower"},{"floor":36,"key":"Champion Belt"},{"floor":40,"key":"Centennial Puzzle"},{"floor":41,"key":"Nunchaku"},{"floor":42,"key":"Orichalcum"},{"floor":43,"key":"Bottled Tornado"},{"floor":43,"key":"Pen Nib"},{"floor":48,"key":"Happy Flower"},{"floor":49,"key":"Turnip"}],"event_choices":[{"damage_healed":0,"gold_gain":175,"player_choice":"AGREE","damage_taken":0,"max_hp_gain":0,"max_hp_loss":0,"event_name":"Liars Game","floor":3,"gold_loss":0,"cards_obtained":["Doubt"]},{"damage_healed":0,"gold_gain":0,"player_choice":"Box","damage_taken":0,"relics_obtained":["MawBank"],"max_hp_gain":0,"max_hp_loss":0,"event_name":"Big Fish","floor":4,"gold_loss":0,"cards_obtained":["Regret"]},{"damage_healed":0,"gold_gain":0,"player_choice":"Gave Potion","damage_taken":0,"relics_obtained":["Art of War"],"max_hp_gain":0,"max_hp_loss":0,"event_name":"WeMeetAgain","floor":20,"gold_loss":0},{"damage_healed":0,"gold_gain":0,"player_choice":"Fight","damage_taken":0,"max_hp_gain":0,"max_hp_loss":0,"event_name":"MindBloom","floor":36,"gold_loss":0},{"damage_healed":0,"gold_gain":0,"player_choice":"Embrace Madness","damage_taken":21,"max_hp_gain":0,"max_hp_loss":0,"event_name":"Winding Halls","floor":38,"gold_loss":0,"cards_obtained":["Madness","Madness"]}],"is_beta":false,"boss_relics":[{"not_picked":["Runic Pyramid","Astrolabe"],"picked":"Lizard Tail"},{"not_picked":["Philosopher\u0027s Stone","Black Star"],"picked":"Calling Bell"}],"items_purged_floors":[],"is_endless":false,"potions_floor_spawned":[2,6,7,13,16,18,21,30,33,35,37,40,41,46,48],"ascension_level":0}