{"gold_per_floor":[114,189,204,219,219,219,234,264,339,339,9,24,39,54,54,154,154,169,184,199,40,40,40,55,55],"floor_reached":25,"playtime":1267,"items_purged":[],"score":207,"play_id":"d76e8219-e6c0-4de2-bc22-68f8370e48fe","local_time":"20181205081255","daily_mods":["Heirloom","Uncertain Future","Binary"],"is_ascension_mode":false,"campfire_choices":[{"data":"Zap","floor":6,"key":"SMITH"},{"data":"Turbo","floor":10,"key":"SMITH"},{"floor":15,"key":"REST"},{"data":"Mayhem","floor":23,"key":"SMITH"}],"neow_cost":"","seed_source_timestamp":0,"circlet_count":0,"master_deck":["Strike_B","Strike_B","Strike_B","Strike_B","Defend_B","Defend_B","Defend_B","Defend_B","Zap+1","Dualcast","Go for the Eyes","Loop","Sweeping Beam","Sunder","Turbo+1","Gash","Stack","Compile Driver","Master of Strategy","Fusion","Conserve Battery","Mayhem+1","Iron Wave","Hello World+1","Enlightenment","Creative AI","Flash of Steel","Inflame"],"special_seed":17870,"relics":["Gambling Chip","Kunai","Dodecahedron","Symbiotic Virus","PrismaticShard","Nuclear Battery","Nloth\u0027s Gift"],"potions_floor_usage":[8,16,16],"damage_taken":[{"damage":0,"enemies":"2 Louse","floor":1,"turns":3},{"damage":3,"enemies":"Small Slimes","floor":3,"turns":3},{"damage":5,"enemies":"Jaw Worm","floor":4,"turns":3},{"damage":3,"enemies":"3 Louse","floor":7,"turns":4},{"damage":23,"enemies":"Gremlin Nob","floor":8,"turns":4},{"damage":14,"enemies":"Gremlin Gang","floor":12,"turns":4},{"damage":7,"enemies":"Blue Slaver","floor":13,"turns":3},{"damage":5,"enemies":"3 Louse","floor":14,"turns":2},{"damage":10,"enemies":"Hexaghost","floor":16,"turns":8},{"damage":2,"enemies":"Chosen","floor":18,"turns":4},{"damage":30,"enemies":"Spheric Guardian","floor":19,"turns":4},{"damage":0,"enemies":"Snecko","floor":20,"turns":4},{"damage":31,"enemies":"Sentry and Sphere","floor":24,"turns":6},{"damage":13,"enemies":"3 Cultists","floor":25,"turns":3}],"seed_played":"6234403270390555822","potions_obtained":[{"floor":3,"key":"AttackPotion"},{"floor":8,"key":"Poison Potion"},{"floor":14,"key":"Ancient Potion"},{"floor":16,"key":"Weak Potion"},{"floor":24,"key":"Ancient Potion"}],"is_trial":false,"path_per_floor":["M","?","M","M","?","R","M","E","T","R","$","M","M","M","R","B",null,"M","M","M","$","?","R","M","M"],"character_chosen":"DEFECT","items_purchased":["PrismaticShard","Gash","Stack","Compile Driver","Creative AI","Flash of Steel"],"campfire_rested":1,"item_purchase_floors":[11,11,11,11,21,21],"current_hp_per_floor":[75,64,61,56,53,53,50,27,27,27,27,13,6,1,23,13,75,73,43,43,43,43,43,12,0],"gold":55,"neow_bonus":"","is_prod":false,"is_daily":true,"chose_seed":false,"campfire_upgraded":3,"win_rate":0,"timestamp":1544015575,"path_taken":["M","?","M","M","?","R","M","E","T","R","$","?","M","M","R","BOSS","M","M","M","$","?","R","?","M"],"build_version":"2018-11-15","purchased_purges":0,"victory":false,"max_hp_per_floor":[75,75,75,75,75,75,75,75,75,75,75,75,75,75,75,75,75,75,75,75,75,75,75,75,75],"card_choices":[{"not_picked":["Conserve Battery"],"picked":"Go for the Eyes","floor":1},{"not_picked":["Streamline"],"picked":"Loop","floor":3},{"not_picked":["Ball Lightning"],"picked":"Sweeping Beam","floor":4},{"not_picked":["Streamline"],"picked":"Sunder","floor":7},{"not_picked":["Fusion"],"picked":"Turbo","floor":8},{"not_picked":["Armaments"],"picked":"Master of Strategy","floor":12},{"not_picked":["Undo"],"picked":"Fusion","floor":13},{"not_picked":["Cloak And Dagger"],"picked":"Conserve Battery","floor":14},{"not_picked":["Offering"],"picked":"Mayhem","floor":16},{"not_picked":["Sweeping Beam"],"picked":"Iron Wave","floor":18},{"not_picked":["Consume"],"picked":"Hello World+1","floor":19},{"not_picked":["Bane"],"picked":"Enlightenment","floor":20},{"not_picked":["Tactician"],"picked":"Inflame","floor":24}],"player_experience":498645,"relics_obtained":[{"floor":8,"key":"Dodecahedron"},{"floor":9,"key":"Symbiotic Virus"}],"event_choices":[{"damage_healed":0,"gold_gain":75,"player_choice":"Gather Gold","damage_taken":11,"max_hp_gain":0,"max_hp_loss":0,"event_name":"World of Goop","floor":2,"gold_loss":0},{"damage_healed":0,"gold_gain":0,"player_choice":"Success","damage_taken":3,"relics_obtained":["Kunai"],"max_hp_gain":0,"max_hp_loss":0,"event_name":"Scrap Ooze","floor":5,"gold_loss":0},{"damage_healed":0,"gold_gain":0,"player_choice":"Traded Relic","damage_taken":0,"relics_obtained":["Nloth\u0027s Gift"],"max_hp_gain":0,"max_hp_loss":0,"event_name":"N\u0027loth","floor":22,"relics_lost":["Cracked Core"],"gold_loss":0}],"is_beta":false,"boss_relics":[{"not_picked":["Runic Dome","Coffee Dripper"],"picked":"Nuclear Battery"}],"items_purged_floors":[],"is_endless":false,"potions_floor_spawned":[3,8,14,16,24],"killed_by":"3 Cultists","ascension_level":0}