{"gold_per_floor":[114,114,189,42,42,70,85,85,110,110,141,171,188,260,260,355,355,368,39,39,50,28,63,80,105,150,150,161,161,161,176,176,271,271,287,287,303,10,29,53,53,0,0,0,0,0,14,14],"floor_reached":48,"playtime":5363,"items_purged":[],"score":694,"play_id":"f9d9107d-0e80-4211-bced-4da3c23c1e3b","local_time":"20181028203449","daily_mods":["Specialized","Allstar","Diverse","Colorless Cards","Heirloom","Time Dilation","Flight"],"is_ascension_mode":false,"campfire_choices":[{"floor":8,"key":"REST"},{"data":"Zap","floor":10,"key":"SMITH"},{"floor":15,"key":"REST"},{"floor":29,"key":"REST"},{"floor":30,"key":"REST"},{"data":"Mind Blast","floor":32,"key":"SMITH"},{"floor":46,"key":"REST"}],"neow_cost":"","seed_source_timestamp":0,"circlet_count":0,"master_deck":["Strike_B","Strike_B","Strike_B","Strike_B","Defend_B","Defend_B","Defend_B","Defend_B","Zap+1","Dualcast","Demon Form","Wraith Form v2","Echo Form","Melter","Melter","Melter","Melter+1","Melter","Mind Blast+1","Forethought","Trip","Metamorphosis","PanicButton","Gash","Quick Slash+1","Mayhem","Acrobatics","Rage","Body Slam+1","Regret","Clash+1","Sword Boomerang+1","Juggernaut","Discovery","Hello World","Inflame","Shame","Outmaneuver+1","Fire Breathing","Cloak And Dagger","Metallicize","Conserve Battery","Coolheaded","Necronomicurse","Static Discharge","Defragment+1","Swift Strike+1","Deadly Poison","Panache","Reprogram","Madness","Madness","BootSequence+1","Stack","Magnetism","Storm","PiercingWail","Darkness","Deflect+1","Secret Weapon","Mind Blast+1","Mayhem","Infernal Blade+1","Riddle With Holes+1"],"relics":["Unceasing Top","Prayer Wheel","Vajra","Happy Flower","Molten Egg 2","Boot","StoneCalendar","Tiny Chest","Kunai","Sozu","Blood Vial","Whetstone","Gremlin Horn","Sundial","Bronze Scales","Centennial Puzzle","Necronomicon","Lizard Tail","Juzu Bracelet","Red Mask","Singing Bowl"],"potions_floor_usage":[16,16,16,24,28,28],"damage_taken":[{"damage":3,"enemies":"Small Slimes","floor":1,"turns":4},{"damage":30,"enemies":"Gremlin Nob","floor":6,"turns":5},{"damage":3,"enemies":"Jaw Worm","floor":7,"turns":4},{"damage":1,"enemies":"Lagavulin Event","floor":11,"turns":5},{"damage":0,"enemies":"2 Louse","floor":13,"turns":2},{"damage":15,"enemies":"Hexaghost","floor":16,"turns":5},{"damage":5,"enemies":"Chosen","floor":18,"turns":3},{"damage":19,"enemies":"2 Thieves","floor":21,"turns":3},{"damage":21,"enemies":"Gremlin Leader","floor":23,"turns":3},{"damage":10,"enemies":"Snecko","floor":24,"turns":4},{"damage":0,"enemies":"Snake Plant","floor":28,"turns":1},{"damage":9,"enemies":"Centurion and Healer","floor":31,"turns":3},{"damage":38,"enemies":"Champ","floor":33,"turns":7},{"damage":14,"enemies":"3 Darklings","floor":35,"turns":3},{"damage":8,"enemies":"Orb Walker","floor":37,"turns":2},{"damage":27,"enemies":"3 Darklings","floor":39,"turns":4},{"damage":47,"enemies":"Maw","floor":47,"turns":6},{"damage":47,"enemies":"Transient","floor":48,"turns":3}],"seed_played":"6605013608352406866","potions_obtained":[{"floor":6,"key":"Strength Potion"},{"floor":7,"key":"Swift Potion"},{"floor":13,"key":"EntropicBrew"}],"is_trial":true,"path_per_floor":["M","?","?","$","?","E","M","R","T","R","?","?","M","T","R","B",null,"M","$","?","M","$","E","M","T","T","?","M","R","R","M","R","B",null,"M","?","M","$","M","T","?","?","T","?","$","R","M"],"character_chosen":"DEFECT","items_purchased":["Vajra","Blood Vial","Whetstone","Inflame","Cloak And Dagger","Magnetism","Storm","PiercingWail"],"campfire_rested":5,"item_purchase_floors":[4,19,19,19,22,38,38,38],"current_hp_per_floor":[72,72,61,61,49,19,16,38,38,38,37,37,37,37,59,44,75,70,70,70,53,53,34,26,26,26,10,12,34,56,49,49,13,75,61,52,46,46,21,21,21,21,21,11,11,33,37,0],"gold":14,"neow_bonus":"","is_prod":false,"is_daily":false,"chose_seed":false,"campfire_upgraded":2,"win_rate":0,"timestamp":1540773289,"path_taken":["M","?","?","$","?","E","?","R","T","R","?","?","?","?","R","BOSS","M","?","?","M","?","E","?","?","T","?","M","R","R","M","R","BOSS","M","?","?","$","M","?","?","?","T","?","?","R","M","M"],"build_version":"2018-10-25v2","purchased_purges":0,"victory":false,"max_hp_per_floor":[75,75,75,75,75,75,75,75,75,75,75,75,75,75,75,75,75,75,75,75,75,75,75,75,75,75,75,75,75,75,75,75,75,75,75,75,75,75,75,75,75,75,75,75,75,75,75,75],"card_choices":[{"not_picked":["Heavy Blade","Flechettes"],"picked":"Gash","floor":1},{"not_picked":["Glacier","Endless Agony"],"picked":"Quick Slash","floor":1},{"not_picked":["BootSequence","PiercingWail"],"picked":"Mayhem","floor":6},{"not_picked":["Warcry","Rupture"],"picked":"Acrobatics","floor":7},{"not_picked":["FTL+1","Underhanded Strike+1"],"picked":"Rage","floor":7},{"not_picked":["Gash+1","Glacier"],"picked":"Body Slam+1","floor":11},{"not_picked":["Streamline+1","Wild Strike+1"],"picked":"Clash+1","floor":13},{"not_picked":["Conserve Battery","Dark Embrace"],"picked":"Sword Boomerang+1","floor":13},{"not_picked":["Night Terror","Seek"],"picked":"Juggernaut","floor":16},{"not_picked":["PiercingWail+1","Panacea"],"picked":"Discovery","floor":18},{"not_picked":["Perfected Strike+1","Headbutt+1"],"picked":"Hello World","floor":18},{"not_picked":["Backflip","Auto Shields+1"],"picked":"Outmaneuver+1","floor":21},{"not_picked":["Headbutt+1","Cold Snap+1"],"picked":"Fire Breathing","floor":21},{"not_picked":["Mind Blast+1","Hologram"],"picked":"Metallicize","floor":23},{"not_picked":["Flying Knee+1","Dual Wield"],"picked":"Conserve Battery","floor":24},{"not_picked":["Quick Slash+1","Glacier"],"picked":"Coolheaded","floor":24},{"not_picked":["Inflame","Wild Strike+1"],"picked":"Static Discharge","floor":28},{"not_picked":["Biased Cognition","PanicButton"],"picked":"Defragment+1","floor":28},{"not_picked":["Havoc","Reckless Charge+1"],"picked":"Swift Strike+1","floor":31},{"not_picked":["Conserve Battery","Barrage+1"],"picked":"Deadly Poison","floor":31},{"not_picked":["Doppelganger","Juggernaut"],"picked":"Panache","floor":33},{"not_picked":["Skim","Backflip+1"],"picked":"Escape Plan","floor":35},{"not_picked":["Steam","Compile Driver+1"],"picked":"Reprogram","floor":35},{"not_picked":["Disarm+1","Finisher+1"],"picked":"BootSequence+1","floor":37},{"not_picked":["Clothesline+1","Redo"],"picked":"Stack","floor":37},{"not_picked":["Sweeping Beam+1","Dagger Throw+1"],"picked":"Darkness","floor":39},{"not_picked":["Hologram+1","Underhanded Strike+1"],"picked":"Deflect+1","floor":39},{"not_picked":["Forethought","Trip"],"picked":"Secret Weapon","floor":44},{"not_picked":["Secret Technique","Good Instincts"],"picked":"Mind Blast+1","floor":44},{"not_picked":["Deep Breath","Transmutation"],"picked":"Mayhem","floor":44},{"not_picked":["Body Slam+1","Tempest"],"picked":"Infernal Blade+1","floor":47},{"not_picked":["True Grit","Body Slam+1"],"picked":"Riddle With Holes+1","floor":47}],"player_experience":465633,"relics_obtained":[{"floor":6,"key":"Molten Egg 2"},{"floor":9,"key":"Boot"},{"floor":11,"key":"StoneCalendar"},{"floor":14,"key":"Kunai"},{"floor":23,"key":"Sundial"},{"floor":25,"key":"Bronze Scales"},{"floor":26,"key":"Centennial Puzzle"},{"floor":27,"key":"Necronomicon"},{"floor":40,"key":"Juzu Bracelet"},{"floor":43,"key":"Singing Bowl"}],"event_choices":[{"damage_healed":0,"gold_gain":0,"player_choice":"Leave","damage_taken":0,"max_hp_gain":0,"max_hp_loss":0,"event_name":"The Cleric","floor":2,"gold_loss":0},{"damage_healed":0,"gold_gain":75,"player_choice":"Gather Gold","damage_taken":11,"max_hp_gain":0,"max_hp_loss":0,"event_name":"World of Goop","floor":3,"gold_loss":0},{"damage_healed":0,"gold_gain":0,"player_choice":"Success","damage_taken":12,"relics_obtained":["Happy Flower"],"max_hp_gain":0,"max_hp_loss":0,"event_name":"Scrap Ooze","floor":5,"gold_loss":0},{"damage_healed":0,"gold_gain":30,"player_choice":"Searched \u00272\u0027 times","damage_taken":0,"max_hp_gain":0,"max_hp_loss":0,"event_name":"Dead Adventurer","floor":11,"gold_loss":0},{"damage_healed":0,"gold_gain":0,"player_choice":"Box","damage_taken":0,"relics_obtained":["Tiny Chest"],"max_hp_gain":0,"max_hp_loss":0,"event_name":"Big Fish","floor":12,"gold_loss":0,"cards_obtained":["Regret"]},{"damage_healed":0,"gold_gain":0,"player_choice":"Stole Relic","damage_taken":0,"relics_obtained":["Gremlin Horn"],"max_hp_gain":0,"max_hp_loss":0,"event_name":"Addict","floor":20,"gold_loss":0,"cards_obtained":["Shame"]},{"damage_healed":0,"gold_gain":0,"player_choice":"Obtained Book","damage_taken":16,"max_hp_gain":0,"max_hp_loss":0,"event_name":"Cursed Tome","floor":27,"gold_loss":0},{"damage_healed":0,"gold_gain":0,"player_choice":"Embrace Madness","damage_taken":9,"max_hp_gain":0,"max_hp_loss":0,"event_name":"Winding Halls","floor":36,"gold_loss":0,"cards_obtained":["Madness","Madness"]},{"cards_removed":["Escape Plan"],"damage_healed":0,"gold_gain":0,"player_choice":"Removed Skill","damage_taken":0,"max_hp_gain":0,"max_hp_loss":0,"event_name":"Falling","floor":41,"gold_loss":0},{"damage_healed":0,"gold_gain":0,"player_choice":"Paid","damage_taken":0,"relics_obtained":["Red Mask"],"max_hp_gain":0,"max_hp_loss":0,"event_name":"Tomb of Lord Red Mask","floor":42,"gold_loss":53},{"damage_healed":0,"gold_gain":0,"player_choice":"Memory 3","damage_taken":10,"max_hp_gain":0,"max_hp_loss":0,"event_name":"SensoryStone","floor":44,"gold_loss":0}],"is_beta":false,"boss_relics":[{"not_picked":["Velvet Choker","Snecko Eye"],"picked":"Sozu"},{"not_picked":["Eternal Feather","White Beast Statue"],"picked":"Lizard Tail"}],"items_purged_floors":[],"is_endless":true,"potions_floor_spawned":[6,7,13,18,23,47],"killed_by":"Transient","ascension_level":0}