{"gold_per_floor":[109,129,142,12,87,87,121,121,121,86,161,191,207,227,227,328,328,347,347,347,357,22,22,48,62,135,162,162,162,175,11,11,113,113,130,130,140,140,87,87,43,43,125,125,125,125,5,17,17,17],"floor_reached":51,"playtime":5261,"items_purged":[],"score":747,"play_id":"9e5154c7-7adc-4421-9db9-7210483ae3fe","local_time":"20190709041207","is_ascension_mode":true,"campfire_choices":[{"data":"Beam Cell","floor":6,"key":"SMITH"},{"floor":15,"key":"REST"},{"data":"Storm","floor":23,"key":"SMITH"},{"floor":28,"key":"REST"},{"data":"Double Energy","floor":32,"key":"SMITH"},{"data":"Loop","floor":40,"key":"SMITH"},{"data":"Defragment","floor":42,"key":"SMITH"},{"data":"Defragment","floor":44,"key":"SMITH"},{"data":"Storm","floor":49,"key":"SMITH"}],"neow_cost":"NONE","seed_source_timestamp":261201115667531,"circlet_count":0,"master_deck":["Defend_B","Defend_B","Defend_B","Defend_B","Zap","Dualcast","Purity","Go for the Eyes","Beam Cell+1","Conserve Battery","Melter","Leap","Hologram","Tempest","Conserve Battery","Loop","All For One","Defragment+1","Necronomicurse","Bite","Bite","Bite","Bite","Storm+1","FTL","Flash of Steel","Storm+1","Turbo","Loop+1","Loop+1","Double Energy+1","Multi-Cast","Steam+1","Secret Technique","Jack Of All Trades","Sadistic Nature","FTL","FTL","Defragment+1","Mind Blast","Shame","Doubt","Secret Technique","Hello World+1"],"relics":["Cracked Core","Cables","Ice Cream","Matryoshka","Happy Flower","Lizard Tail","Necronomicon","Membership Card","Orichalcum","Lantern","Potion Belt","Darkstone Periapt","Blue Candle","Dead Branch","Cursed Key","Singing Bowl","Sundial"],"potions_floor_usage":[16,16,24,24,27,33,48,50,50,50],"damage_taken":[{"damage":5,"enemies":"Cultist","floor":1,"turns":4},{"damage":1,"enemies":"2 Louse","floor":2,"turns":3},{"damage":10,"enemies":"Small Slimes","floor":3,"turns":3},{"damage":9,"enemies":"Lagavulin","floor":7,"turns":6},{"damage":26,"enemies":"3 Sentries","floor":12,"turns":6},{"damage":11,"enemies":"2 Fungi Beasts","floor":13,"turns":3},{"damage":0,"enemies":"Looter","floor":14,"turns":2},{"damage":10,"enemies":"The Guardian","floor":16,"turns":10},{"damage":25,"enemies":"3 Byrds","floor":18,"turns":6},{"damage":0,"enemies":"Spheric Guardian","floor":21,"turns":1},{"damage":0,"enemies":"Book of Stabbing","floor":24,"turns":4},{"damage":9,"enemies":"Centurion and Healer","floor":25,"turns":5},{"damage":34,"enemies":"Gremlin Leader","floor":27,"turns":7},{"damage":8,"enemies":"Snecko","floor":30,"turns":5},{"damage":41,"enemies":"Champ","floor":33,"turns":8},{"damage":6,"enemies":"3 Shapes","floor":35,"turns":4},{"damage":4,"enemies":"Orb Walker","floor":37,"turns":3},{"damage":1,"enemies":"Writhing Mass","floor":48,"turns":2},{"damage":55,"enemies":"Donu and Deca","floor":50,"turns":6}],"seed_played":"1877950228707241218","potions_obtained":[{"floor":1,"key":"Fire Potion"},{"floor":3,"key":"SpeedPotion"},{"floor":13,"key":"Weak Potion"},{"floor":21,"key":"SpeedPotion"},{"floor":25,"key":"Block Potion"},{"floor":27,"key":"AttackPotion"},{"floor":33,"key":"SpeedPotion"},{"floor":35,"key":"Energy Potion"},{"floor":48,"key":"Swift Potion"}],"is_trial":false,"path_per_floor":["M","M","M","$","?","R","E","?","T","?","?","E","M","M","R","B",null,"M","?","?","M","$","R","E","M","T","E","R","?","M","$","R","B",null,"M","?","M","?","$","R","$","R","T","R","?","?","$","M","R","B",null],"character_chosen":"DEFECT","items_purchased":["Melter","Leap","Membership Card","FTL","Flash of Steel","Orichalcum","Dead Branch","Double Energy","FTL","Defragment","Mind Blast","Secret Technique","PowerPotion"],"campfire_rested":2,"item_purchase_floors":[4,4,22,22,22,22,31,31,39,39,41,47,47],"current_hp_per_floor":[70,69,59,59,59,59,50,43,43,61,50,24,13,13,35,25,75,50,34,34,34,34,34,40,39,39,15,30,47,43,43,43,14,52,47,37,37,37,37,37,37,37,43,43,43,64,64,63,63,8],"gold":17,"neow_bonus":"RANDOM_COLORLESS","is_prod":false,"is_daily":false,"chose_seed":false,"campfire_upgraded":7,"win_rate":0,"timestamp":1562659927,"path_taken":["M","?","M","$","?","R","E","?","T","?","?","E","M","M","R","BOSS","M","?","?","M","$","R","E","M","T","E","R","?","M","?","R","BOSS","M","?","M","?","$","R","$","R","T","R","?","?","?","M","R","BOSS"],"build_version":"2019-07-05","purchased_purges":0,"victory":true,"max_hp_per_floor":[75,75,75,75,75,75,75,75,75,75,75,75,75,75,75,75,75,75,75,52,52,52,52,52,52,52,52,52,52,52,52,52,52,52,52,52,52,52,52,52,52,52,58,58,58,64,64,64,64,64],"card_choices":[{"not_picked":["Glacier","Ball Lightning"],"picked":"Go for the Eyes","floor":1},{"not_picked":["Redo","Double Energy"],"picked":"Beam Cell","floor":2},{"not_picked":["Steam","Beam Cell"],"picked":"Conserve Battery","floor":3},{"not_picked":["Leap","Thunder Strike"],"picked":"Hologram","floor":7},{"not_picked":["Machine Learning","Cold Snap"],"picked":"Tempest","floor":12},{"not_picked":["Storm","Hologram"],"picked":"Conserve Battery","floor":13},{"not_picked":["Beam Cell","Leap"],"picked":"Loop","floor":14},{"not_picked":["Reboot","Biased Cognition"],"picked":"All For One","floor":16},{"not_picked":["Redo","Hologram"],"picked":"Defragment","floor":18},{"not_picked":["Streamline","Cold Snap+1"],"picked":"Storm","floor":21},{"not_picked":["Melter","Recycle+1"],"picked":"Storm","floor":24},{"not_picked":["Stack","Rebound"],"picked":"Turbo","floor":25},{"not_picked":["Stack","Machine Learning"],"picked":"Loop","floor":27},{"not_picked":["Barrage+1","Compile Driver"],"picked":"Loop+1","floor":30},{"not_picked":["Echo Form","Machine Learning"],"picked":"Multi-Cast","floor":33},{"not_picked":["Leap","Cold Snap+1"],"picked":"Steam+1","floor":35},{"not_picked":["Blind","Dramatic Entrance"],"picked":"Secret Technique","floor":36},{"not_picked":["Enlightenment","Magnetism"],"picked":"Jack Of All Trades","floor":36},{"not_picked":["Jack Of All Trades","Forethought"],"picked":"Sadistic Nature","floor":36},{"not_picked":["Blizzard","Coolheaded"],"picked":"FTL","floor":37},{"not_picked":["Hologram+1","Cold Snap"],"picked":"Hello World+1","floor":48}],"player_experience":832587,"relics_obtained":[{"floor":7,"key":"Cables"},{"floor":9,"key":"Matryoshka"},{"floor":12,"key":"Happy Flower"},{"floor":19,"key":"Necronomicon"},{"floor":24,"key":"Lantern"},{"floor":26,"key":"Potion Belt"},{"floor":26,"key":"Darkstone Periapt"},{"floor":27,"key":"Blue Candle"},{"floor":43,"key":"Singing Bowl"},{"floor":43,"key":"Sundial"}],"event_choices":[{"damage_healed":0,"gold_gain":75,"player_choice":"Gained Gold","damage_taken":0,"max_hp_gain":0,"max_hp_loss":0,"event_name":"Golden Wing","floor":5,"gold_loss":0},{"damage_healed":0,"gold_gain":0,"player_choice":"Success","damage_taken":7,"relics_obtained":["Ice Cream"],"max_hp_gain":0,"max_hp_loss":0,"event_name":"Scrap Ooze","floor":8,"gold_loss":0},{"damage_healed":18,"gold_gain":0,"player_choice":"Healed","damage_taken":0,"max_hp_gain":0,"max_hp_loss":0,"event_name":"The Cleric","floor":10,"gold_loss":35},{"damage_healed":0,"gold_gain":75,"player_choice":"Gather Gold","damage_taken":11,"max_hp_gain":0,"max_hp_loss":0,"event_name":"World of Goop","floor":11,"gold_loss":0},{"damage_healed":0,"gold_gain":0,"player_choice":"Obtained Book","damage_taken":16,"max_hp_gain":0,"max_hp_loss":0,"event_name":"Cursed Tome","floor":19,"gold_loss":0},{"damage_healed":0,"gold_gain":0,"player_choice":"Became a vampire","damage_taken":0,"max_hp_gain":0,"max_hp_loss":23,"event_name":"Vampires","floor":20,"gold_loss":0,"cards_obtained":["Bite","Bite","Bite","Bite","Bite"]},{"damage_healed":17,"gold_gain":0,"player_choice":"Heal","damage_taken":0,"max_hp_gain":0,"max_hp_loss":0,"event_name":"The Library","floor":29,"gold_loss":0},{"damage_healed":0,"gold_gain":0,"player_choice":"Memory 3","damage_taken":10,"max_hp_gain":0,"max_hp_loss":0,"event_name":"SensoryStone","floor":36,"gold_loss":0},{"damage_healed":0,"gold_gain":0,"player_choice":"Ignored","damage_taken":0,"max_hp_gain":0,"max_hp_loss":0,"event_name":"Tomb of Lord Red Mask","floor":38,"gold_loss":0},{"cards_removed":["Bite"],"damage_healed":0,"gold_gain":0,"player_choice":"Removed Attack","damage_taken":0,"max_hp_gain":0,"max_hp_loss":0,"event_name":"Falling","floor":45,"gold_loss":0},{"damage_healed":15,"gold_gain":0,"player_choice":"Heal","damage_taken":0,"max_hp_gain":0,"max_hp_loss":0,"event_name":"MindBloom","floor":46,"gold_loss":0,"cards_obtained":["Doubt"]}],"is_beta":false,"boss_relics":[{"not_picked":["Philosopher\u0027s Stone","Coffee Dripper"],"picked":"Lizard Tail"},{"not_picked":["Velvet Choker","Snecko Eye"],"picked":"Cursed Key"}],"items_purged_floors":[],"is_endless":false,"potions_floor_spawned":[1,3,13,21,25,27,33,35,48],"ascension_level":1}