{"gold_per_floor":[114,114,189,264,264,264,279,294,294,294,294,294,469,484,484,584,584,599,15,15,0],"floor_reached":21,"playtime":834,"items_purged":[],"score":165,"play_id":"11479a8c-05db-4f43-9204-69fef4c2d766","local_time":"20181129043315","daily_mods":["Heirloom","Vintage","Lethality"],"is_ascension_mode":false,"campfire_choices":[{"data":"Berserk","floor":6,"key":"SMITH"},{"data":"Strike_R","floor":15,"key":"SMITH"}],"neow_cost":"","seed_source_timestamp":0,"circlet_count":0,"master_deck":["Strike_R","Strike_R","Strike_R+1","Defend_R","Defend_R","Defend_R","Defend_R","Bash+1","Berserk+1","Doubt","Barricade","Magnetism","Bloodletting+1"],"special_seed":17864,"relics":["Burning Blood","Champion Belt","Juzu Bracelet","Art of War","Sundial","Smiling Mask","PreservedInsect","Letter Opener","Question Card","Toxic Egg 2","Eternal Feather","Regal Pillow","Blue Candle","Vajra"],"potions_floor_usage":[14,16,16,16],"damage_taken":[{"damage":0,"enemies":"Small Slimes","floor":1,"turns":2},{"damage":10,"enemies":"Jaw Worm","floor":7,"turns":3},{"damage":0,"enemies":"Cultist","floor":8,"turns":3},{"damage":21,"enemies":"Gremlin Gang","floor":14,"turns":4},{"damage":43,"enemies":"Slime Boss","floor":16,"turns":10},{"damage":64,"enemies":"Spheric Guardian","floor":18,"turns":6},{"damage":22,"enemies":"2 Thieves","floor":21,"turns":1}],"seed_played":"-1070048214907055713","potions_obtained":[{"floor":7,"key":"Poison Potion"},{"floor":10,"key":"Fire Potion"},{"floor":10,"key":"Strength Potion"},{"floor":14,"key":"Dexterity Potion"}],"is_trial":false,"path_per_floor":["M","?","?","T","?","R","M","M","T","?","?","?","?","M","R","B",null,"M","$","?","M"],"character_chosen":"IRONCLAD","items_purchased":["Blue Candle","Magnetism","Vajra"],"campfire_rested":0,"item_purchase_floors":[19,19,19],"current_hp_per_floor":[80,77,66,66,66,66,62,68,68,68,68,68,68,53,53,16,80,22,22,22,0],"gold":0,"neow_bonus":"","is_prod":false,"is_daily":true,"chose_seed":false,"campfire_upgraded":2,"win_rate":0,"timestamp":1543483995,"path_taken":["M","?","?","?","?","R","M","M","T","?","?","?","?","M","R","BOSS","M","$","?","M"],"build_version":"2018-11-15","purchased_purges":0,"victory":false,"max_hp_per_floor":[80,80,80,80,80,80,80,80,80,80,80,80,80,80,80,80,80,80,80,80,80],"card_choices":[{"not_picked":["Feed","Brutality","Demon Form"],"picked":"Barricade","floor":16}],"player_experience":496984,"relics_obtained":[{"floor":1,"key":"Juzu Bracelet"},{"floor":4,"key":"Sundial"},{"floor":7,"key":"Smiling Mask"},{"floor":8,"key":"PreservedInsect"},{"floor":9,"key":"Letter Opener"},{"floor":12,"key":"Question Card"},{"floor":14,"key":"Toxic Egg 2"},{"floor":18,"key":"Regal Pillow"}],"event_choices":[{"damage_healed":0,"gold_gain":0,"player_choice":"Success","damage_taken":3,"relics_obtained":["Art of War"],"max_hp_gain":0,"max_hp_loss":0,"event_name":"Scrap Ooze","floor":2,"gold_loss":0},{"damage_healed":0,"gold_gain":75,"player_choice":"Gather Gold","damage_taken":11,"max_hp_gain":0,"max_hp_loss":0,"event_name":"World of Goop","floor":3,"gold_loss":0},{"damage_healed":0,"gold_gain":0,"cards_transformed":["Strike_R"],"player_choice":"Transformed","damage_taken":0,"max_hp_gain":0,"max_hp_loss":0,"event_name":"Transmorgrifier","floor":5,"gold_loss":0,"cards_obtained":["Berserk"]},{"damage_healed":0,"gold_gain":0,"player_choice":"Got Potions","damage_taken":0,"max_hp_gain":0,"max_hp_loss":0,"event_name":"Lab","floor":10,"gold_loss":0},{"damage_healed":0,"gold_gain":0,"player_choice":"Grow","damage_taken":0,"max_hp_gain":0,"max_hp_loss":0,"event_name":"Living Wall","floor":11,"gold_loss":0,"cards_upgraded":["Bash"]},{"damage_healed":0,"gold_gain":0,"player_choice":"Relic","damage_taken":0,"max_hp_gain":0,"max_hp_loss":0,"event_name":"Wheel of Change","floor":12,"gold_loss":0},{"damage_healed":0,"gold_gain":175,"player_choice":"AGREE","damage_taken":0,"max_hp_gain":0,"max_hp_loss":0,"event_name":"Liars Game","floor":13,"gold_loss":0,"cards_obtained":["Doubt"]},{"damage_healed":0,"gold_gain":0,"cards_transformed":["Strike_R"],"player_choice":"Transformed","damage_taken":0,"max_hp_gain":0,"max_hp_loss":0,"event_name":"Transmorgrifier","floor":20,"gold_loss":0,"cards_obtained":["Bloodletting"]}],"is_beta":false,"boss_relics":[{"not_picked":["Runic Pyramid","Cursed Key"],"picked":"Eternal Feather"}],"items_purged_floors":[],"is_endless":false,"potions_floor_spawned":[7,14],"killed_by":"2 Thieves","ascension_level":0}