{"gold_per_floor":[112,112,132,145,155,155,182,182,182,194,194,212,227,245,245,349,349,363,363],"floor_reached":19,"playtime":2172,"items_purged":[],"score":173,"play_id":"12c5b9d4-7f33-4c4a-8dbc-fa7caa929f6b","local_time":"20190708194915","is_ascension_mode":false,"campfire_choices":[{"floor":6.0,"key":"REST"},{"data":"Strike_R","floor":8.0,"key":"SMITH"},{"floor":11.0,"key":"REST"},{"floor":15.0,"key":"REST"}],"neow_cost":"NONE","seed_source_timestamp":341773394204882,"circlet_count":0,"master_deck":["Strike_R","Strike_R","Strike_R+1","Strike_R","Strike_R","Defend_R","Defend_R","Defend_R","Defend_R","Bash","Shrug It Off","Feel No Pain","Feel No Pain","Flex","Perfected Strike","Intimidate","Carnage","Ghostly Armor","Iron Wave","Feed","Whirlwind"],"special_seed":0,"relics":["Burning Blood","Pen Nib","Question Card","Dodecahedron","Black Star"],"potions_floor_usage":[],"damage_taken":[{"damage":0.0,"enemies":"Small Slimes","floor":1.0,"turns":3.0},{"damage":9.0,"enemies":"Cultist","floor":3.0,"turns":6.0},{"damage":0.0,"enemies":"2 Louse","floor":4.0,"turns":3.0},{"damage":10.0,"enemies":"Blue Slaver","floor":5.0,"turns":6.0},{"damage":46.0,"enemies":"Lagavulin","floor":7.0,"turns":9.0},{"damage":14.0,"enemies":"Exordium Thugs","floor":10.0,"turns":4.0},{"damage":7.0,"enemies":"Looter","floor":12.0,"turns":4.0},{"damage":16.0,"enemies":"Large Slime","floor":13.0,"turns":5.0},{"damage":13.0,"enemies":"Lots of Slimes","floor":14.0,"turns":4.0},{"damage":76.0,"enemies":"Slime Boss","floor":16.0,"turns":17.0},{"damage":29.0,"enemies":"Chosen","floor":18.0,"turns":5.0},{"damage":60,"enemies":"Masked Bandits","floor":19,"turns":6}],"seed_played":"-8754259334875237869","potions_obtained":[{"floor":0.0,"key":"SteroidPotion"},{"floor":0.0,"key":"BloodPotion"},{"floor":0.0,"key":"Fire Potion"},{"floor":13.0,"key":"SteroidPotion"},{"floor":16.0,"key":"Ancient Potion"},{"floor":18.0,"key":"Energy Potion"}],"is_trial":false,"path_per_floor":["M","?","M","M","M","R","E","R","T","M","R","M","M","M","R","B",null,"M","?"],"character_chosen":"IRONCLAD","items_purchased":[],"campfire_rested":3,"item_purchase_floors":[],"current_hp_per_floor":[80,80,77,80,76,80,40,40,40,32,56,55,45,38,62,12,80,57,0],"gold":363,"neow_bonus":"THREE_SMALL_POTIONS","is_prod":false,"is_daily":false,"chose_seed":false,"campfire_upgraded":1,"win_rate":0.0,"timestamp":1562651355,"path_taken":["M","?","?","M","M","R","E","R","T","M","R","M","M","M","R","BOSS","M","?"],"build_version":"2019-07-05","purchased_purges":0,"victory":false,"max_hp_per_floor":[80,80,80,80,80,80,80,80,80,80,80,80,80,80,80,80,80,80,83],"card_choices":[{"not_picked":["Fire Breathing","Power Through"],"picked":"Shrug It Off","floor":1.0},{"not_picked":["Clothesline","Headbutt"],"picked":"Feel No Pain","floor":3.0},{"not_picked":["Reckless Charge","Hemokinesis"],"picked":"Feel No Pain","floor":4.0},{"not_picked":["Warcry","Entrench"],"picked":"Flex","floor":5.0},{"not_picked":["Headbutt","Reckless Charge"],"picked":"Perfected Strike","floor":7.0},{"not_picked":["Thunderclap","Pommel Strike","True Grit"],"picked":"Intimidate","floor":10.0},{"not_picked":["Perfected Strike","Clash","Offering"],"picked":"Carnage","floor":12.0},{"not_picked":["Twin Strike","Body Slam","Hemokinesis"],"picked":"Ghostly Armor","floor":13.0},{"not_picked":["Intimidate","Inflame","Flex"],"picked":"Iron Wave","floor":14.0},{"not_picked":["Fiend Fire","Offering","Berserk"],"picked":"Feed","floor":16.0},{"not_picked":["Rage","Reckless Charge+1","Perfected Strike"],"picked":"Whirlwind","floor":18.0}],"player_experience":5273,"relics_obtained":[{"floor":2.0,"key":"Pen Nib"},{"floor":7.0,"key":"Question Card"},{"floor":9.0,"key":"Dodecahedron"}],"event_choices":[{"damage_healed":0.0,"max_hp_gain":0.0,"max_hp_loss":0.0,"gold_gain":0.0,"event_name":"Wheel of Change","player_choice":"Relic","floor":2.0,"gold_loss":0.0,"damage_taken":0.0},{"damage_healed":0,"gold_gain":0,"player_choice":"Fought Bandits","damage_taken":0,"max_hp_gain":0,"max_hp_loss":0,"event_name":"Masked Bandits","floor":19,"gold_loss":0}],"is_beta":false,"boss_relics":[{"not_picked":["Astrolabe","Coffee Dripper"],"picked":"Black Star"}],"items_purged_floors":[],"is_endless":false,"potions_floor_spawned":[1,3,5,13,16,18],"killed_by":"Masked Bandits","ascension_level":0}