{"gold_per_floor":[110,128,144,144,160,160,186,186,186,200,219,232,232,256,256,256],"floor_reached":16,"playtime":1035,"items_purged":[],"score":208,"play_id":"a2df6a22-432b-4319-85ae-47876e7e2e1e","local_time":"20190616173515","is_ascension_mode":true,"campfire_choices":[{"data":"Infinite Blades","floor":6.0,"key":"SMITH"},{"floor":8.0,"key":"REST"},{"floor":13,"key":"REST"},{"floor":15,"key":"REST"}],"neow_cost":"CURSE","seed_source_timestamp":313722654178980,"circlet_count":0,"master_deck":["AscendersBane","Defend_G","Defend_G","Defend_G","Defend_G","Defend_G","Strike_G","Strike_G","Strike_G","Strike_G","Survivor","Neutralize","Shame","Cloak And Dagger","Infinite Blades+1","Backflip","Calculated Gamble","Dagger Spray","Prepared","Tools of the Trade","Dagger Throw","Escape Plan"],"special_seed":0,"relics":["Ring of the Snake","Tough Bandages","Pantograph","Bird Faced Urn","Regal Pillow"],"potions_floor_usage":[],"damage_taken":[{"damage":4.0,"enemies":"Jaw Worm","floor":1.0,"turns":7.0},{"damage":0.0,"enemies":"Cultist","floor":2.0,"turns":4.0},{"damage":2.0,"enemies":"Small Slimes","floor":3.0,"turns":5.0},{"damage":7.0,"enemies":"Exordium Wildlife","floor":5.0,"turns":5.0},{"damage":34.0,"enemies":"Lagavulin","floor":7.0,"turns":8.0},{"damage":10.0,"enemies":"3 Louse","floor":10.0,"turns":4.0},{"damage":4,"enemies":"2 Fungi Beasts","floor":11,"turns":5},{"damage":12,"enemies":"Lots of Slimes","floor":12,"turns":4},{"damage":66,"enemies":"The Guardian","floor":16,"turns":15}],"seed_played":"-3056331877248373170","potions_obtained":[{"floor":2.0,"key":"Strength Potion"},{"floor":11,"key":"Dexterity Potion"},{"floor":12,"key":"FearPotion"}],"is_trial":false,"path_per_floor":["M","M","M","?","M","R","E","R","T","M","M","M","R","T","R","B"],"character_chosen":"THE_SILENT","items_purchased":[],"campfire_rested":3,"item_purchase_floors":[],"current_hp_per_floor":[55,55,53,53,46,46,12,31,31,23,23,15,34,34,66,0],"gold":256,"neow_bonus":"ONE_RARE_RELIC","is_prod":false,"is_daily":false,"chose_seed":false,"campfire_upgraded":1,"win_rate":0,"timestamp":1560731715,"path_taken":["M","M","M","?","M","R","E","R","T","M","M","M","R","?","R","BOSS"],"build_version":"2019-01-23","purchased_purges":0,"victory":false,"max_hp_per_floor":[66,66,66,66,66,66,66,66,66,66,66,66,66,66,66,66],"card_choices":[{"not_picked":["Slice","Dagger Spray"],"picked":"Cloak And Dagger","floor":1.0},{"not_picked":["Caltrops","Flying Knee"],"picked":"Infinite Blades","floor":2.0},{"not_picked":["Blade Dance","Deadly Poison"],"picked":"Backflip","floor":3.0},{"not_picked":["Poisoned Stab","Skewer"],"picked":"Dagger Spray","floor":5.0},{"not_picked":["Concentrate","Underhanded Strike"],"picked":"Prepared","floor":7.0},{"not_picked":["Footwork","Deadly Poison"],"picked":"Tools of the Trade","floor":10.0},{"not_picked":["Flechettes","Deadly Poison"],"picked":"Dagger Throw","floor":11},{"not_picked":["Dodge and Roll","Concentrate"],"picked":"Escape Plan","floor":12}],"player_experience":835963,"relics_obtained":[{"floor":7.0,"key":"Pantograph"},{"floor":9.0,"key":"Bird Faced Urn"},{"floor":14,"key":"Regal Pillow"}],"event_choices":[{"damage_healed":0.0,"max_hp_gain":0.0,"max_hp_loss":0.0,"gold_gain":0.0,"cards_transformed":["Strike_G"],"event_name":"Transmorgrifier","player_choice":"Transformed","floor":4.0,"gold_loss":0.0,"damage_taken":0.0,"cards_obtained":["Calculated Gamble"]}],"is_beta":false,"boss_relics":[],"items_purged_floors":[],"is_endless":false,"potions_floor_spawned":[2,11,12],"killed_by":"The Guardian","ascension_level":20}