{"gold_per_floor":[114,189,189,204,204,204,219,234,259,22,37,67,82,112,112,212,242,257,272,272,26,26],"floor_reached":22,"playtime":2602,"items_purged":[],"score":246,"play_id":"f17f56c4-1afc-4656-be85-be0e1f04e834","local_time":"20181024085353","daily_mods":["Shiny","ControlledChaos","DeadlyEvents"],"is_ascension_mode":false,"campfire_choices":[{"data":"Barricade","floor":6,"key":"SMITH"},{"floor":15,"key":"REST"}],"neow_cost":"","seed_source_timestamp":0,"circlet_count":0,"master_deck":["Double Tap","Demon Form","Bludgeon+1","Feed","Limit Break","Barricade+1","Dark Embrace","Berserk","Impervious","Juggernaut","Brutality","Reaper","Exhume","Offering","Immolate","Flex","Ghostly Armor","Evolve","Body Slam+1","Bandage Up","Flame Barrier","Feed","Feel No Pain","Iron Wave","Exhume","Shame","Pain","Shame","Rage","Iron Wave+1","Bite","Bite","Bite","Bite","Bite","Metamorphosis","Sword Boomerang","Clash"],"special_seed":17828,"relics":["Burning Blood","Frozen Eye","PreservedInsect","Orichalcum","Oddly Smooth Stone","Whetstone","Calling Bell","Tiny Chest","Self Forming Clay","Champion Belt"],"potions_floor_usage":[12,16],"damage_taken":[{"damage":22,"enemies":"Jaw Worm","floor":1,"turns":3},{"damage":14,"enemies":"Small Slimes","floor":4,"turns":4},{"damage":22,"enemies":"Cultist","floor":7,"turns":4},{"damage":45,"enemies":"Exordium Wildlife","floor":8,"turns":4},{"damage":13,"enemies":"2 Fungi Beasts","floor":11,"turns":5},{"damage":16,"enemies":"3 Sentries","floor":12,"turns":4},{"damage":6,"enemies":"Looter","floor":13,"turns":2},{"damage":36,"enemies":"Gremlin Nob","floor":14,"turns":5},{"damage":68,"enemies":"Hexaghost","floor":16,"turns":10},{"damage":16,"enemies":"2 Thieves","floor":18,"turns":3},{"damage":32,"enemies":"Shell Parasite","floor":19,"turns":4},{"damage":85,"enemies":"Book of Stabbing","floor":22,"turns":4}],"seed_played":"1393091193090415519","potions_obtained":[{"floor":4,"key":"SpeedPotion"},{"floor":7,"key":"Strength Potion"},{"floor":13,"key":"Fire Potion"},{"floor":16,"key":"EssenceOfSteel"},{"floor":18,"key":"FearPotion"}],"is_trial":false,"path_per_floor":["M","?","?","M","?","R","M","M","T","$","M","E","M","E","R","B",null,"M","M","?","$"],"character_chosen":"IRONCLAD","items_purchased":["Bandage Up","Orichalcum","Metamorphosis","Sword Boomerang","Clash"],"campfire_rested":1,"item_purchase_floors":[10,10,21,21,21],"current_hp_per_floor":[64,53,90,88,88,88,78,44,44,44,48,60,67,41,69,15,96,89,71,69,69,0],"gold":26,"neow_bonus":"","is_prod":false,"is_daily":true,"chose_seed":false,"campfire_upgraded":1,"win_rate":0,"timestamp":1540385633,"path_taken":["M","?","?","M","?","R","?","M","T","$","M","?","M","?","R","BOSS","M","M","?","?","?"],"build_version":"2018-10-18","purchased_purges":0,"victory":false,"max_hp_per_floor":[80,80,90,90,90,90,90,90,90,90,93,93,96,96,96,96,96,99,99,69,69,69],"card_choices":[{"not_picked":["True Grit","Thunderclap"],"picked":"Flex","floor":1},{"not_picked":["Whirlwind","Spot Weakness"],"picked":"Ghostly Armor","floor":4},{"not_picked":["Power Through","Dropkick"],"picked":"Evolve","floor":7},{"not_picked":["Intimidate","Havoc"],"picked":"Body Slam","floor":8},{"not_picked":["Second Wind","Disarm"],"picked":"Flame Barrier","floor":11},{"not_picked":["Demon Form","Warcry"],"picked":"Feed","floor":12},{"not_picked":["Flex","Rage"],"picked":"Feel No Pain","floor":13},{"not_picked":["Combust","Clash"],"picked":"Iron Wave","floor":14},{"not_picked":["Impervious","Berserk"],"picked":"Exhume","floor":16},{"not_picked":["Disarm","Havoc"],"picked":"Rage","floor":18},{"not_picked":["Headbutt","Armaments"],"picked":"Iron Wave+1","floor":19}],"player_experience":448573,"relics_obtained":[{"floor":9,"key":"PreservedInsect"},{"floor":12,"key":"Oddly Smooth Stone"},{"floor":14,"key":"Whetstone"},{"floor":17,"key":"Tiny Chest"},{"floor":17,"key":"Self Forming Clay"},{"floor":17,"key":"Champion Belt"}],"event_choices":[{"damage_healed":0,"gold_gain":75,"player_choice":"Gather Gold","damage_taken":11,"max_hp_gain":0,"max_hp_loss":0,"event_name":"World of Goop","floor":2,"gold_loss":0},{"cards_removed":["Fiend Fire"],"damage_healed":27,"gold_gain":0,"player_choice":"Offered Rare","damage_taken":0,"max_hp_gain":10,"max_hp_loss":0,"event_name":"Bonfire Elementals","floor":3,"gold_loss":0},{"damage_healed":0,"gold_gain":0,"player_choice":"Leave","damage_taken":0,"max_hp_gain":0,"max_hp_loss":0,"event_name":"The Cleric","floor":5,"gold_loss":0},{"damage_healed":0,"gold_gain":0,"player_choice":"Became a vampire","damage_taken":0,"max_hp_gain":0,"max_hp_loss":30,"event_name":"Vampires","floor":20,"gold_loss":0,"cards_obtained":["Bite","Bite","Bite","Bite","Bite"]}],"is_beta":false,"boss_relics":[{"not_picked":["Snecko Eye","Busted Crown"],"picked":"Calling Bell"}],"items_purged_floors":[],"is_endless":false,"potions_floor_spawned":[4,7,13,16,18],"killed_by":"Book of Stabbing","ascension_level":0}