{"gold_per_floor":[118,128,144,144,69,101,0,32,57,57,73,92,92,125,125,223,223,235,245,245,259,279,279,293,305,328,50,81,81,97,113,113,113],"floor_reached":33,"playtime":5705,"items_purged":["Strike_B"],"score":375,"play_id":"4852e3e7-c99e-4208-b2bd-f34776a12f8d","local_time":"20190710221018","is_ascension_mode":true,"campfire_choices":[{"data":"Biased Cognition","floor":15,"key":"SMITH"},{"data":"Defragment","floor":23,"key":"SMITH"},{"data":"Defragment","floor":29,"key":"SMITH"},{"data":"Chill","floor":32,"key":"SMITH"}],"neow_cost":"TEN_PERCENT_HP_LOSS","seed_source_timestamp":34287122952100,"circlet_count":0,"master_deck":["Strike_B","Strike_B","Strike_B+1","Defend_B","Defend_B","Defend_B","Defend_B","Zap","Dualcast","Biased Cognition+1","Hologram","Cold Snap","Defragment+1","Cold Snap+1","Go for the Eyes","Defragment+1","Biased Cognition+1","FTL","Genetic Algorithm+1","Chill+1","Force Field","Force Field+1","Hologram"],"relics":["Cracked Core","Happy Flower","Whetstone","Ornamental Fan","Sozu","MutagenicStrength","Oddly Smooth Stone","Runic Capacitor","Singing Bowl"],"potions_floor_usage":[16,21],"damage_taken":[{"damage":0,"enemies":"Cultist","floor":1,"turns":2},{"damage":0,"enemies":"2 Louse","floor":2,"turns":3},{"damage":7,"enemies":"Jaw Worm","floor":3,"turns":4},{"damage":29,"enemies":"Gremlin Nob","floor":6,"turns":5},{"damage":4,"enemies":"3 Sentries","floor":8,"turns":9},{"damage":0,"enemies":"Blue Slaver","floor":11,"turns":4},{"damage":5,"enemies":"3 Louse","floor":12,"turns":3},{"damage":0,"enemies":"Gremlin Nob","floor":14,"turns":4},{"damage":7,"enemies":"Hexaghost","floor":16,"turns":8},{"damage":0,"enemies":"Shell Parasite","floor":18,"turns":5},{"damage":0,"enemies":"Spheric Guardian","floor":19,"turns":4},{"damage":1,"enemies":"Snecko","floor":21,"turns":4},{"damage":13,"enemies":"Centurion and Healer","floor":22,"turns":6},{"damage":9,"enemies":"3 Cultists","floor":24,"turns":4},{"damage":0,"enemies":"Sentry and Sphere","floor":25,"turns":5},{"damage":0,"enemies":"Gremlin Leader","floor":28,"turns":6},{"damage":1,"enemies":"Shelled Parasite and Fungi","floor":30,"turns":4},{"damage":0,"enemies":"3 Cultists","floor":31,"turns":6},{"damage":48,"enemies":"Automaton","floor":33,"turns":16}],"seed_played":"6075938420545544951","potions_obtained":[{"floor":2,"key":"SmokeBomb"},{"floor":8,"key":"Strength Potion"},{"floor":11,"key":"Dexterity Potion"},{"floor":14,"key":"PowerPotion"}],"is_trial":false,"path_per_floor":["M","M","M","?","$","E","$","E","T","$","M","M","?","E","R","B",null,"M","M","?","M","M","R","M","M","T","$","E","R","M","M","R","B"],"character_chosen":"DEFECT","items_purchased":["Go for the Eyes","Defragment","Runic Capacitor","Chill"],"campfire_rested":0,"item_purchase_floors":[7,7,27,27],"current_hp_per_floor":[68,68,61,61,61,32,32,28,28,28,28,23,23,23,23,16,68,68,68,68,67,54,54,45,45,45,45,45,45,44,44,44,0],"gold":113,"neow_bonus":"THREE_RARE_CARDS","is_prod":false,"is_daily":false,"chose_seed":false,"campfire_upgraded":4,"win_rate":0,"timestamp":1562789418,"path_taken":["M","M","?","?","$","E","?","E","T","$","?","M","?","E","R","BOSS","M","M","?","M","M","R","M","M","T","$","E","R","M","M","R","BOSS"],"build_version":"2019-07-05","purchased_purges":1,"victory":false,"max_hp_per_floor":[68,68,68,68,68,68,68,68,68,68,68,68,68,68,68,68,68,68,68,68,68,68,68,68,68,68,68,68,68,68,68,68,68],"card_choices":[{"not_picked":["All For One","Machine Learning"],"picked":"Biased Cognition","floor":0},{"not_picked":["Go for the Eyes","Beam Cell"],"picked":"Hologram","floor":1},{"not_picked":["Streamline","Hologram"],"picked":"Cold Snap","floor":2},{"not_picked":["Loop","Conserve Battery"],"picked":"Defragment","floor":3},{"not_picked":["Consume","Aggregate"],"picked":"Cold Snap","floor":6},{"not_picked":["Compile Driver","Steam","Go for the Eyes"],"picked":"SKIP","floor":8},{"not_picked":["Streamline","Beam Cell"],"picked":"Biased Cognition","floor":11},{"not_picked":["Streamline","Go for the Eyes","Leap"],"picked":"SKIP","floor":12},{"not_picked":["Beam Cell","Steam Power","Cold Snap"],"picked":"SKIP","floor":14},{"not_picked":["BootSequence","Gash","Hologram"],"picked":"SKIP","floor":18},{"not_picked":["Static Discharge","Aggregate","Fusion"],"picked":"SKIP","floor":19},{"not_picked":["Gash","Beam Cell","Aggregate"],"picked":"SKIP","floor":21},{"not_picked":["Gash","Consume","Compile Driver+1"],"picked":"SKIP","floor":22},{"not_picked":["Gash","Consume","Compile Driver+1"],"picked":"SKIP","floor":22},{"not_picked":["Leap","Sweeping Beam"],"picked":"FTL","floor":24},{"not_picked":["Auto Shields","Redo"],"picked":"Genetic Algorithm+1","floor":25},{"not_picked":["Ball Lightning+1","Barrage"],"picked":"Force Field","floor":28},{"not_picked":["Reprogram","Auto Shields+1"],"picked":"Force Field+1","floor":30},{"not_picked":["Ball Lightning","Sweeping Beam"],"picked":"Hologram","floor":31}],"player_experience":145785,"relics_obtained":[{"floor":6,"key":"Happy Flower"},{"floor":8,"key":"Whetstone"},{"floor":14,"key":"Ornamental Fan"},{"floor":26,"key":"Oddly Smooth Stone"},{"floor":28,"key":"Singing Bowl"}],"event_choices":[{"damage_healed":0,"gold_gain":0,"player_choice":"Leave","damage_taken":0,"max_hp_gain":0,"max_hp_loss":0,"event_name":"FaceTrader","floor":4,"gold_loss":0},{"damage_healed":0,"gold_gain":0,"player_choice":"Grow","damage_taken":0,"max_hp_gain":0,"max_hp_loss":0,"event_name":"Living Wall","floor":13,"gold_loss":0,"cards_upgraded":["Biased Cognition"]},{"damage_healed":0,"gold_gain":0,"player_choice":"Inject Mutagens","damage_taken":0,"relics_obtained":["MutagenicStrength"],"max_hp_gain":0,"max_hp_loss":0,"event_name":"Drug Dealer","floor":20,"gold_loss":0}],"is_beta":false,"boss_relics":[{"not_picked":["Runic Dome","Calling Bell"],"picked":"Sozu"}],"items_purged_floors":[5],"is_endless":false,"potions_floor_spawned":[2,8,11,14,19,22,28,30,31],"killed_by":"Automaton","ascension_level":2}