{"gold_per_floor":[111,122,42,42,342,342,355,355,355,385,385,416,426,438,438,438],"floor_reached":16,"playtime":668,"items_purged":[],"score":138,"play_id":"8388dddd-3dab-47a4-a254-d3244a54838e","local_time":"20190709130744","is_ascension_mode":true,"campfire_choices":[{"data":"Limit Break","floor":6,"key":"SMITH"},{"data":"Inflame","floor":8,"key":"SMITH"},{"data":"Entrench","floor":15,"key":"SMITH"}],"neow_cost":"CURSE","seed_source_timestamp":356011957162789,"circlet_count":0,"master_deck":["Strike_R","Strike_R","Strike_R","Defend_R","Defend_R","Defend_R","Defend_R","Bash","Parasite","Sword Boomerang","Limit Break+1","Entrench+1","Inflame+1","Madness","Armaments","Shockwave","Shrug It Off","Feed"],"relics":["Burning Blood","Old Coin","Boot","Shovel","Prayer Wheel"],"potions_floor_usage":[12,16,16],"damage_taken":[{"damage":3,"enemies":"Small Slimes","floor":1,"turns":4},{"damage":6,"enemies":"Cultist","floor":2,"turns":3},{"damage":8,"enemies":"Jaw Worm","floor":7,"turns":4},{"damage":25,"enemies":"Lagavulin","floor":10,"turns":5},{"damage":38,"enemies":"Gremlin Nob","floor":12,"turns":5},{"damage":5,"enemies":"Exordium Thugs","floor":13,"turns":5},{"damage":4,"enemies":"Blue Slaver","floor":14,"turns":4},{"damage":56,"enemies":"Slime Boss","floor":16,"turns":8}],"seed_played":"2812902873385713402","potions_obtained":[{"floor":1,"key":"EssenceOfSteel"},{"floor":12,"key":"AttackPotion"},{"floor":14,"key":"BloodPotion"}],"is_trial":false,"path_per_floor":["M","M","$","?","?","R","M","R","T","E","?","E","M","M","R","B"],"character_chosen":"IRONCLAD","items_purchased":["Inflame"],"campfire_rested":0,"item_purchase_floors":[3],"current_hp_per_floor":[80,80,80,80,73,73,71,71,71,52,52,20,21,23,23,0],"gold":438,"neow_bonus":"TRANSFORM_TWO_CARDS","is_prod":false,"is_daily":false,"chose_seed":false,"campfire_upgraded":3,"win_rate":0,"timestamp":1562692064,"path_taken":["M","M","$","?","?","R","M","R","T","E","?","E","M","?","R","BOSS"],"build_version":"2019-07-05","purchased_purges":0,"victory":false,"max_hp_per_floor":[80,80,80,80,80,80,80,80,80,80,80,80,80,80,80,80],"card_choices":[{"not_picked":["Warcry","Clothesline"],"picked":"Entrench","floor":1},{"not_picked":["Bloodletting","Hemokinesis","Flex"],"picked":"SKIP","floor":2},{"not_picked":["Fire Breathing","Heavy Blade","True Grit"],"picked":"SKIP","floor":7},{"not_picked":["Power Through","Armaments","Havoc"],"picked":"SKIP","floor":10},{"not_picked":["Perfected Strike","Double Tap"],"picked":"Shockwave","floor":12},{"not_picked":["Thunderclap","Sword Boomerang"],"picked":"Shrug It Off","floor":13},{"not_picked":["Clothesline","Clash","Rampage"],"picked":"SKIP","floor":13},{"not_picked":["Headbutt","Havoc"],"picked":"Feed","floor":14},{"not_picked":["Twin Strike","Thunderclap","Wild Strike"],"picked":"SKIP","floor":14}],"player_experience":233135,"relics_obtained":[{"floor":9,"key":"Boot"},{"floor":10,"key":"Shovel"},{"floor":12,"key":"Prayer Wheel"}],"event_choices":[{"damage_healed":0,"gold_gain":0,"player_choice":"Ignored","damage_taken":0,"max_hp_gain":0,"max_hp_loss":0,"event_name":"Liars Game","floor":4,"gold_loss":0},{"damage_healed":0,"gold_gain":0,"player_choice":"Success","damage_taken":7,"relics_obtained":["Old Coin"],"max_hp_gain":0,"max_hp_loss":0,"event_name":"Scrap Ooze","floor":5,"gold_loss":0},{"damage_healed":0,"gold_gain":0,"player_choice":"2 cards matched","damage_taken":0,"max_hp_gain":0,"max_hp_loss":0,"event_name":"Match and Keep!","floor":11,"gold_loss":0,"cards_obtained":["Madness","Armaments"]}],"is_beta":false,"boss_relics":[],"items_purged_floors":[],"is_endless":false,"potions_floor_spawned":[1,12,14],"killed_by":"Slime Boss","ascension_level":5}