{"gold_per_floor":[113,131,131,146,0,34,34,34,57,57,57,121,121,164,164,285,285,308,6,6,29,29,60,74,74,74,87,87,110,110,131,131,250,250,266,266,291,291,338,338,351,69,96,44,59,59,94,94],"floor_reached":48,"playtime":3345,"items_purged":["Strike_R","Strike_R","Doubt"],"score":521,"play_id":"b2ab5d3a-f4ca-47ff-b304-a1d155044a27","local_time":"20190710130045","is_ascension_mode":false,"campfire_choices":[{"floor":7,"key":"REST"},{"data":"Bash","floor":11,"key":"SMITH"},{"floor":13,"key":"REST"},{"data":"Heavy Blade","floor":15,"key":"SMITH"},{"data":"Metallicize","floor":25,"key":"SMITH"},{"floor":30,"key":"REST"},{"data":"Armaments","floor":32,"key":"SMITH"},{"floor":40,"key":"REST"},{"data":"Double Tap","floor":46,"key":"SMITH"}],"neow_cost":"NONE","seed_source_timestamp":2055630576710300,"circlet_count":0,"master_deck":["Strike_R","Strike_R","Strike_R","Defend_R","Defend_R+1","Defend_R","Defend_R+1","Bash+1","Madness","Inflame","Heavy Blade+1","Pommel Strike+1","Twin Strike+1","Carnage","Feed","Power Through","Armaments+1","Metallicize+1","Twin Strike","Metallicize+1","Shrug It Off","Iron Wave","Shrug It Off+1","Juggernaut","Normality","Uppercut+1","Double Tap+1","Parasite","Demon Form"],"relics":["Burning Blood","War Paint","Golden Idol","Vajra","Tiny Chest","Paper Frog","Cursed Key","Anchor","StoneCalendar","Eternal Feather","Ornamental Fan","Dream Catcher","Potion Belt","Blood Vial"],"potions_floor_usage":[6,12,16,27,33,33,33,45,47,47,47],"damage_taken":[{"damage":1,"enemies":"2 Louse","floor":1,"turns":4},{"damage":0,"enemies":"Small Slimes","floor":2,"turns":4},{"damage":1,"enemies":"Jaw Worm","floor":4,"turns":3},{"damage":39,"enemies":"Gremlin Nob","floor":6,"turns":5},{"damage":23,"enemies":"Lagavulin","floor":12,"turns":4},{"damage":14,"enemies":"Gremlin Nob","floor":14,"turns":3},{"damage":47,"enemies":"Hexaghost","floor":16,"turns":6},{"damage":12,"enemies":"3 Byrds","floor":18,"turns":4},{"damage":0,"enemies":"Chosen","floor":21,"turns":4},{"damage":39,"enemies":"Gremlin Leader","floor":23,"turns":5},{"damage":0,"enemies":"Snecko","floor":24,"turns":4},{"damage":1,"enemies":"Snake Plant","floor":27,"turns":3},{"damage":18,"enemies":"Cultist and Chosen","floor":29,"turns":7},{"damage":5,"enemies":"Snecko","floor":31,"turns":4},{"damage":63,"enemies":"Collector","floor":33,"turns":7},{"damage":27,"enemies":"3 Shapes","floor":35,"turns":5},{"damage":6,"enemies":"Orb Walker","floor":37,"turns":3},{"damage":12,"enemies":"Maw","floor":41,"turns":8},{"damage":21,"enemies":"3 Darklings","floor":45,"turns":5},{"damage":56,"enemies":"Reptomancer","floor":47,"turns":8},{"damage":37,"enemies":"Sphere and 2 Shapes","floor":48,"turns":3}],"seed_played":"-6554814292503379372","potions_obtained":[{"floor":6,"key":"Fire Potion"},{"floor":14,"key":"Explosive Potion"},{"floor":23,"key":"Dexterity Potion"},{"floor":24,"key":"Fruit Juice"},{"floor":27,"key":"Poison Potion"},{"floor":31,"key":"PowerPotion"},{"floor":35,"key":"Block Potion"},{"floor":37,"key":"Block Potion"},{"floor":41,"key":"Block Potion"}],"is_trial":false,"path_per_floor":["M","M","?","M","$","E","R","?","T","?","R","E","R","E","R","B",null,"M","$","?","M","$","E","M","R","T","M","?","M","R","M","R","B",null,"M","T","M","?","T","R","M","$","T","$","M","R","E","M"],"character_chosen":"IRONCLAD","items_purchased":["EssenceOfSteel","Power Through","Armaments","Metallicize","Fire Potion","Double Tap","Fire Potion"],"campfire_rested":4,"item_purchase_floors":[5,19,19,19,19,42,44],"current_hp_per_floor":[80,80,85,85,85,52,77,77,77,61,61,44,67,59,59,18,79,73,73,73,79,79,46,52,52,52,62,62,50,75,76,76,19,84,63,63,63,63,63,84,78,78,78,78,63,78,28,0],"gold":94,"neow_bonus":"RANDOM_COLORLESS","is_prod":false,"is_daily":false,"chose_seed":false,"campfire_upgraded":5,"win_rate":0,"timestamp":1562788845,"path_taken":["M","M","?","M","$","E","R","?","T","?","R","E","R","E","R","BOSS","M","$","?","?","?","E","M","R","T","?","?","M","R","M","R","BOSS","M","?","M","?","?","R","?","$","T","?","?","R","E","M"],"build_version":"2019-07-05","purchased_purges":3,"victory":false,"max_hp_per_floor":[80,80,85,85,85,85,85,79,79,79,79,79,79,79,79,79,79,79,79,79,79,79,79,79,79,79,84,84,84,84,84,84,84,84,84,84,84,84,84,84,84,84,84,84,84,84,84,84],"card_choices":[{"not_picked":["Body Slam","Thunderclap"],"picked":"Inflame","floor":1},{"not_picked":["Corruption","Warcry"],"picked":"Heavy Blade","floor":2},{"not_picked":["Thunderclap","Havoc"],"picked":"Pommel Strike","floor":4},{"not_picked":["Warcry","Blood for Blood"],"picked":"Twin Strike","floor":6},{"not_picked":["Corruption","Battle Trance"],"picked":"Carnage","floor":12},{"not_picked":["Havoc","Entrench","Second Wind"],"picked":"SKIP","floor":14},{"not_picked":["Dark Embrace","Juggernaut"],"picked":"Feed","floor":16},{"not_picked":["Seeing Red","Evolve","Thunderclap+1"],"picked":"SKIP","floor":18},{"not_picked":["Clash","Rampage"],"picked":"Twin Strike","floor":21},{"not_picked":["Infernal Blade+1","Perfected Strike"],"picked":"Metallicize","floor":23},{"not_picked":["Dual Wield","Anger"],"picked":"Shrug It Off","floor":24},{"not_picked":["Thunderclap","Anger+1","Sword Boomerang"],"picked":"SKIP","floor":27},{"not_picked":["Shrug It Off+1","Hemokinesis+1"],"picked":"Iron Wave","floor":29},{"not_picked":["True Grit+1","Heavy Blade+1"],"picked":"Shrug It Off+1","floor":31},{"not_picked":["Exhume","Offering"],"picked":"Juggernaut","floor":33},{"not_picked":["Feel No Pain","Warcry+1","Combust"],"picked":"SKIP","floor":35},{"not_picked":["Armaments+1","Headbutt+1"],"picked":"Rage+1","floor":37},{"not_picked":["Heavy Blade","Bloodletting"],"picked":"Uppercut+1","floor":41},{"not_picked":["Searing Blow+1","Iron Wave+1"],"picked":"Demon Form","floor":45},{"not_picked":["Perfected Strike+1","Havoc","Second Wind+1"],"picked":"SKIP","floor":47}],"player_experience":119967,"relics_obtained":[{"floor":6,"key":"War Paint"},{"floor":9,"key":"Vajra"},{"floor":12,"key":"Tiny Chest"},{"floor":14,"key":"Paper Frog"},{"floor":23,"key":"StoneCalendar"},{"floor":36,"key":"Ornamental Fan"},{"floor":39,"key":"Dream Catcher"},{"floor":43,"key":"Potion Belt"},{"floor":47,"key":"Blood Vial"}],"event_choices":[{"damage_healed":0,"gold_gain":0,"player_choice":"Donut","damage_taken":0,"max_hp_gain":5,"max_hp_loss":0,"event_name":"Big Fish","floor":3,"gold_loss":0},{"damage_healed":0,"gold_gain":0,"player_choice":"Lose Max HP","damage_taken":0,"relics_obtained":["Golden Idol"],"max_hp_gain":0,"max_hp_loss":6,"event_name":"Golden Idol","floor":8,"gold_loss":0},{"damage_healed":0,"gold_gain":0,"player_choice":"Entered Light","damage_taken":16,"max_hp_gain":0,"max_hp_loss":0,"event_name":"Shining Light","floor":10,"gold_loss":0,"cards_upgraded":["Twin Strike","Pommel Strike"]},{"damage_healed":0,"gold_gain":0,"player_choice":"Gave Potion","damage_taken":0,"relics_obtained":["Anchor"],"max_hp_gain":0,"max_hp_loss":0,"event_name":"WeMeetAgain","floor":20,"gold_loss":0},{"damage_healed":0,"gold_gain":0,"player_choice":"Forge","damage_taken":0,"max_hp_gain":0,"max_hp_loss":0,"event_name":"Accursed Blacksmith","floor":28,"gold_loss":0,"cards_upgraded":["Metallicize"]},{"cards_removed":["Rage"],"damage_healed":0,"gold_gain":0,"player_choice":"Removed Skill","damage_taken":0,"max_hp_gain":0,"max_hp_loss":0,"event_name":"Falling","floor":38,"gold_loss":0}],"is_beta":false,"boss_relics":[{"not_picked":["Fusion Hammer","Lizard Tail"],"picked":"Cursed Key"},{"not_picked":["Runic Pyramid","Tiny House"],"picked":"Eternal Feather"}],"items_purged_floors":[5,19,42],"is_endless":false,"potions_floor_spawned":[6,14,23,24,27,31,35,37,41],"killed_by":"Sphere and 2 Shapes","ascension_level":0}