{"gold_per_floor":[14,114,134,150,167,202,213,213,213,16,36,36,36,54,54,158,158,175,175,175,187,197,197,230,250,250,269,269,269,287,287,287,390,390,406,418,431,431,484,484,28,38,38,38,73,89,106,119,119,119],"floor_reached":50,"playtime":3890,"items_purged":[],"score":575,"play_id":"34bbae25-cd06-456d-ad8c-932c1f019a56","local_time":"20190707011816","is_ascension_mode":false,"campfire_choices":[{"data":"Redo","floor":13,"key":"SMITH"},{"data":"Rainbow","floor":15,"key":"SMITH"},{"data":"Zap","floor":23,"key":"SMITH"},{"floor":28,"key":"REST"},{"data":"Seek","floor":32,"key":"SMITH"},{"data":"Beam Cell","floor":40,"key":"SMITH"},{"data":"Machine Learning","floor":44,"key":"SMITH"},{"data":"Redo","floor":49,"key":"SMITH"}],"neow_cost":"NO_GOLD","seed_source_timestamp":189393450561172,"circlet_count":0,"master_deck":["Defend_B","Defend_B","Defend_B+1","Defend_B+1","Zap+1","Dualcast","Rainbow+1","BootSequence","Streamline","Amplify","Auto Shields","Redo+1","Capacitor","Reprogram","Beam Cell+1","Electrodynamics","Melter","Heatsinks+1","Conserve Battery+1","Seek+1","Redo","Defragment+1","Redo+1","Bite","Bite","Bite","Bite","Bite","Leap+1","Machine Learning+1","Leap","Stack+1","Ball Lightning","Defragment","Storm","Echo Form","Double Energy+1","Self Repair","Redo+1"],"relics":["Cracked Core","Pear","Letter Opener","Lee\u0027s Waffle","Nuclear Battery","MutagenicStrength","Meat on the Bone","Pantograph","Sozu","Girya","Ginger","Strawberry","Nunchaku","Pen Nib"],"potions_floor_usage":[1,22,24,24,33,50,50],"damage_taken":[{"damage":1,"enemies":"Jaw Worm","floor":1,"turns":5},{"damage":0,"enemies":"Cultist","floor":3,"turns":4},{"damage":0,"enemies":"2 Louse","floor":4,"turns":2},{"damage":3,"enemies":"Looter","floor":5,"turns":3},{"damage":18,"enemies":"3 Sentries","floor":6,"turns":9},{"damage":20,"enemies":"2 Fungi Beasts","floor":7,"turns":4},{"damage":0,"enemies":"Large Slime","floor":11,"turns":5},{"damage":0,"enemies":"Gremlin Gang","floor":14,"turns":4},{"damage":32,"enemies":"The Guardian","floor":16,"turns":11},{"damage":0,"enemies":"Chosen","floor":18,"turns":4},{"damage":12,"enemies":"2 Thieves","floor":21,"turns":3},{"damage":16,"enemies":"Snecko","floor":22,"turns":7},{"damage":37,"enemies":"Gremlin Leader","floor":24,"turns":7},{"damage":35,"enemies":"Shelled Parasite and Fungi","floor":25,"turns":6},{"damage":18,"enemies":"Chosen and Byrds","floor":27,"turns":5},{"damage":11,"enemies":"Snake Plant","floor":30,"turns":3},{"damage":73,"enemies":"Champ","floor":33,"turns":14},{"damage":11,"enemies":"3 Darklings","floor":35,"turns":4},{"damage":0,"enemies":"3 Shapes","floor":36,"turns":6},{"damage":3,"enemies":"Spire Growth","floor":37,"turns":5},{"damage":45,"enemies":"2 Orb Walkers","floor":39,"turns":4},{"damage":21,"enemies":"Writhing Mass","floor":42,"turns":5},{"damage":21,"enemies":"Reptomancer","floor":45,"turns":5},{"damage":16,"enemies":"4 Shapes","floor":46,"turns":4},{"damage":22,"enemies":"Sphere and 2 Shapes","floor":47,"turns":4},{"damage":6,"enemies":"Jaw Worm Horde","floor":48,"turns":2},{"damage":82,"enemies":"Time Eater","floor":50,"turns":12}],"seed_played":"1540569509292059602","potions_obtained":[{"floor":1,"key":"Fruit Juice"},{"floor":5,"key":"Poison Potion"},{"floor":11,"key":"Ancient Potion"},{"floor":16,"key":"Regen Potion"},{"floor":21,"key":"Weak Potion"},{"floor":22,"key":"FocusPotion"},{"floor":24,"key":"Dexterity Potion"},{"floor":25,"key":"Fire Potion"}],"is_trial":false,"path_per_floor":["M","?","M","M","M","E","M","?","T","$","M","?","R","M","R","B",null,"M","?","?","M","M","R","E","M","T","M","R","?","M","?","R","B",null,"M","M","M","?","?","R","$","M","T","R","E","M","M","M","R","B"],"character_chosen":"DEFECT","items_purchased":["Lee\u0027s Waffle","Ginger","Strawberry"],"campfire_rested":1,"item_purchase_floors":[10,41,41],"current_hp_per_floor":[79,79,79,79,76,68,48,30,30,97,97,102,102,102,102,70,102,102,102,102,90,74,74,52,29,29,23,53,53,50,50,50,28,71,60,64,68,67,38,38,45,42,42,42,39,39,35,41,41,0],"gold":119,"neow_bonus":"THREE_RARE_CARDS","is_prod":false,"is_daily":false,"chose_seed":false,"campfire_upgraded":7,"win_rate":0.0,"timestamp":1562498296,"path_taken":["M","?","M","M","M","E","?","?","T","$","M","?","R","M","R","BOSS","M","?","?","M","M","R","E","M","T","M","R","?","M","?","R","BOSS","M","M","?","?","?","R","?","?","T","R","E","M","?","M","R","BOSS"],"build_version":"2019-07-05","purchased_purges":0,"victory":false,"max_hp_per_floor":[80,80,80,80,80,90,90,90,90,97,97,102,102,102,102,102,102,102,102,102,102,102,102,102,102,102,102,102,71,71,71,71,71,71,71,71,71,67,67,67,74,74,74,74,74,74,74,74,74,74],"card_choices":[{"not_picked":["Multi-Cast","Seek"],"picked":"Rainbow","floor":0},{"not_picked":["Static Discharge","Gash"],"picked":"BootSequence","floor":1},{"not_picked":["Hologram","Sweeping Beam"],"picked":"Streamline","floor":3},{"not_picked":["FTL","Rebound"],"picked":"Amplify","floor":4},{"not_picked":["Go for the Eyes","Streamline"],"picked":"Auto Shields","floor":5},{"not_picked":["Scrape","Gash"],"picked":"Redo","floor":6},{"not_picked":["Rebound","Reinforced Body"],"picked":"Capacitor","floor":7},{"not_picked":["Undo","Streamline"],"picked":"Reprogram","floor":11},{"not_picked":["Blizzard","Conserve Battery"],"picked":"Beam Cell","floor":14},{"not_picked":["Biased Cognition","Machine Learning"],"picked":"Electrodynamics","floor":16},{"not_picked":["Scrape+1","Redo"],"picked":"Melter","floor":18},{"not_picked":["Go for the Eyes","Steam Power"],"picked":"Conserve Battery+1","floor":21},{"not_picked":["Ball Lightning","BootSequence"],"picked":"Seek","floor":22},{"not_picked":["Scrape","Steam Power"],"picked":"Redo","floor":24},{"not_picked":["Aggregate","Hello World"],"picked":"Defragment+1","floor":25},{"not_picked":["Stack","Reinforced Body"],"picked":"Redo","floor":27},{"not_picked":["Ball Lightning","Reprogram+1"],"picked":"Leap+1","floor":30},{"not_picked":["Buffer","Electrodynamics"],"picked":"Machine Learning","floor":33},{"not_picked":["Sweeping Beam","Barrage+1"],"picked":"Leap","floor":35},{"not_picked":["Reprogram","Scrape+1"],"picked":"Stack+1","floor":36},{"not_picked":["Barrage+1","Streamline+1"],"picked":"Ball Lightning","floor":37},{"not_picked":["Hello World+1","Sweeping Beam"],"picked":"Defragment","floor":39},{"not_picked":["Stack","Rainbow"],"picked":"Storm","floor":42},{"not_picked":["Ball Lightning+1","Stack+1"],"picked":"Echo Form","floor":45},{"not_picked":["Sweeping Beam","Hologram+1"],"picked":"Double Energy+1","floor":46},{"not_picked":["Doom and Gloom","Heatsinks+1"],"picked":"Self Repair","floor":47},{"not_picked":["Cold Snap+1","Skim+1"],"picked":"Redo+1","floor":48}],"player_experience":32822,"relics_obtained":[{"floor":6,"key":"Pear"},{"floor":9,"key":"Letter Opener"},{"floor":24,"key":"Meat on the Bone"},{"floor":26,"key":"Pantograph"},{"floor":39,"key":"Girya"},{"floor":43,"key":"Nunchaku"},{"floor":45,"key":"Pen Nib"}],"event_choices":[{"damage_healed":0,"gold_gain":100,"player_choice":"Gold","damage_taken":0,"max_hp_gain":0,"max_hp_loss":0,"event_name":"Wheel of Change","floor":2,"gold_loss":0},{"damage_healed":0,"gold_gain":0,"player_choice":"Entered Light","damage_taken":18,"max_hp_gain":0,"max_hp_loss":0,"event_name":"Shining Light","floor":8,"gold_loss":0,"cards_upgraded":["Defend_B","Defend_B"]},{"damage_healed":0,"gold_gain":0,"player_choice":"Donut","damage_taken":0,"max_hp_gain":5,"max_hp_loss":0,"event_name":"Big Fish","floor":12,"gold_loss":0},{"damage_healed":0,"gold_gain":0,"player_choice":"Read","damage_taken":0,"max_hp_gain":0,"max_hp_loss":0,"event_name":"The Library","floor":19,"gold_loss":0,"cards_obtained":["Heatsinks"]},{"damage_healed":0,"gold_gain":0,"player_choice":"Inject Mutagens","damage_taken":0,"relics_obtained":["MutagenicStrength"],"max_hp_gain":0,"max_hp_loss":0,"event_name":"Drug Dealer","floor":20,"gold_loss":0},{"damage_healed":0,"gold_gain":0,"player_choice":"Became a vampire","damage_taken":0,"max_hp_gain":0,"max_hp_loss":31,"event_name":"Vampires","floor":29,"gold_loss":0,"cards_obtained":["Bite","Bite","Bite","Bite","Bite"]},{"damage_healed":0,"gold_gain":0,"player_choice":"Forge","damage_taken":0,"max_hp_gain":0,"max_hp_loss":0,"event_name":"Accursed Blacksmith","floor":31,"gold_loss":0,"cards_upgraded":["Heatsinks"]},{"damage_healed":0,"gold_gain":0,"player_choice":"Max HP","damage_taken":0,"max_hp_gain":0,"max_hp_loss":4,"event_name":"Winding Halls","floor":38,"gold_loss":0},{"damage_healed":0,"gold_gain":0,"player_choice":"Fight","damage_taken":0,"max_hp_gain":0,"max_hp_loss":0,"event_name":"Mysterious Sphere","floor":39,"gold_loss":0}],"is_beta":false,"boss_relics":[{"not_picked":["Runic Dome","Coffee Dripper"],"picked":"Nuclear Battery"},{"not_picked":["Velvet Choker","Lizard Tail"],"picked":"Sozu"}],"items_purged_floors":[],"is_endless":false,"potions_floor_spawned":[1,5,11,16,21,22,24,25,30,36,37,39,46],"killed_by":"Time Eater","ascension_level":0}