{"gold_per_floor":[368,379,654,273,283,283,84,156,156,156,183,195,241,137,137,215,215,172,172,184,6,23,48,62,62,143,143,153,153],"floor_reached":29,"playtime":1740,"items_purged":["Regret","Writhe"],"score":552,"play_id":"7d442533-7357-433d-9768-37fc78a517e5","local_time":"20190620211551","is_ascension_mode":true,"campfire_choices":[{"floor":6,"key":"REST"},{"data":"Noxious Fumes","floor":10,"key":"SMITH"},{"floor":15,"key":"REST"},{"floor":25,"key":"REST"},{"floor":27,"key":"REST"}],"neow_cost":"CURSE","seed_source_timestamp":346077945272185,"circlet_count":0,"master_deck":["AscendersBane","Defend_G","Defend_G","Defend_G","Defend_G","Defend_G","Strike_G","Strike_G+1","Strike_G","Strike_G","Survivor","Neutralize","Poisoned Stab+1","Dash","Caltrops","Slice","Noxious Fumes+1","Flying Knee","Footwork","Doppelganger","Adrenaline+1","Footwork","Dodge and Roll+1","Adrenaline+1","Deflect+1","Poisoned Stab","Footwork","Footwork","Leg Sweep+1","Dagger Throw"],"relics":["Ring of the Snake","Membership Card","Lantern","Pear","Dodecahedron","Torii","MawBank","Toxic Egg 2","Sozu","Matryoshka","Du-Vu Doll","Whetstone","Paper Crane"],"potions_floor_usage":[13],"damage_taken":[{"damage":17,"enemies":"Jaw Worm","floor":1,"turns":6},{"damage":7,"enemies":"Cultist","floor":2,"turns":4},{"damage":6,"enemies":"Small Slimes","floor":5,"turns":3},{"damage":25,"enemies":"Lagavulin","floor":11,"turns":8},{"damage":15,"enemies":"3 Sentries","floor":13,"turns":8},{"damage":5,"enemies":"Hexaghost","floor":16,"turns":9},{"damage":0,"enemies":"2 Thieves","floor":18,"turns":5},{"damage":0,"enemies":"Shell Parasite","floor":20,"turns":6},{"damage":10,"enemies":"Sentry and Sphere","floor":22,"turns":9},{"damage":49,"enemies":"Book of Stabbing","floor":23,"turns":6},{"damage":0,"enemies":"Cultist and Chosen","floor":24,"turns":7},{"damage":3,"enemies":"Snake Plant","floor":28,"turns":4},{"damage":49,"enemies":"Slavers","floor":29,"turns":4}],"seed_played":"-4584242838082349026","potions_obtained":[{"floor":2,"key":"GamblersBrew"},{"floor":11,"key":"LiquidBronze"}],"is_trial":false,"path_per_floor":["M","M","?","$","M","R","$","T","T","R","E","?","E","$","R","B",null,"M","?","M","$","M","E","M","R","T","R","M","E"],"character_chosen":"THE_SILENT","items_purchased":["Membership Card","Lantern","Caltrops","Noxious Fumes","Pear","Flying Knee","Footwork","Dodge and Roll+1","Matryoshka","Footwork"],"campfire_rested":4,"item_purchase_floors":[4,4,4,7,7,7,14,14,21,21],"current_hp_per_floor":[42,35,35,35,29,48,58,58,58,58,33,33,18,18,40,35,66,66,66,66,66,56,7,7,29,29,51,48,0],"gold":153,"neow_bonus":"TWO_FIFTY_GOLD","is_prod":false,"is_daily":false,"chose_seed":false,"campfire_upgraded":1,"win_rate":0,"timestamp":1561090551,"path_taken":["M","M","?","$","M","R","?","?","T","R","E","?","E","$","R","BOSS","M","?","M","$","M","E","M","R","T","R","M","E"],"build_version":"2019-01-23","purchased_purges":2,"victory":false,"max_hp_per_floor":[66,66,66,66,66,66,76,76,76,76,76,76,76,76,76,76,76,76,76,76,76,76,76,76,76,76,76,76,76],"card_choices":[{"not_picked":["Crippling Poison","Riddle With Holes"],"picked":"Poisoned Stab","floor":1},{"not_picked":["Acrobatics","Cloak And Dagger"],"picked":"Dash","floor":2},{"not_picked":["Prepared","Eviscerate"],"picked":"Slice","floor":5},{"not_picked":["Slice","Choke"],"picked":"Footwork","floor":11},{"not_picked":["Deadly Poison","Acrobatics"],"picked":"Adrenaline","floor":13},{"not_picked":["A Thousand Cuts","Grand Finale"],"picked":"Adrenaline+1","floor":16},{"not_picked":["Dagger Spray","Acrobatics+1"],"picked":"Deflect+1","floor":18},{"not_picked":["Prepared+1","Accuracy"],"picked":"Poisoned Stab","floor":20},{"not_picked":["Poisoned Stab","Heel Hook"],"picked":"Footwork","floor":22},{"not_picked":["Calculated Gamble+1","Heel Hook"],"picked":"Leg Sweep+1","floor":23},{"not_picked":["Dagger Spray","Endless Agony"],"picked":"Dagger Throw","floor":24},{"not_picked":["Masterful Stab","Backstab","Outmaneuver+1"],"picked":"SKIP","floor":28}],"player_experience":841567,"relics_obtained":[{"floor":8,"key":"Dodecahedron"},{"floor":9,"key":"Torii"},{"floor":11,"key":"MawBank"},{"floor":13,"key":"Toxic Egg 2"},{"floor":23,"key":"Du-Vu Doll"},{"floor":26,"key":"Whetstone"},{"floor":26,"key":"Paper Crane"}],"event_choices":[{"damage_healed":0,"gold_gain":275,"player_choice":"Desecrate","damage_taken":0,"max_hp_gain":0,"max_hp_loss":0,"event_name":"Golden Shrine","floor":3,"gold_loss":0,"cards_obtained":["Regret"]},{"damage_healed":0,"gold_gain":0,"cards_transformed":["Strike_G"],"player_choice":"Change","damage_taken":0,"max_hp_gain":0,"max_hp_loss":0,"event_name":"Living Wall","floor":12,"gold_loss":0,"cards_obtained":["Doppelganger"]},{"damage_healed":0,"gold_gain":0,"player_choice":"Ignored","damage_taken":0,"max_hp_gain":0,"max_hp_loss":0,"event_name":"Vampires","floor":19,"gold_loss":0}],"is_beta":false,"boss_relics":[{"not_picked":["Philosopher\u0027s Stone","Ring of the Serpent"],"picked":"Sozu"}],"items_purged_floors":[4,14],"is_endless":false,"potions_floor_spawned":[2,11,18,20],"killed_by":"Slavers","ascension_level":20}