{"gold_per_floor":[213,228,241,260,108,108,125,125,151,161,161,161,171,191,191,191],"floor_reached":16,"playtime":781,"items_purged":[],"score":192,"play_id":"9a4b79b5-ee65-40b7-99f0-8f897985def8","local_time":"20190607190644","is_ascension_mode":true,"campfire_choices":[{"data":"Armaments","floor":6.0,"key":"SMITH"},{"data":"Barricade","floor":8.0,"key":"SMITH"},{"floor":12.0,"key":"REST"},{"data":"Entrench","floor":15,"key":"SMITH"}],"neow_cost":"NONE","seed_source_timestamp":249826452727706,"circlet_count":0,"master_deck":["AscendersBane","Strike_R","Strike_R","Strike_R","Strike_R","Strike_R","Defend_R","Defend_R","Defend_R","Defend_R","Bash","Battle Trance","Armaments+1","Barricade+1","Uppercut","Double Tap","Entrench+1","Havoc","Sentinel","Ghostly Armor"],"special_seed":0,"relics":["Burning Blood","Smiling Mask"],"potions_floor_usage":[13],"damage_taken":[{"damage":6.0,"enemies":"Cultist","floor":1.0,"turns":3.0},{"damage":10.0,"enemies":"Small Slimes","floor":2.0,"turns":5.0},{"damage":4.0,"enemies":"Jaw Worm","floor":3.0,"turns":6.0},{"damage":48.0,"enemies":"Exordium Wildlife","floor":4.0,"turns":10.0},{"damage":2.0,"enemies":"3 Louse","floor":7.0,"turns":5.0},{"damage":25.0,"enemies":"Large Slime","floor":10.0,"turns":9.0},{"damage":4,"enemies":"2 Fungi Beasts","floor":13,"turns":4},{"damage":4,"enemies":"Exordium Wildlife","floor":14,"turns":3},{"damage":51,"enemies":"Slime Boss","floor":16,"turns":7}],"seed_played":"1744930471278865431","potions_obtained":[{"floor":1.0,"key":"Dexterity Potion"},{"floor":4.0,"key":"Swift Potion"},{"floor":10.0,"key":"BloodPotion"}],"is_trial":false,"path_per_floor":["M","M","M","M","$","R","M","R","T","M","?","R","M","M","R","B"],"character_chosen":"IRONCLAD","items_purchased":["Double Tap"],"campfire_rested":1,"item_purchase_floors":[5],"current_hp_per_floor":[68,64,66,24,24,24,28,28,28,9,9,31,40,42,42,0],"gold":191,"neow_bonus":"HUNDRED_GOLD","is_prod":false,"is_daily":false,"chose_seed":false,"campfire_upgraded":3,"win_rate":0,"timestamp":1559959604,"path_taken":["M","M","?","M","$","R","M","R","T","M","?","R","M","?","R","BOSS"],"build_version":"2019-01-23","purchased_purges":0,"victory":false,"max_hp_per_floor":[75,75,75,75,75,75,75,75,75,75,75,75,75,75,75,75],"card_choices":[{"not_picked":["Wild Strike","Warcry"],"picked":"Battle Trance","floor":1.0},{"not_picked":["Body Slam","Sever Soul"],"picked":"Armaments","floor":2.0},{"not_picked":["Flex","Iron Wave"],"picked":"Barricade","floor":3.0},{"not_picked":["Armaments","Wild Strike"],"picked":"Uppercut","floor":4.0},{"not_picked":["Headbutt","Searing Blow"],"picked":"Entrench","floor":7.0},{"not_picked":["Limit Break","Sword Boomerang","Dropkick"],"picked":"SKIP","floor":10.0},{"not_picked":["Flex","Seeing Red"],"picked":"Ghostly Armor","floor":13},{"not_picked":["Heavy Blade","Wild Strike","Hemokinesis"],"picked":"SKIP","floor":14}],"player_experience":804880,"relics_obtained":[{"floor":9.0,"key":"Smiling Mask"}],"event_choices":[{"damage_healed":0.0,"max_hp_gain":0.0,"max_hp_loss":0.0,"gold_gain":0.0,"event_name":"Match and Keep!","player_choice":"2 cards matched","floor":11.0,"gold_loss":0.0,"damage_taken":0.0,"cards_obtained":["Havoc","Sentinel"]}],"is_beta":false,"boss_relics":[],"items_purged_floors":[],"is_endless":false,"potions_floor_spawned":[1,4,10],"killed_by":"Slime Boss","ascension_level":20}