{"gold_per_floor":[110,110,110,121,121,146,146,171,171,184,196,196,98,112,112,209,209,224,238,254,265,265],"floor_reached":22,"playtime":1550,"items_purged":["Strike_R"],"score":245,"play_id":"fd28a9ef-ce50-438a-b606-565d65099bdb","local_time":"20190709183323","is_ascension_mode":true,"campfire_choices":[{"floor":7,"key":"REST"},{"data":"Demon Form","floor":12,"key":"SMITH"},{"floor":15,"key":"REST"}],"neow_cost":"PERCENT_DAMAGE","seed_source_timestamp":3498787247300,"circlet_count":0,"master_deck":["Strike_R","Strike_R","Strike_R","Strike_R","Defend_R","Defend_R","Defend_R","Defend_R","Bash","Limit Break","Cleave+1","Heavy Blade","Demon Form+1","Inflame","Headbutt","Impervious","Heavy Blade","Infernal Blade+1","Battle Trance+1"],"relics":["Burning Blood","Charon\u0027s Ashes","Strawberry","Prayer Wheel","Velvet Choker"],"potions_floor_usage":[6,14,16],"damage_taken":[{"damage":12,"enemies":"Jaw Worm","floor":1,"turns":3},{"damage":4,"enemies":"Small Slimes","floor":4,"turns":3},{"damage":36,"enemies":"Lagavulin","floor":6,"turns":4},{"damage":30,"enemies":"3 Sentries","floor":8,"turns":6},{"damage":1,"enemies":"Cultist","floor":10,"turns":4},{"damage":1,"enemies":"2 Fungi Beasts","floor":11,"turns":3},{"damage":37,"enemies":"Exordium Thugs","floor":14,"turns":6},{"damage":38,"enemies":"Hexaghost","floor":16,"turns":6},{"damage":16,"enemies":"Shell Parasite","floor":18,"turns":3},{"damage":14,"enemies":"Chosen","floor":19,"turns":4},{"damage":43,"enemies":"Shelled Parasite and Fungi","floor":20,"turns":5},{"damage":18,"enemies":"Chosen and Byrds","floor":21,"turns":3},{"damage":30,"enemies":"Cultist and Chosen","floor":22,"turns":4}],"seed_played":"-587813478162637886","potions_obtained":[{"floor":1,"key":"SteroidPotion"},{"floor":3,"key":"SkillPotion"},{"floor":3,"key":"Weak Potion"},{"floor":10,"key":"Regen Potion"},{"floor":14,"key":"GamblersBrew"},{"floor":16,"key":"PowerPotion"},{"floor":20,"key":"Strength Potion"}],"is_trial":false,"path_per_floor":["M","?","?","M","?","E","R","E","T","M","M","R","$","M","R","B",null,"M","M","M","M","M"],"character_chosen":"IRONCLAD","items_purchased":["Headbutt"],"campfire_rested":2,"item_purchase_floors":[13],"current_hp_per_floor":[50,55,55,57,57,27,52,35,35,40,45,45,45,23,50,18,92,82,74,37,25,0],"gold":265,"neow_bonus":"THREE_RARE_CARDS","is_prod":false,"is_daily":false,"chose_seed":false,"campfire_upgraded":1,"win_rate":0,"timestamp":1562690003,"path_taken":["M","?","?","?","?","E","R","E","T","M","M","R","?","M","R","BOSS","M","M","?","M","M"],"build_version":"2019-07-05","purchased_purges":1,"victory":false,"max_hp_per_floor":[80,85,85,85,85,85,85,92,92,92,92,92,92,92,92,92,92,92,92,92,92,92],"card_choices":[{"not_picked":["Offering","Juggernaut"],"picked":"Limit Break","floor":0},{"not_picked":["Shockwave","Shrug It Off"],"picked":"Cleave","floor":1},{"not_picked":["Second Wind","Flex"],"picked":"Heavy Blade","floor":4},{"not_picked":["Warcry","Anger"],"picked":"Demon Form","floor":6},{"not_picked":["Searing Blow","Clothesline","Burning Pact"],"picked":"SKIP","floor":8},{"not_picked":["Dropkick","Combust","Bloodletting"],"picked":"SKIP","floor":10},{"not_picked":["Armaments","Wild Strike","Iron Wave"],"picked":"SKIP","floor":10},{"not_picked":["Dual Wield","Shrug It Off"],"picked":"Inflame","floor":11},{"not_picked":["Uppercut","Rupture","Clash"],"picked":"SKIP","floor":11},{"not_picked":["Corruption","Battle Trance","Immolate"],"picked":"SKIP","floor":14},{"not_picked":["Havoc","Body Slam","Shockwave"],"picked":"SKIP","floor":14},{"not_picked":["Bludgeon","Juggernaut"],"picked":"Impervious","floor":16},{"not_picked":["Searing Blow","Metallicize","Shrug It Off"],"picked":"SKIP","floor":18},{"not_picked":["Perfected Strike+1","Pommel Strike","Wild Strike"],"picked":"SKIP","floor":18},{"not_picked":["Clash","Armaments"],"picked":"Heavy Blade","floor":19},{"not_picked":["Sword Boomerang","Rupture","Armaments"],"picked":"SKIP","floor":19},{"not_picked":["Shrug It Off+1","Sword Boomerang+1"],"picked":"Infernal Blade+1","floor":20},{"not_picked":["Uppercut","Pommel Strike+1","Sentinel"],"picked":"SKIP","floor":20},{"not_picked":["Blood for Blood","Iron Wave+1"],"picked":"Battle Trance+1","floor":21},{"not_picked":["Rampage","Wild Strike","Pommel Strike"],"picked":"SKIP","floor":21}],"player_experience":93710,"relics_obtained":[{"floor":6,"key":"Charon\u0027s Ashes"},{"floor":8,"key":"Strawberry"},{"floor":9,"key":"Prayer Wheel"}],"event_choices":[{"damage_healed":0,"gold_gain":0,"player_choice":"Donut","damage_taken":0,"max_hp_gain":5,"max_hp_loss":0,"event_name":"Big Fish","floor":2,"gold_loss":0},{"damage_healed":0,"gold_gain":0,"player_choice":"Got Potions","damage_taken":0,"max_hp_gain":0,"max_hp_loss":0,"event_name":"Lab","floor":3,"gold_loss":0},{"damage_healed":0,"gold_gain":0,"player_choice":"Forge","damage_taken":0,"max_hp_gain":0,"max_hp_loss":0,"event_name":"Accursed Blacksmith","floor":5,"gold_loss":0,"cards_upgraded":["Cleave"]}],"is_beta":false,"boss_relics":[{"not_picked":["Black Star","Ectoplasm"],"picked":"Velvet Choker"}],"items_purged_floors":[13],"is_endless":false,"potions_floor_spawned":[1,10,11,14,16,19,20],"killed_by":"Cultist and Chosen","ascension_level":2}