{"gold_per_floor":[366,366,376,45,55,55,81,81,81,58,58,75,75,88,88,165,165,177,196,196,42,54,54,71,87,87,87,87,87,98,109,109,180,180,196,196,196,0,12,40,40,66,117,12,12,12,26,26,26,26],"floor_reached":50,"playtime":4031,"items_purged":[],"score":1054,"play_id":"060be679-4876-4c8c-9875-900a56fc559e","local_time":"20190607185000","is_ascension_mode":true,"campfire_choices":[{"data":"Infernal Blade","floor":6.0,"key":"SMITH"},{"data":"Double Tap","floor":8.0,"key":"SMITH"},{"floor":11.0,"key":"REST"},{"data":"Inflame","floor":13.0,"key":"SMITH"},{"floor":15.0,"key":"REST"},{"data":"True Grit","floor":23.0,"key":"SMITH"},{"data":"Barricade","floor":27.0,"key":"SMITH"},{"data":"Iron Wave","floor":29.0,"key":"SMITH"},{"floor":32.0,"key":"REST"},{"floor":41.0,"key":"REST"},{"floor":45.0,"key":"REST"},{"floor":49,"key":"RECALL"}],"neow_cost":"PERCENT_DAMAGE","seed_source_timestamp":245153253374083,"circlet_count":0,"master_deck":["AscendersBane","Bash","Infernal Blade+1","Warcry","Double Tap+1","Inflame+1","Infernal Blade","Barricade+1","Headbutt","Blood for Blood","Reaper","Warcry","True Grit+1","Disarm","Intimidate","Shrug It Off+1","Heavy Blade","Good Instincts","Iron Wave+1","Iron Wave","Shrug It Off+1","Warcry+1","Anger","Feed","Double Tap","Anger+1","Transmutation","Shrug It Off+1","Heavy Blade+1","Reaper","Swift Strike","Warcry+1"],"special_seed":0,"relics":["Burning Blood","Mango","Shuriken","Strawberry","Pandora\u0027s Box","Pocketwatch","Nilry\u0027s Codex","Fusion Hammer","Red Mask","Dodecahedron","Red Skull","Blood Vial","Vajra"],"potions_floor_usage":[],"damage_taken":[{"damage":12.0,"enemies":"Jaw Worm","floor":1.0,"turns":3.0},{"damage":1.0,"enemies":"Cultist","floor":3.0,"turns":3.0},{"damage":11.0,"enemies":"2 Louse","floor":5.0,"turns":3.0},{"damage":32.0,"enemies":"Gremlin Nob","floor":7.0,"turns":4.0},{"damage":23.0,"enemies":"Exordium Thugs","floor":10.0,"turns":4.0},{"damage":9.0,"enemies":"Blue Slaver","floor":12.0,"turns":3.0},{"damage":0.0,"enemies":"3 Louse","floor":14.0,"turns":2.0},{"damage":65.0,"enemies":"The Guardian","floor":16.0,"turns":11.0},{"damage":20.0,"enemies":"2 Thieves","floor":18.0,"turns":2.0},{"damage":21.0,"enemies":"Shell Parasite","floor":19.0,"turns":5.0},{"damage":27.0,"enemies":"Chosen and Byrds","floor":22.0,"turns":7.0},{"damage":15.0,"enemies":"Snake Plant","floor":24.0,"turns":4.0},{"damage":0.0,"enemies":"3 Cultists","floor":25.0,"turns":5.0},{"damage":30.0,"enemies":"Sentry and Sphere","floor":30.0,"turns":5.0},{"damage":12.0,"enemies":"Snake Plant","floor":31.0,"turns":5.0},{"damage":25.0,"enemies":"Champ","floor":33.0,"turns":9.0},{"damage":4.0,"enemies":"Orb Walker","floor":35.0,"turns":3.0},{"damage":48.0,"enemies":"3 Darklings","floor":39.0,"turns":7.0},{"damage":84.0,"enemies":"Giant Head","floor":40.0,"turns":8.0},{"damage":55.0,"enemies":"Reptomancer","floor":42.0,"turns":6.0},{"damage":17,"enemies":"Jaw Worm Horde","floor":47,"turns":5},{"damage":104,"enemies":"Awakened One","floor":50,"turns":5}],"seed_played":"-1858045380497931577","potions_obtained":[{"floor":1.0,"key":"Weak Potion"},{"floor":12.0,"key":"Strength Potion"},{"floor":16.0,"key":"GamblersBrew"},{"floor":18.0,"key":"SkillPotion"},{"floor":24.0,"key":"Dexterity Potion"},{"floor":31.0,"key":"SpeedPotion"},{"floor":35.0,"key":"Regen Potion"},{"floor":40.0,"key":"FearPotion"}],"is_trial":false,"path_per_floor":["M","?","M","$","M","R","E","R","T","M","R","M","R","M","R","B",null,"M","M","?","$","M","R","M","M","T","R","?","R","M","M","R","B",null,"M","?","?","?","M","E","R","E","T","$","R","T","M","$","R","B"],"character_chosen":"IRONCLAD","items_purchased":["Mango","Good Instincts","Iron Wave","Swift Strike"],"campfire_rested":5,"item_purchase_floors":[4,21,21,44],"current_hp_per_floor":[44,44,49,63,58,58,32,32,39,22,50,47,47,53,81,22,78,64,49,49,49,46,46,47,80,80,80,59,59,35,29,57,47,84,89,89,89,89,95,17,46,27,27,27,56,56,99,99,99,0],"gold":26,"neow_bonus":"TWO_FIFTY_GOLD","is_prod":false,"is_daily":false,"chose_seed":false,"campfire_upgraded":6,"win_rate":0,"timestamp":1559958600,"path_taken":["M","?","M","$","?","R","E","R","T","?","R","M","R","M","R","BOSS","M","M","?","?","M","R","M","M","T","R","?","R","M","M","R","BOSS","M","?","?","?","M","E","R","E","T","?","R","?","?","$","R","BOSS"],"build_version":"2019-01-23","purchased_purges":0,"victory":false,"max_hp_per_floor":[75,75,75,89,89,89,89,89,96,96,96,96,96,96,96,96,96,96,96,96,96,96,96,96,96,96,96,96,96,96,96,96,96,96,99,99,99,99,99,99,99,99,99,99,99,99,99,99,99,99],"card_choices":[{"not_picked":["Warcry","Intimidate"],"picked":"Infernal Blade","floor":1.0},{"not_picked":["Wild Strike","Reckless Charge"],"picked":"Warcry","floor":3.0},{"not_picked":["Burning Pact","Flex"],"picked":"Feel No Pain","floor":5.0},{"not_picked":["Bloodletting","True Grit"],"picked":"Double Tap","floor":7.0},{"not_picked":["Searing Blow","Headbutt"],"picked":"Inflame","floor":10.0},{"not_picked":["Wild Strike","Heavy Blade"],"picked":"Infernal Blade","floor":12.0},{"not_picked":["Flex","Twin Strike","Corruption"],"picked":"SKIP","floor":14.0},{"not_picked":["Juggernaut","Feed"],"picked":"Barricade","floor":16.0},{"not_picked":["Warcry","Ghostly Armor+1"],"picked":"Shrug It Off+1","floor":18.0},{"not_picked":["Flex+1","Body Slam"],"picked":"Heavy Blade","floor":19.0},{"not_picked":["Second Wind","Rupture"],"picked":"Iron Wave","floor":22.0},{"not_picked":["Cleave","True Grit"],"picked":"Shrug It Off+1","floor":24.0},{"not_picked":["Havoc+1","Perfected Strike"],"picked":"Warcry+1","floor":25.0},{"not_picked":["Perfected Strike","Clothesline"],"picked":"Anger","floor":30.0},{"not_picked":["Clash","Heavy Blade"],"picked":"Feed","floor":31.0},{"not_picked":["Berserk","Limit Break"],"picked":"Double Tap","floor":33.0},{"not_picked":["Headbutt","Thunderclap"],"picked":"Anger+1","floor":35.0},{"not_picked":["Impatience","Mayhem"],"picked":"Transmutation","floor":36.0},{"not_picked":["Shockwave","Warcry"],"picked":"Shrug It Off+1","floor":39.0},{"not_picked":["Armaments","Bloodletting+1"],"picked":"Heavy Blade+1","floor":40.0},{"not_picked":["Wild Strike+1","Inflame"],"picked":"Reaper","floor":42.0},{"not_picked":["Flex","Evolve+1"],"picked":"Warcry+1","floor":47}],"player_experience":800849,"relics_obtained":[{"floor":7.0,"key":"Shuriken"},{"floor":9.0,"key":"Strawberry"},{"floor":26.0,"key":"Pocketwatch"},{"floor":28.0,"key":"Nilry\u0027s Codex"},{"floor":40.0,"key":"Dodecahedron"},{"floor":42.0,"key":"Red Skull"},{"floor":43.0,"key":"Blood Vial"},{"floor":46.0,"key":"Vajra"}],"event_choices":[{"cards_removed":["Strike_R"],"damage_healed":0.0,"max_hp_gain":0.0,"max_hp_loss":0.0,"gold_gain":0.0,"event_name":"Bonfire Elementals","player_choice":"Offered Basic","floor":2.0,"gold_loss":0.0,"damage_taken":0.0},{"cards_removed":["Wild Strike"],"damage_healed":0.0,"max_hp_gain":0.0,"max_hp_loss":0.0,"gold_gain":0.0,"event_name":"Back to Basics","player_choice":"Elegance","floor":20.0,"gold_loss":0.0,"damage_taken":0.0},{"damage_healed":0.0,"max_hp_gain":0.0,"max_hp_loss":0.0,"gold_gain":0.0,"event_name":"Cursed Tome","player_choice":"Obtained Book","floor":28.0,"gold_loss":0.0,"damage_taken":21.0},{"damage_healed":0.0,"max_hp_gain":0.0,"max_hp_loss":0.0,"gold_gain":0.0,"event_name":"SensoryStone","player_choice":"Memory 1","floor":36.0,"gold_loss":0.0,"damage_taken":0.0},{"cards_removed":["Feel No Pain"],"damage_healed":0.0,"max_hp_gain":0.0,"max_hp_loss":0.0,"gold_gain":0.0,"event_name":"Falling","player_choice":"Removed Power","floor":37.0,"gold_loss":0.0,"damage_taken":0.0},{"damage_healed":0.0,"max_hp_gain":0.0,"max_hp_loss":0.0,"gold_gain":0.0,"event_name":"Tomb of Lord Red Mask","player_choice":"Paid","floor":38.0,"gold_loss":196.0,"damage_taken":0.0,"relics_obtained":["Red Mask"]}],"is_beta":false,"boss_relics":[{"not_picked":["Snecko Eye","Black Blood"],"picked":"Pandora\u0027s Box"},{"not_picked":["Runic Dome","Lizard Tail"],"picked":"Fusion Hammer"}],"items_purged_floors":[],"is_endless":false,"potions_floor_spawned":[1,12,16,18,24,31,35,40],"killed_by":"Awakened One","ascension_level":20}