{"gold_per_floor":[111,111,129,94,74,74,100,116,116,127,127,137,137,165,165,237,237,207,207,207,387,5,5,37,48,73,73],"floor_reached":27,"playtime":1881,"items_purged":[],"score":466,"play_id":"13b083ec-be95-4c11-ad70-cc68c0fd552b","local_time":"20190707123528","is_ascension_mode":true,"campfire_choices":[{"data":"Cleave","floor":6.0,"key":"SMITH"},{"floor":13.0,"key":"REST"},{"floor":15.0,"key":"REST"},{"floor":23.0,"key":"REST"}],"neow_cost":"NONE","seed_source_timestamp":226542639039239,"circlet_count":0,"master_deck":["AscendersBane","Strike_R+1","Strike_R+1","Strike_R+1","Strike_R+1","Strike_R+1","Defend_R+1","Defend_R+1","Defend_R+1","Defend_R+1","Bash+1","Cleave+1","Cleave","Disarm","Shrug It Off","Ghostly Armor","Exhume","J.A.X."],"special_seed":0,"relics":["Burning Blood","Ancient Tea Set","Bottled Flame","Pear","Blue Candle","Matryoshka","Snecko Eye","Champion Belt","Torii","Boot","Vajra"],"potions_floor_usage":[27,27],"damage_taken":[{"damage":2.0,"enemies":"Cultist","floor":1.0,"turns":4.0},{"damage":6.0,"enemies":"2 Louse","floor":3.0,"turns":2.0},{"damage":15.0,"enemies":"3 Sentries","floor":7.0,"turns":5.0},{"damage":2.0,"enemies":"Jaw Worm","floor":8.0,"turns":4.0},{"damage":10.0,"enemies":"Looter","floor":10.0,"turns":4.0},{"damage":15.0,"enemies":"Large Slime","floor":12.0,"turns":7.0},{"damage":28.0,"enemies":"Gremlin Nob","floor":14.0,"turns":4.0},{"damage":57.0,"enemies":"Slime Boss","floor":16.0,"turns":10.0},{"damage":22.0,"enemies":"2 Thieves","floor":18.0,"turns":4.0},{"damage":45.0,"enemies":"Book of Stabbing","floor":24.0,"turns":7.0},{"damage":2.0,"enemies":"Spheric Guardian","floor":25.0,"turns":4.0},{"damage":25,"enemies":"3 Cultists","floor":27,"turns":3}],"seed_played":"-1531099616465228473","potions_obtained":[{"floor":3.0,"key":"Swift Potion"},{"floor":5.0,"key":"Block Potion"},{"floor":12.0,"key":"Swift Potion"},{"floor":14.0,"key":"Fire Potion"},{"floor":16.0,"key":"FearPotion"},{"floor":24.0,"key":"Strength Potion"}],"is_trial":false,"path_per_floor":["M","?","M","?","?","R","E","M","T","M","?","M","R","E","R","B",null,"M","?","?","?","$","R","E","M","T","M"],"character_chosen":"IRONCLAD","items_purchased":["Champion Belt","SteroidPotion"],"campfire_rested":3,"item_purchase_floors":[22,22],"current_hp_per_floor":[72,49,49,67,67,67,58,62,72,68,42,33,58,36,61,10,66,50,50,50,26,26,51,12,16,16,0],"gold":73,"neow_bonus":"RANDOM_COMMON_RELIC","is_prod":false,"is_daily":false,"chose_seed":false,"campfire_upgraded":1,"win_rate":0,"timestamp":1562517328,"path_taken":["M","?","M","?","?","R","E","M","T","?","?","M","R","E","R","BOSS","M","?","?","?","$","R","E","M","T","M"],"build_version":"2019-07-05","purchased_purges":0,"victory":false,"max_hp_per_floor":[75,75,75,75,75,75,75,75,85,85,85,85,85,85,85,85,85,85,85,85,85,85,85,85,85,85,85],"card_choices":[{"not_picked":["Body Slam","Iron Wave"],"picked":"Cleave","floor":1.0},{"not_picked":["Heavy Blade","Burning Pact"],"picked":"Cleave","floor":3.0},{"not_picked":["Shrug It Off","Uppercut"],"picked":"Disarm","floor":7.0},{"not_picked":["Armaments","Clash","Seeing Red"],"picked":"SKIP","floor":8.0},{"not_picked":["Clash","Sword Boomerang"],"picked":"Shrug It Off","floor":10.0},{"not_picked":["Sword Boomerang","Flex","Clash"],"picked":"SKIP","floor":12.0},{"not_picked":["Sword Boomerang","Flex","Clash"],"picked":"SKIP","floor":12.0},{"not_picked":["Clothesline","Limit Break"],"picked":"Ghostly Armor","floor":14.0},{"not_picked":["Limit Break","Dark Embrace"],"picked":"Exhume","floor":16.0},{"not_picked":["Anger","Sentinel","Havoc"],"picked":"SKIP","floor":18.0},{"not_picked":["Body Slam","Evolve","True Grit"],"picked":"SKIP","floor":24.0},{"not_picked":["Blood for Blood","Perfected Strike","Sentinel"],"picked":"SKIP","floor":25.0}],"player_experience":2411984,"relics_obtained":[{"floor":7.0,"key":"Bottled Flame"},{"floor":9.0,"key":"Pear"},{"floor":14.0,"key":"Matryoshka"},{"floor":24.0,"key":"Torii"},{"floor":26.0,"key":"Boot"},{"floor":26.0,"key":"Vajra"}],"event_choices":[{"damage_healed":0.0,"max_hp_gain":0.0,"max_hp_loss":0.0,"gold_gain":0.0,"event_name":"Shining Light","player_choice":"Entered Light","floor":2.0,"gold_loss":0.0,"damage_taken":23.0,"cards_upgraded":["Strike_R","Bash"]},{"damage_healed":18.0,"max_hp_gain":0.0,"max_hp_loss":0.0,"gold_gain":0.0,"event_name":"The Cleric","player_choice":"Healed","floor":4.0,"gold_loss":35.0,"damage_taken":0.0},{"damage_healed":0.0,"max_hp_gain":0.0,"max_hp_loss":0.0,"gold_gain":0.0,"event_name":"The Woman in Blue","player_choice":"Bought 1 Potion","floor":5.0,"gold_loss":0.0,"damage_taken":0.0},{"damage_healed":0.0,"max_hp_gain":0.0,"max_hp_loss":0.0,"gold_gain":0.0,"event_name":"Scrap Ooze","player_choice":"Success","floor":11.0,"gold_loss":0.0,"damage_taken":26.0,"relics_obtained":["Blue Candle"]},{"damage_healed":0.0,"max_hp_gain":0.0,"max_hp_loss":0.0,"gold_gain":0.0,"event_name":"Back to Basics","player_choice":"Simplicity","floor":19.0,"gold_loss":0.0,"damage_taken":0.0,"cards_upgraded":["Strike_R","Strike_R","Strike_R","Strike_R","Defend_R","Defend_R","Defend_R","Defend_R"]},{"damage_healed":0.0,"max_hp_gain":0.0,"max_hp_loss":0.0,"gold_gain":0.0,"event_name":"Drug Dealer","player_choice":"Obtain J.A.X.","floor":20.0,"gold_loss":0.0,"damage_taken":0.0,"cards_obtained":["J.A.X."]},{"damage_healed":0.0,"max_hp_gain":0.0,"max_hp_loss":0.0,"gold_gain":180.0,"event_name":"Knowing Skull","player_choice":"GOLD GOLD ","floor":21.0,"potions_obtained":[],"gold_loss":0.0,"damage_taken":24.0,"cards_obtained":[]}],"is_beta":false,"boss_relics":[{"not_picked":["Ectoplasm","Pandora\u0027s Box"],"picked":"Snecko Eye"}],"items_purged_floors":[],"is_endless":false,"potions_floor_spawned":[3,12,14,16,24],"killed_by":"3 Cultists","ascension_level":19}