{"gold_per_floor":[114,114,114,114,129,129,144,144,144,159,174,189,16,16],"floor_reached":14,"playtime":938,"items_purged":[],"score":107,"play_id":"c3ed6194-04ca-4161-96cd-cf4e76ef32f8","local_time":"20190709185138","daily_mods":["Specialized","Red Cards","Lethality"],"is_ascension_mode":false,"campfire_choices":[{"floor":6,"key":"REST"},{"data":"PiercingWail","floor":8,"key":"SMITH"}],"neow_cost":"","seed_source_timestamp":0,"circlet_count":0,"master_deck":["Strike_G","Strike_G","Strike_G","Strike_G","Strike_G","Defend_G+1","Defend_G","Defend_G","Defend_G","Defend_G","Survivor","Neutralize","Double Tap","Double Tap","Double Tap+1","Double Tap","Double Tap","Bouncing Flask","Regret","Flechettes","Cloak And Dagger","PiercingWail+1","Sword Boomerang","Well Laid Plans","Feel No Pain","Impervious","Blade Dance"],"special_seed":18086,"relics":["Ring of the Snake","Letter Opener","The Specimen"],"potions_floor_usage":[12,14],"damage_taken":[{"damage":4,"enemies":"Jaw Worm","floor":1,"turns":5},{"damage":23,"enemies":"2 Louse","floor":5,"turns":3},{"damage":5,"enemies":"Cultist","floor":7,"turns":3},{"damage":6,"enemies":"Looter","floor":10,"turns":2},{"damage":14,"enemies":"Large Slime","floor":11,"turns":4},{"damage":18,"enemies":"Exordium Thugs","floor":12,"turns":5},{"damage":10,"enemies":"2 Fungi Beasts","floor":14,"turns":3}],"seed_played":"2934690668443707342","potions_obtained":[{"floor":7,"key":"FearPotion"},{"floor":10,"key":"PowerPotion"}],"is_trial":false,"path_per_floor":["M","?","?","?","M","R","M","R","T","M","M","M","$","M"],"character_chosen":"THE_SILENT","items_purchased":["Impervious","Blade Dance"],"campfire_rested":1,"item_purchase_floors":[13,13],"current_hp_per_floor":[66,52,52,52,29,50,45,45,45,39,25,7,7,0],"gold":16,"neow_bonus":"","is_prod":false,"is_daily":true,"chose_seed":false,"campfire_upgraded":1,"win_rate":0,"timestamp":1562712698,"path_taken":["M","?","?","?","M","R","M","R","T","M","M","?","$","M"],"build_version":"2019-07-05","purchased_purges":0,"victory":false,"max_hp_per_floor":[70,70,70,70,70,70,70,70,70,70,70,70,70,70],"card_choices":[{"not_picked":["Anger","Inflame"],"picked":"Bouncing Flask","floor":1},{"not_picked":["Inflame","Dagger Throw"],"picked":"Cloak And Dagger","floor":5},{"not_picked":["Leg Sweep","Blur"],"picked":"PiercingWail","floor":7},{"not_picked":["Body Slam","Reckless Charge"],"picked":"Sword Boomerang","floor":10},{"not_picked":["Dagger Throw","Dodge and Roll"],"picked":"Well Laid Plans","floor":11},{"not_picked":["Sever Soul","Blade Dance"],"picked":"Feel No Pain","floor":12}],"player_experience":837848,"relics_obtained":[{"floor":9,"key":"The Specimen"}],"event_choices":[{"damage_healed":0,"gold_gain":0,"player_choice":"Entered Light","damage_taken":14,"max_hp_gain":0,"max_hp_loss":0,"event_name":"Shining Light","floor":2,"gold_loss":0,"cards_upgraded":["Defend_G","Double Tap"]},{"damage_healed":0,"gold_gain":0,"player_choice":"Box","damage_taken":0,"relics_obtained":["Letter Opener"],"max_hp_gain":0,"max_hp_loss":0,"event_name":"Big Fish","floor":3,"gold_loss":0,"cards_obtained":["Regret"]},{"damage_healed":0,"gold_gain":0,"player_choice":"1 cards matched","damage_taken":0,"max_hp_gain":0,"max_hp_loss":0,"event_name":"Match and Keep!","floor":4,"gold_loss":0,"cards_obtained":["Flechettes"]}],"is_beta":false,"boss_relics":[],"items_purged_floors":[],"is_endless":false,"potions_floor_spawned":[7,10],"killed_by":"2 Fungi Beasts","ascension_level":0}