{"gold_per_floor":[109,184,184,200,200,200,233,249,249,260,275,105,137,66,66,169,169,180,180,180,180,180,209,209,220,220,231,257,257,172,185,185,290,290,301,145,192,192,192,192,206,235,235,251,251,48,77,94,94,94,94,94,19,53,53],"floor_reached":55,"playtime":2871,"items_purged":["Parasite"],"score":895,"play_id":"529fac13-2c3f-4ae7-9af4-13b57979cfa5","local_time":"20190709125614","is_ascension_mode":true,"campfire_choices":[{"data":"Spot Weakness","floor":6,"key":"SMITH"},{"data":"Perfected Strike","floor":15,"key":"SMITH"},{"data":"Flame Barrier","floor":24,"key":"SMITH"},{"data":"Shockwave","floor":29,"key":"SMITH"},{"data":"Perfected Strike","floor":32,"key":"SMITH"},{"data":"Exhume","floor":40,"key":"SMITH"},{"data":"Battle Trance","floor":45,"key":"SMITH"},{"floor":49,"key":"RECALL"},{"data":"Pommel Strike","floor":52,"key":"SMITH"}],"neow_cost":"NONE","seed_source_timestamp":353087554573653,"circlet_count":0,"master_deck":["Strike_R+1","Strike_R+1","Strike_R+1","Strike_R+1","Strike_R+1","Defend_R+1","Defend_R+1","Defend_R+1","Bash","Perfected Strike+1","Spot Weakness+1","Juggernaut","Shockwave+1","Perfected Strike+1","Battle Trance+1","Metallicize","Reaper","Body Slam+1","Flame Barrier+1","Clothesline+1","Metallicize+1","Pommel Strike+1","Exhume+1","Perfected Strike+1","Shrug It Off+1"],"relics":["Burning Blood","NeowsBlessing","Pear","Gremlin Horn","Lantern","Boot","Coffee Dripper","MutagenicStrength","Happy Flower","Kunai","Anchor","Bag of Marbles","Velvet Choker","Vajra","Ice Cream","Gambling Chip","PreservedInsect","Orichalcum","Letter Opener"],"potions_floor_usage":[10,13,13,13,16,23,23,28,33,42,50,55,55,55],"damage_taken":[{"damage":0,"enemies":"Cultist","floor":1,"turns":1},{"damage":0,"enemies":"Small Slimes","floor":4,"turns":1},{"damage":0,"enemies":"Gremlin Nob","floor":7,"turns":1},{"damage":18,"enemies":"Jaw Worm","floor":8,"turns":4},{"damage":11,"enemies":"2 Fungi Beasts","floor":10,"turns":3},{"damage":9,"enemies":"3 Louse","floor":11,"turns":2},{"damage":33,"enemies":"Lagavulin","floor":13,"turns":5},{"damage":33,"enemies":"Hexaghost","floor":16,"turns":8},{"damage":0,"enemies":"Spheric Guardian","floor":18,"turns":3},{"damage":16,"enemies":"Gremlin Leader","floor":23,"turns":7},{"damage":1,"enemies":"Chosen","floor":25,"turns":3},{"damage":0,"enemies":"Snake Plant","floor":27,"turns":2},{"damage":20,"enemies":"Book of Stabbing","floor":28,"turns":4},{"damage":0,"enemies":"Centurion and Healer","floor":31,"turns":5},{"damage":49,"enemies":"Collector","floor":33,"turns":8},{"damage":0,"enemies":"3 Shapes","floor":35,"turns":3},{"damage":20,"enemies":"2 Orb Walkers","floor":37,"turns":4},{"damage":0,"enemies":"3 Darklings","floor":41,"turns":2},{"damage":26,"enemies":"Reptomancer","floor":42,"turns":5},{"damage":8,"enemies":"Transient","floor":44,"turns":5},{"damage":2,"enemies":"Nemesis","floor":47,"turns":3},{"damage":0,"enemies":"Writhing Mass","floor":48,"turns":4},{"damage":52,"enemies":"Time Eater","floor":50,"turns":8},{"damage":26,"enemies":"Shield and Spear","floor":54,"turns":4},{"damage":91,"enemies":"The Heart","floor":55,"turns":5}],"seed_played":"5643195261150932048","potions_obtained":[{"floor":1,"key":"PowerPotion"},{"floor":3,"key":"EntropicBrew"},{"floor":3,"key":"Energy Potion"},{"floor":23,"key":"Fruit Juice"},{"floor":28,"key":"Ancient Potion"},{"floor":31,"key":"Regen Potion"},{"floor":33,"key":"Explosive Potion"},{"floor":35,"key":"EssenceOfSteel"},{"floor":37,"key":"Dexterity Potion"},{"floor":54,"key":"FearPotion"}],"is_trial":false,"path_per_floor":["M","?","?","M","$","R","E","M","T","M","M","$","E","$","R","B",null,"M","?","?","?","?","E","R","M","T","M","E","R","?","M","R","B",null,"M","$","?","?","?","R","M","E","T","M","R","$","E","M","R","B",null,"R","$","E","B"],"character_chosen":"IRONCLAD","items_purchased":["Perfected Strike","Lantern","Metallicize","Vajra","PreservedInsect","Weak Potion"],"campfire_rested":0,"item_purchase_floors":[12,12,14,36,46,46],"current_hp_per_floor":[80,69,69,75,75,75,90,78,78,73,70,70,43,43,43,16,90,90,90,90,90,90,95,95,95,95,95,81,81,81,88,88,52,95,95,95,88,88,88,88,94,93,93,91,91,91,95,95,95,61,95,95,92,80,0],"gold":53,"neow_bonus":"THREE_ENEMY_KILL","is_prod":false,"is_daily":false,"chose_seed":false,"campfire_upgraded":8,"win_rate":0,"timestamp":1562691374,"path_taken":["M","?","?","?","$","R","E","M","T","M","M","?","E","$","R","BOSS","M","?","?","?","?","E","R","M","T","M","E","R","?","?","R","BOSS","M","$","?","?","?","R","M","E","T","M","R","?","E","M","R","BOSS","R","$","E","BOSS"],"build_version":"2019-07-05","purchased_purges":1,"victory":false,"max_hp_per_floor":[80,80,80,80,80,80,90,90,90,90,90,90,90,90,90,90,90,90,90,90,90,90,95,95,95,95,95,95,95,95,95,95,95,95,95,95,95,95,95,95,95,95,95,95,95,95,95,95,95,95,95,95,92,92,92],"card_choices":[{"not_picked":["Sever Soul","Heavy Blade"],"picked":"Perfected Strike","floor":1},{"not_picked":["Searing Blow","Clash"],"picked":"Spot Weakness","floor":4},{"not_picked":["Armaments","Rage"],"picked":"Juggernaut","floor":7},{"not_picked":["Body Slam","Sword Boomerang"],"picked":"Shockwave","floor":8},{"not_picked":["Rupture","Thunderclap","Intimidate"],"picked":"SKIP","floor":10},{"not_picked":["Thunderclap","Heavy Blade","Rampage"],"picked":"SKIP","floor":11},{"not_picked":["Sentinel","Spot Weakness"],"picked":"Battle Trance","floor":13},{"not_picked":["Double Tap","Dark Embrace"],"picked":"Reaper","floor":16},{"not_picked":["Dropkick+1","Thunderclap"],"picked":"Body Slam+1","floor":18},{"not_picked":["Perfected Strike","Body Slam"],"picked":"Clothesline+1","floor":23},{"not_picked":["Second Wind","Perfected Strike+1"],"picked":"Metallicize+1","floor":25},{"not_picked":["Iron Wave","Twin Strike+1","Thunderclap"],"picked":"SKIP","floor":27},{"not_picked":["Anger","Wild Strike","True Grit"],"picked":"SKIP","floor":28},{"not_picked":["Battle Trance","Anger"],"picked":"Pommel Strike","floor":31},{"not_picked":["Reaper","Limit Break"],"picked":"Exhume","floor":33},{"not_picked":["Body Slam","Dropkick+1","Armaments+1"],"picked":"SKIP","floor":35},{"not_picked":["Body Slam","Flex+1","Iron Wave"],"picked":"SKIP","floor":41},{"not_picked":["Anger","Clothesline+1"],"picked":"Perfected Strike+1","floor":42},{"not_picked":["Flex","True Grit+1","Second Wind"],"picked":"SKIP","floor":44},{"not_picked":["Brutality","Heavy Blade","Carnage"],"picked":"SKIP","floor":47},{"not_picked":["Wild Strike+1","Warcry+1","Cleave"],"picked":"SKIP","floor":48},{"not_picked":["Combust","Warcry"],"picked":"Shrug It Off+1","floor":54}],"player_experience":230264,"relics_obtained":[{"floor":7,"key":"Pear"},{"floor":9,"key":"Gremlin Horn"},{"floor":13,"key":"Boot"},{"floor":23,"key":"Happy Flower"},{"floor":26,"key":"Kunai"},{"floor":28,"key":"Anchor"},{"floor":37,"key":"Ice Cream"},{"floor":42,"key":"Gambling Chip"},{"floor":47,"key":"Orichalcum"},{"floor":54,"key":"Letter Opener"}],"event_choices":[{"damage_healed":0,"gold_gain":75,"player_choice":"Gather Gold","damage_taken":11,"max_hp_gain":0,"max_hp_loss":0,"event_name":"World of Goop","floor":2,"gold_loss":0},{"damage_healed":0,"gold_gain":0,"player_choice":"Got Potions","damage_taken":0,"max_hp_gain":0,"max_hp_loss":0,"event_name":"Lab","floor":3,"gold_loss":0},{"damage_healed":0,"gold_gain":0,"player_choice":"Simplicity","damage_taken":0,"max_hp_gain":0,"max_hp_loss":0,"event_name":"Back to Basics","floor":19,"gold_loss":0,"cards_upgraded":["Strike_R","Strike_R","Strike_R","Strike_R","Strike_R","Defend_R","Defend_R","Defend_R","Defend_R"]},{"damage_healed":0,"gold_gain":0,"player_choice":"Ignored","damage_taken":0,"max_hp_gain":0,"max_hp_loss":0,"event_name":"Ghosts","floor":20,"gold_loss":0},{"damage_healed":0,"gold_gain":0,"player_choice":"Inject Mutagens","damage_taken":0,"relics_obtained":["MutagenicStrength"],"max_hp_gain":0,"max_hp_loss":0,"event_name":"Drug Dealer","floor":21,"gold_loss":0},{"damage_healed":0,"gold_gain":0,"player_choice":"Read","damage_taken":0,"max_hp_gain":0,"max_hp_loss":0,"event_name":"The Library","floor":22,"gold_loss":0,"cards_obtained":["Flame Barrier"]},{"damage_healed":0,"gold_gain":0,"player_choice":"Obtained Relic","damage_taken":0,"relics_obtained":["Bag of Marbles"],"max_hp_gain":0,"max_hp_loss":0,"event_name":"Addict","floor":30,"gold_loss":85},{"damage_healed":0,"gold_gain":0,"player_choice":"Fight","damage_taken":0,"max_hp_gain":0,"max_hp_loss":0,"event_name":"Mysterious Sphere","floor":37,"gold_loss":0},{"damage_healed":0,"gold_gain":0,"player_choice":"Memory 1","damage_taken":0,"max_hp_gain":0,"max_hp_loss":0,"event_name":"SensoryStone","floor":38,"gold_loss":0},{"cards_removed":["Defend_R"],"damage_healed":0,"gold_gain":0,"player_choice":"Removed Skill","damage_taken":0,"max_hp_gain":0,"max_hp_loss":0,"event_name":"Falling","floor":39,"gold_loss":0}],"is_beta":false,"boss_relics":[{"not_picked":["Black Star","Eternal Feather"],"picked":"Coffee Dripper"},{"not_picked":["Fusion Hammer","Philosopher\u0027s Stone"],"picked":"Velvet Choker"}],"items_purged_floors":[53],"is_endless":false,"potions_floor_spawned":[1,4,8,23,28,31,33,35,37,47,54],"killed_by":"The Heart","ascension_level":4}