{"gold_per_floor":[114,114,189,206,206,206,218,218,218,248,267,277,297,297,297,402,452,463,481,481,481,481,481,494,593,667,667,696,696,707,94,94,197,197,210,210,210,0,0,0,13,13,39,6,6],"floor_reached":45,"playtime":2786,"items_purged":[],"score":444,"play_id":"f433a5d1-1f46-4197-8b01-b34c702d755b","local_time":"20190707220024","is_ascension_mode":false,"campfire_choices":[{"data":"Zap","floor":6,"key":"SMITH"},{"data":"Defragment","floor":8,"key":"SMITH"},{"data":"White Noise","floor":15,"key":"SMITH"},{"data":"Steam","floor":23,"key":"SMITH"},{"floor":27,"key":"REST"},{"data":"Seek","floor":29,"key":"SMITH"},{"data":"Apotheosis","floor":32,"key":"SMITH"},{"data":"Streamline","floor":40,"key":"SMITH"},{"data":"BootSequence","floor":42,"key":"SMITH"}],"neow_cost":"NONE","seed_source_timestamp":265024868904796,"circlet_count":0,"master_deck":["Defend_B+1","Defend_B+1","Defend_B+1","Zap+1","Dualcast","Leap","Defragment+1","Streamline+1","Beam Cell","Consume","White Noise+1","Seek+1","Steam+1","Bite","Bite","Bite","Bite","Bite","Stack","Conserve Battery","BootSequence+1","Apotheosis+1","Defragment+1","Capacitor+1","Bandage Up","Conserve Battery","Heatsinks+1"],"relics":["Cracked Core","Happy Flower","Nunchaku","Pantograph","Mummified Hand","Tiny House","Frozen Egg 2","Juzu Bracelet","Oddly Smooth Stone","MealTicket","Black Star","Red Mask","Strawberry"],"potions_floor_usage":[13,24,30,30,33,45],"damage_taken":[{"damage":0,"enemies":"Small Slimes","floor":1,"turns":3},{"damage":2,"enemies":"2 Louse","floor":4,"turns":2},{"damage":0,"enemies":"Cultist","floor":7,"turns":3},{"damage":9,"enemies":"Blue Slaver","floor":11,"turns":3},{"damage":0,"enemies":"Exordium Wildlife","floor":12,"turns":2},{"damage":20,"enemies":"Gremlin Gang","floor":13,"turns":4},{"damage":6,"enemies":"The Guardian","floor":16,"turns":10},{"damage":35,"enemies":"2 Thieves","floor":18,"turns":4},{"damage":17,"enemies":"3 Byrds","floor":19,"turns":5},{"damage":34,"enemies":"3 Cultists","floor":24,"turns":5},{"damage":27,"enemies":"Gremlin Leader","floor":28,"turns":9},{"damage":12,"enemies":"Centurion and Healer","floor":30,"turns":7},{"damage":71,"enemies":"Collector","floor":33,"turns":14},{"damage":47,"enemies":"3 Darklings","floor":35,"turns":6},{"damage":21,"enemies":"Orb Walker","floor":41,"turns":6},{"damage":88,"enemies":"2 Orb Walkers","floor":45,"turns":5}],"seed_played":"-487459621502418502","potions_obtained":[{"floor":1,"key":"Fire Potion"},{"floor":12,"key":"SkillPotion"},{"floor":13,"key":"Fruit Juice"},{"floor":16,"key":"PowerPotion"},{"floor":30,"key":"Block Potion"},{"floor":35,"key":"PowerPotion"}],"is_trial":false,"path_per_floor":["M","?","?","M","?","R","M","R","T","?","M","M","M","?","R","B",null,"M","M","?","?","?","R","M","?","T","R","E","R","M","$","R","B",null,"M","?","?","?","$","R","M","R","T","$","?"],"character_chosen":"DEFECT","items_purchased":["Apotheosis","Defragment+1","Oddly Smooth Stone","MealTicket","Heatsinks+1"],"campfire_rested":1,"item_purchase_floors":[31,31,31,31,44],"current_hp_per_floor":[75,68,57,55,48,48,48,48,48,48,39,39,24,29,29,48,90,55,38,38,38,32,32,6,6,6,24,17,17,21,21,21,25,62,30,72,72,72,72,72,51,51,58,73,0],"gold":6,"neow_bonus":"RANDOM_COMMON_RELIC","is_prod":false,"is_daily":false,"chose_seed":false,"campfire_upgraded":8,"win_rate":0.0,"timestamp":1562572824,"path_taken":["M","?","?","M","?","R","M","R","T","?","M","M","M","?","R","BOSS","M","M","?","?","?","R","?","?","T","R","E","R","M","$","R","BOSS","M","?","?","?","$","R","M","R","T","$","?"],"build_version":"2019-07-05","purchased_purges":0,"victory":false,"max_hp_per_floor":[75,75,75,75,75,75,75,75,75,75,75,75,80,85,85,85,90,90,90,62,62,62,62,62,62,62,62,62,62,62,62,62,62,62,62,72,72,72,72,72,72,72,79,79,79],"card_choices":[{"not_picked":["Scrape","Gash"],"picked":"Leap","floor":1},{"not_picked":["Reprogram","Rebound"],"picked":"Defragment","floor":4},{"not_picked":["Undo","Gash"],"picked":"Streamline","floor":7},{"not_picked":["Reinforced Body","Undo"],"picked":"Beam Cell","floor":11},{"not_picked":["Coolheaded","Hologram"],"picked":"Consume","floor":12},{"not_picked":["Beam Cell","Hello World"],"picked":"White Noise","floor":13},{"not_picked":["Multi-Cast","Fission"],"picked":"Seek","floor":16},{"not_picked":["Gash","Coolheaded+1"],"picked":"Steam","floor":18},{"not_picked":["Doom and Gloom","Go for the Eyes","Steam"],"picked":"SKIP","floor":19},{"not_picked":["Rebound","Sunder"],"picked":"Stack","floor":24},{"not_picked":["Cold Snap","Reinforced Body+1"],"picked":"Conserve Battery","floor":28},{"not_picked":["Stack","Sweeping Beam"],"picked":"BootSequence","floor":30},{"not_picked":["Biased Cognition+1","Hyperbeam"],"picked":"Rainbow","floor":33},{"not_picked":["Conserve Battery+1","Coolheaded+1"],"picked":"Capacitor+1","floor":35},{"not_picked":["Mind Blast","Enlightenment"],"picked":"Bandage Up","floor":37},{"not_picked":["Redo","Beam Cell"],"picked":"Conserve Battery","floor":41}],"player_experience":45566,"relics_obtained":[{"floor":9,"key":"Pantograph"},{"floor":26,"key":"Frozen Egg 2"},{"floor":28,"key":"Juzu Bracelet"},{"floor":43,"key":"Strawberry"}],"event_choices":[{"cards_removed":["Defend_B"],"damage_healed":0,"gold_gain":0,"player_choice":"Card Removal","damage_taken":7,"max_hp_gain":0,"max_hp_loss":0,"event_name":"Golden Wing","floor":2,"gold_loss":0},{"damage_healed":0,"gold_gain":75,"player_choice":"Gather Gold","damage_taken":11,"max_hp_gain":0,"max_hp_loss":0,"event_name":"World of Goop","floor":3,"gold_loss":0},{"damage_healed":0,"gold_gain":0,"player_choice":"Success","damage_taken":7,"relics_obtained":["Nunchaku"],"max_hp_gain":0,"max_hp_loss":0,"event_name":"Scrap Ooze","floor":5,"gold_loss":0},{"damage_healed":0,"gold_gain":30,"player_choice":"Searched \u00273\u0027 times","damage_taken":0,"relics_obtained":["Mummified Hand"],"max_hp_gain":0,"max_hp_loss":0,"event_name":"Dead Adventurer","floor":10,"gold_loss":0},{"damage_healed":0,"gold_gain":0,"player_choice":"Donut","damage_taken":0,"max_hp_gain":5,"max_hp_loss":0,"event_name":"Big Fish","floor":14,"gold_loss":0},{"damage_healed":0,"gold_gain":0,"player_choice":"Became a vampire","damage_taken":0,"max_hp_gain":0,"max_hp_loss":28,"event_name":"Vampires","floor":20,"gold_loss":0,"cards_obtained":["Bite","Bite","Bite","Bite","Bite"]},{"damage_healed":0,"gold_gain":0,"player_choice":"Simplicity","damage_taken":0,"max_hp_gain":0,"max_hp_loss":0,"event_name":"Back to Basics","floor":21,"gold_loss":0,"cards_upgraded":["Defend_B","Defend_B","Defend_B"]},{"damage_healed":0,"gold_gain":0,"player_choice":"","damage_taken":6,"max_hp_gain":0,"max_hp_loss":0,"event_name":"Knowing Skull","floor":22,"potions_obtained":[],"gold_loss":0,"cards_obtained":[]},{"damage_healed":0,"gold_gain":99,"player_choice":"Stole From Cult","damage_taken":0,"max_hp_gain":0,"max_hp_loss":0,"event_name":"Nest","floor":25,"gold_loss":0},{"cards_removed":["Rainbow"],"damage_healed":32,"gold_gain":0,"player_choice":"Offered Rare","damage_taken":0,"max_hp_gain":10,"max_hp_loss":0,"event_name":"Bonfire Elementals","floor":36,"gold_loss":0},{"damage_healed":0,"gold_gain":0,"player_choice":"Memory 1","damage_taken":0,"max_hp_gain":0,"max_hp_loss":0,"event_name":"SensoryStone","floor":37,"gold_loss":0},{"damage_healed":0,"gold_gain":0,"player_choice":"Paid","damage_taken":0,"relics_obtained":["Red Mask"],"max_hp_gain":0,"max_hp_loss":0,"event_name":"Tomb of Lord Red Mask","floor":38,"gold_loss":210},{"damage_healed":0,"gold_gain":0,"player_choice":"Fight","damage_taken":0,"max_hp_gain":0,"max_hp_loss":0,"event_name":"Mysterious Sphere","floor":45,"gold_loss":0}],"is_beta":false,"boss_relics":[{"not_picked":["Cursed Key","Sozu"],"picked":"Tiny House"},{"not_picked":["White Beast Statue","Astrolabe"],"picked":"Black Star"}],"items_purged_floors":[],"is_endless":false,"potions_floor_spawned":[1,12,13,16,18,30,35],"killed_by":"2 Orb Walkers","ascension_level":0}