{"gold_per_floor":[113,388,398,408,408,439,439,466,466,496,671,208,220,19,19,117,117,136,156,168,5,19,45,45,75,120,9,9,9,9,9,9,9],"floor_reached":33,"playtime":1684,"items_purged":[],"score":316,"play_id":"ce05bed3-9a83-4749-a6d0-029877161a9c","local_time":"20190706020620","is_ascension_mode":true,"campfire_choices":[{"floor":7,"key":"REST"},{"floor":15,"key":"REST"},{"floor":29,"key":"REST"},{"floor":32,"key":"REST"}],"neow_cost":"NONE","seed_source_timestamp":456911913644945,"circlet_count":0,"master_deck":["Bash","Intimidate","Rampage+1","Flex","Metallicize","Anger","Pommel Strike","Sadistic Nature","Inflame","Armaments","Reaper","Immolate","Brutality","Pommel Strike","Feed","Juggernaut","Carnage","Rage","Wild Strike","Sword Boomerang","Uppercut","Cleave","Dropkick+1","Flex","Fire Breathing","Dramatic Entrance","Anger+1","Iron Wave+1","Armaments+1","Anger","Bash"],"relics":["Burning Blood","Paper Frog","Du-Vu Doll","Ice Cream","Magic Flower","Membership Card","Darkstone Periapt","Blue Candle","Pandora\u0027s Box","Orichalcum","Bottled Tornado","Vajra","Juzu Bracelet","Strawberry","Nloth\u0027s Gift"],"potions_floor_usage":[16,18,19,20,22,28,28],"damage_taken":[{"damage":7,"enemies":"Small Slimes","floor":1,"turns":5},{"damage":0,"enemies":"Cultist","floor":3,"turns":3},{"damage":5,"enemies":"Jaw Worm","floor":4,"turns":3},{"damage":39,"enemies":"3 Sentries","floor":6,"turns":9},{"damage":20,"enemies":"Lagavulin","floor":8,"turns":7},{"damage":28,"enemies":"3 Sentries","floor":10,"turns":9},{"damage":8,"enemies":"Blue Slaver","floor":13,"turns":3},{"damage":22,"enemies":"The Guardian","floor":16,"turns":11},{"damage":40,"enemies":"2 Thieves","floor":18,"turns":4},{"damage":27,"enemies":"Spheric Guardian","floor":19,"turns":4},{"damage":67,"enemies":"3 Cultists","floor":20,"turns":6},{"damage":18,"enemies":"Snake Plant","floor":22,"turns":4},{"damage":34,"enemies":"Slavers","floor":23,"turns":4},{"damage":51,"enemies":"Book of Stabbing","floor":25,"turns":5},{"damage":7,"enemies":"Colosseum Slavers","floor":28,"turns":3},{"damage":81,"enemies":"Automaton","floor":33,"turns":8}],"seed_played":"4146605979377982576","potions_obtained":[{"floor":1,"key":"SteroidPotion"},{"floor":10,"key":"Poison Potion"},{"floor":13,"key":"BloodPotion"},{"floor":16,"key":"BloodPotion"},{"floor":18,"key":"AttackPotion"},{"floor":25,"key":"Block Potion"}],"is_trial":false,"path_per_floor":["M","?","M","M","?","E","R","E","T","E","?","$","M","$","R","B",null,"M","M","M","$","M","E","?","E","T","$","?","R","?","?","R","B"],"character_chosen":"IRONCLAD","items_purchased":["Membership Card","Darkstone Periapt","Sadistic Nature","Inflame","Blue Candle","Reaper","Orichalcum","Fire Breathing","Dramatic Entrance","Strawberry","Anger","PowerPotion"],"campfire_rested":4,"item_purchase_floors":[12,12,12,12,14,14,21,21,21,27,27,27],"current_hp_per_floor":[79,79,80,80,80,47,71,57,57,35,35,35,36,36,60,62,80,71,53,57,57,53,43,43,16,16,23,25,52,52,52,79,0],"gold":9,"neow_bonus":"RANDOM_COMMON_RELIC","is_prod":false,"is_daily":false,"chose_seed":false,"campfire_upgraded":0,"win_rate":0,"timestamp":1562393180,"path_taken":["M","?","?","M","?","E","R","E","T","E","?","?","M","$","R","BOSS","M","M","M","$","M","E","?","E","T","$","?","R","?","?","R","BOSS"],"build_version":"2019-07-05","purchased_purges":0,"victory":false,"max_hp_per_floor":[80,80,80,80,80,80,80,80,80,80,80,80,80,80,80,80,80,83,83,86,86,86,86,86,86,86,93,93,93,93,93,93,93],"card_choices":[{"not_picked":["Evolve","Pummel"],"picked":"Intimidate","floor":1},{"not_picked":["Carnage","Body Slam"],"picked":"Rampage","floor":3},{"not_picked":["Ghostly Armor","True Grit"],"picked":"Flex","floor":4},{"not_picked":["Reckless Charge","Iron Wave"],"picked":"Metallicize","floor":6},{"not_picked":["True Grit","Intimidate"],"picked":"Anger","floor":8},{"not_picked":["Twin Strike","Uppercut"],"picked":"Pommel Strike","floor":10},{"not_picked":["Intimidate","Twin Strike"],"picked":"Armaments","floor":13},{"not_picked":["Double Tap","Dark Embrace"],"picked":"Immolate","floor":16},{"not_picked":["Havoc","Body Slam"],"picked":"Cleave","floor":18},{"not_picked":["True Grit","Clothesline"],"picked":"Dropkick+1","floor":19},{"not_picked":["Bloodletting","Twin Strike"],"picked":"Flex","floor":20},{"not_picked":["Clash","Flame Barrier"],"picked":"Anger+1","floor":22},{"not_picked":["Twin Strike","Combust+1"],"picked":"Iron Wave+1","floor":23},{"not_picked":["Berserk","Disarm"],"picked":"Armaments+1","floor":25}],"player_experience":821631,"relics_obtained":[{"floor":6,"key":"Paper Frog"},{"floor":8,"key":"Du-Vu Doll"},{"floor":9,"key":"Ice Cream"},{"floor":10,"key":"Magic Flower"},{"floor":23,"key":"Bottled Tornado"},{"floor":25,"key":"Vajra"},{"floor":26,"key":"Juzu Bracelet"}],"event_choices":[{"damage_healed":0,"gold_gain":275,"player_choice":"Desecrate","damage_taken":0,"max_hp_gain":0,"max_hp_loss":0,"event_name":"Golden Shrine","floor":2,"gold_loss":0,"cards_obtained":["Regret"]},{"damage_healed":0,"gold_gain":0,"player_choice":"Grow","damage_taken":0,"max_hp_gain":0,"max_hp_loss":0,"event_name":"Living Wall","floor":5,"gold_loss":0,"cards_upgraded":["Rampage"]},{"damage_healed":0,"gold_gain":175,"player_choice":"AGREE","damage_taken":0,"max_hp_gain":0,"max_hp_loss":0,"event_name":"Liars Game","floor":11,"gold_loss":0,"cards_obtained":["Doubt"]},{"damage_healed":0,"gold_gain":0,"player_choice":"Ignored","damage_taken":0,"max_hp_gain":0,"max_hp_loss":0,"event_name":"Ghosts","floor":24,"gold_loss":0},{"damage_healed":0,"gold_gain":0,"player_choice":"Fight","damage_taken":0,"max_hp_gain":0,"max_hp_loss":0,"event_name":"Colosseum","floor":28,"gold_loss":0},{"damage_healed":0,"gold_gain":0,"player_choice":"Fled From Nobs","damage_taken":0,"max_hp_gain":0,"max_hp_loss":0,"event_name":"Colosseum","floor":28,"gold_loss":0},{"damage_healed":0,"gold_gain":0,"player_choice":"Traded Relic","damage_taken":0,"relics_obtained":["Nloth\u0027s Gift"],"max_hp_gain":0,"max_hp_loss":0,"event_name":"N\u0027loth","floor":30,"relics_lost":["Omamori"],"gold_loss":0},{"damage_healed":0,"gold_gain":0,"player_choice":"1 cards matched","damage_taken":0,"max_hp_gain":0,"max_hp_loss":0,"event_name":"Match and Keep!","floor":31,"gold_loss":0,"cards_obtained":["Bash"]}],"is_beta":false,"boss_relics":[{"not_picked":["Mark of Pain","Tiny House"],"picked":"Pandora\u0027s Box"}],"items_purged_floors":[],"is_endless":false,"potions_floor_spawned":[1,10,13,16,18,25,28],"killed_by":"Automaton","ascension_level":1}