{"gold_per_floor":[114,129,129,129,144,174,174,174],"floor_reached":8,"playtime":543,"items_purged":[],"score":56,"play_id":"953788b1-18d6-40ca-a69f-4ee32f946d0c","local_time":"20181014054951","daily_mods":["Draft","Green Cards","Elite Swarm"],"is_ascension_mode":false,"campfire_choices":[{"data":"White Noise","floor":7,"key":"SMITH"}],"neow_cost":"","seed_source_timestamp":0,"circlet_count":0,"master_deck":["Slice","White Noise+1","Caltrops","Loop","Reprogram","Quick Slash","Slice","Blur","Heatsinks","Concentrate","Aggregate","Self Repair","Turbo","Backstab","Genetic Algorithm","Footwork","Fusion","Regret","BootSequence","Envenom"],"special_seed":17818,"relics":["Cracked Core","Ancient Tea Set","Singing Bowl","Regal Pillow"],"potions_floor_usage":[6,8],"damage_taken":[{"damage":6,"enemies":"2 Louse","floor":1,"turns":2},{"damage":15,"enemies":"Jaw Worm","floor":2,"turns":4},{"damage":3,"enemies":"Small Slimes","floor":5,"turns":5},{"damage":14,"enemies":"3 Sentries","floor":6,"turns":5},{"damage":68,"enemies":"Lagavulin","floor":8,"turns":6}],"seed_played":"8003308014887678719","potions_obtained":[{"floor":2,"key":"Explosive Potion"},{"floor":6,"key":"Strength Potion"}],"is_trial":false,"path_per_floor":["M","M","?","?","M","E","R"],"character_chosen":"DEFECT","items_purchased":[],"campfire_rested":0,"item_purchase_floors":[],"current_hp_per_floor":[75,67,55,55,59,52,52,0],"gold":174,"neow_bonus":"","is_prod":false,"is_daily":true,"chose_seed":false,"campfire_upgraded":1,"win_rate":0,"timestamp":1539510591,"path_taken":["M","M","?","?","M","E","R","E"],"build_version":"2018-10-11","purchased_purges":0,"victory":false,"max_hp_per_floor":[75,75,75,75,75,75,75,75],"card_choices":[{"not_picked":["Dagger Throw","Scrape"],"picked":"Slice","floor":0},{"not_picked":["Sunder","Quick Slash"],"picked":"White Noise","floor":0},{"not_picked":["Rebound","Blizzard"],"picked":"Caltrops","floor":0},{"not_picked":["Outmaneuver","Blade Dance"],"picked":"Loop","floor":0},{"not_picked":["Redo","PiercingWail"],"picked":"Reprogram","floor":0},{"not_picked":["Compile Driver","Cold Snap"],"picked":"Quick Slash","floor":0},{"not_picked":["Steam","Barrage"],"picked":"Slice","floor":0},{"not_picked":["PiercingWail","Ball Lightning"],"picked":"Blur","floor":0},{"not_picked":["Bane","Blade Dance"],"picked":"Heatsinks","floor":0},{"not_picked":["Compile Driver","White Noise"],"picked":"Concentrate","floor":0},{"not_picked":["Ball Lightning","Outmaneuver"],"picked":"Aggregate","floor":0},{"not_picked":["Fusion","Streamline"],"picked":"Self Repair","floor":0},{"not_picked":["Coolheaded","Endless Agony"],"picked":"Turbo","floor":0},{"not_picked":["Leap","Flying Knee"],"picked":"Backstab","floor":0},{"not_picked":["Bane","Quick Slash"],"picked":"Genetic Algorithm","floor":0},{"not_picked":["Streamline","Outmaneuver"],"picked":"Footwork","floor":1},{"not_picked":["Dodge and Roll","Capacitor"],"picked":"Fusion","floor":2},{"not_picked":["Slice","Poisoned Stab"],"picked":"BootSequence","floor":5},{"not_picked":["Wraith Form v2","Burst"],"picked":"Envenom","floor":6}],"player_experience":434350,"relics_obtained":[{"floor":6,"key":"Regal Pillow"}],"event_choices":[{"event_name":"Scrap Ooze","player_choice":"success","floor":3,"damage_taken":12},{"event_name":"Big Fish","player_choice":"Box","floor":4,"damage_taken":0}],"is_beta":false,"boss_relics":[],"items_purged_floors":[],"is_endless":false,"potions_floor_spawned":[2,6],"killed_by":"Lagavulin","ascension_level":0}