{"gold_per_floor":[110,35,45,120,220,220,238,252,330,343,343,363,382,382,382,485,485,495,224,235,245,245,245,160,160,160,160,10,37,37,57,57,156,156,166,181,181,181],"floor_reached":38,"playtime":2533,"items_purged":["Strike_B","Strike_B"],"score":436,"play_id":"b756c0e3-8e82-4592-b23d-2c1816d8eb9b","local_time":"20190709131436","is_ascension_mode":false,"campfire_choices":[{"data":"Dualcast","floor":6,"key":"SMITH"},{"floor":11,"key":"REST"},{"floor":15,"key":"REST"},{"data":"Mayhem","floor":23,"key":"SMITH"},{"data":"Capacitor","floor":25,"key":"SMITH"},{"data":"Defragment","floor":27,"key":"SMITH"},{"floor":30,"key":"REST"},{"data":"Machine Learning","floor":32,"key":"SMITH"}],"neow_cost":"NONE","seed_source_timestamp":1221955418100,"circlet_count":0,"master_deck":["Strike_B","Strike_B","Defend_B","Defend_B","Defend_B","Defend_B","Zap+1","Dualcast+1","Stack","Ball Lightning","Defragment+1","Sunder+1","Ball Lightning+1","Go for the Eyes+1","Streamline+1","Machine Learning+1","Cold Snap+1","Mayhem+1","Capacitor+1","Stack","Rainbow+1","Steam Power+1","Leap+1","Buffer","Hologram+1","Glacier+1","Apotheosis+1"],"relics":["Cracked Core","Molten Egg 2","Eternal Feather","Smiling Mask","Toxic Egg 2","Matryoshka","Black Star"],"potions_floor_usage":[33,33],"damage_taken":[{"damage":1,"enemies":"Cultist","floor":1,"turns":3},{"damage":2,"enemies":"Small Slimes","floor":3,"turns":3},{"damage":8,"enemies":"Jaw Worm","floor":7,"turns":2},{"damage":21,"enemies":"Lots of Slimes","floor":8,"turns":4},{"damage":0,"enemies":"Large Slime","floor":10,"turns":4},{"damage":0,"enemies":"Exordium Thugs","floor":12,"turns":3},{"damage":1,"enemies":"2 Fungi Beasts","floor":13,"turns":3},{"damage":0,"enemies":"Slime Boss","floor":16,"turns":6},{"damage":0,"enemies":"Spheric Guardian","floor":18,"turns":3},{"damage":15,"enemies":"2 Thieves","floor":20,"turns":3},{"damage":16,"enemies":"Snake Plant","floor":21,"turns":5},{"damage":45,"enemies":"Book of Stabbing","floor":29,"turns":6},{"damage":6,"enemies":"Snecko","floor":31,"turns":5},{"damage":56,"enemies":"Collector","floor":33,"turns":10},{"damage":62,"enemies":"3 Darklings","floor":35,"turns":7},{"damage":5,"enemies":"Orb Walker","floor":36,"turns":4},{"damage":12,"enemies":"Spire Growth","floor":38,"turns":2}],"seed_played":"-8252598296191382349","potions_obtained":[{"floor":3,"key":"AttackPotion"},{"floor":7,"key":"Weak Potion"},{"floor":12,"key":"Strength Potion"},{"floor":18,"key":"PowerPotion"},{"floor":35,"key":"Fire Potion"}],"is_trial":false,"path_per_floor":["M","$","M","?","?","R","M","M","T","M","R","M","M","?","R","B",null,"M","$","M","M","?","R","?","R","T","R","$","E","R","M","R","B",null,"M","M","?","M"],"character_chosen":"DEFECT","items_purchased":["Mayhem","Rainbow+1"],"campfire_rested":3,"item_purchase_floors":[19,28],"current_hp_per_floor":[74,74,72,61,61,61,53,32,32,32,54,54,53,53,75,75,75,75,75,60,44,44,56,56,68,68,75,75,30,64,58,70,14,75,13,8,8,0],"gold":181,"neow_bonus":"UPGRADE_CARD","is_prod":false,"is_daily":false,"chose_seed":false,"campfire_upgraded":5,"win_rate":0.0,"timestamp":1562670876,"path_taken":["M","?","?","?","?","R","M","?","T","M","R","M","?","?","R","BOSS","M","$","M","M","?","R","?","R","T","R","$","E","R","M","R","BOSS","M","M","?","M"],"build_version":"2019-07-05","purchased_purges":2,"victory":false,"max_hp_per_floor":[75,75,75,75,75,75,75,75,75,75,75,75,75,75,75,75,75,75,75,75,75,75,75,75,75,75,75,75,75,75,75,75,75,75,75,75,75,75],"card_choices":[{"not_picked":["Compile Driver","Force Field"],"picked":"Stack","floor":1},{"not_picked":["Lockon","Barrage"],"picked":"Ball Lightning","floor":3},{"not_picked":["Heatsinks","Steam"],"picked":"Defragment","floor":7},{"not_picked":["Glacier","Compile Driver"],"picked":"Sunder","floor":8},{"not_picked":["Steam","Hologram"],"picked":"Ball Lightning+1","floor":10},{"not_picked":["Undo","Rebound+1"],"picked":"Go for the Eyes+1","floor":12},{"not_picked":["Redo","Coolheaded"],"picked":"Streamline+1","floor":13},{"not_picked":["Meteor Strike+1","Buffer"],"picked":"Machine Learning","floor":16},{"not_picked":["Sweeping Beam+1","Skim"],"picked":"Cold Snap+1","floor":18},{"not_picked":["Stack","Defragment+1"],"picked":"Capacitor","floor":20},{"not_picked":["Steam","Genetic Algorithm+1"],"picked":"Stack","floor":21},{"not_picked":["Ball Lightning+1","Undo+1"],"picked":"Steam Power+1","floor":29},{"not_picked":["Loop","Barrage+1"],"picked":"Leap+1","floor":31},{"not_picked":["Echo Form","Fission+1"],"picked":"Buffer","floor":33},{"not_picked":["Rebound+1","Beam Cell+1"],"picked":"Hologram+1","floor":35},{"not_picked":["Compile Driver+1","Stack+1"],"picked":"Glacier+1","floor":36},{"not_picked":["Impatience+1","Sadistic Nature"],"picked":"Apotheosis+1","floor":37}],"player_experience":83698,"relics_obtained":[{"floor":9,"key":"Molten Egg 2"},{"floor":26,"key":"Toxic Egg 2"},{"floor":29,"key":"Matryoshka"}],"event_choices":[{"damage_healed":0,"gold_gain":75,"player_choice":"Gather Gold","damage_taken":11,"max_hp_gain":0,"max_hp_loss":0,"event_name":"World of Goop","floor":4,"gold_loss":0},{"damage_healed":0,"gold_gain":100,"player_choice":"Pray","damage_taken":0,"max_hp_gain":0,"max_hp_loss":0,"event_name":"Golden Shrine","floor":5,"gold_loss":0},{"damage_healed":0,"gold_gain":0,"player_choice":"Upgraded","damage_taken":0,"max_hp_gain":0,"max_hp_loss":0,"event_name":"Upgrade Shrine","floor":14,"gold_loss":0,"cards_upgraded":["Sunder"]},{"damage_healed":0,"gold_gain":0,"player_choice":"Ignored","damage_taken":0,"max_hp_gain":0,"max_hp_loss":0,"event_name":"Vampires","floor":22,"gold_loss":0},{"damage_healed":0,"gold_gain":0,"player_choice":"Obtained Relic","damage_taken":0,"relics_obtained":["Smiling Mask"],"max_hp_gain":0,"max_hp_loss":0,"event_name":"Addict","floor":24,"gold_loss":85},{"damage_healed":0,"gold_gain":0,"player_choice":"Memory 1","damage_taken":0,"max_hp_gain":0,"max_hp_loss":0,"event_name":"SensoryStone","floor":37,"gold_loss":0}],"is_beta":false,"boss_relics":[{"not_picked":["Calling Bell","Lizard Tail"],"picked":"Eternal Feather"},{"not_picked":["FrozenCore","Velvet Choker"],"picked":"Black Star"}],"items_purged_floors":[2,19],"is_endless":false,"potions_floor_spawned":[3,7,12,16,18,29,31,35],"killed_by":"Spire Growth","ascension_level":0}