{"gold_per_floor":[118,118,118,6,24,24,52,72,72,89,14,45,45,120,120,197,197,215,234,234,234,234,234,261,261,261,261],"floor_reached":27,"playtime":937,"items_purged":[],"score":574,"play_id":"502843dd-243c-4b47-b3c6-23c807ede1c9","local_time":"20190621205743","is_ascension_mode":true,"campfire_choices":[{"data":"Zap","floor":6.0,"key":"SMITH"},{"data":"Go for the Eyes","floor":15.0,"key":"SMITH"},{"data":"Electrodynamics","floor":23.0,"key":"SMITH"},{"floor":25.0,"key":"REST"}],"neow_cost":"NONE","seed_source_timestamp":361383559655079,"circlet_count":0,"master_deck":["AscendersBane","Strike_B+1","Strike_B+1","Defend_B+1","Defend_B+1","Defend_B+1","Defend_B+1","Zap+1","Dualcast","Storm","All For One","Rebound","Go for the Eyes+1","Compile Driver","White Noise","Beam Cell","Beam Cell","FTL","Electrodynamics+1","Sweeping Beam","Melter","Ball Lightning+1"],"special_seed":0,"relics":["Cracked Core","NeowsBlessing","Dodecahedron","PreservedInsect","Ornamental Fan","Bottled Tornado","Inserter","Bottled Flame","Ancient Tea Set"],"potions_floor_usage":[],"damage_taken":[{"damage":0.0,"enemies":"Jaw Worm","floor":1.0,"turns":1.0},{"damage":0.0,"enemies":"Small Slimes","floor":5.0,"turns":1.0},{"damage":0.0,"enemies":"Lagavulin","floor":7.0,"turns":1.0},{"damage":0.0,"enemies":"Cultist","floor":8.0,"turns":3.0},{"damage":10.0,"enemies":"Blue Slaver","floor":10.0,"turns":3.0},{"damage":0.0,"enemies":"Gremlin Nob","floor":12.0,"turns":2.0},{"damage":47.0,"enemies":"The Guardian","floor":16.0,"turns":9.0},{"damage":17.0,"enemies":"2 Thieves","floor":18.0,"turns":4.0},{"damage":13.0,"enemies":"Chosen","floor":19.0,"turns":4.0},{"damage":12.0,"enemies":"Gremlin Leader","floor":24.0,"turns":4.0},{"damage":53,"enemies":"Slavers","floor":27,"turns":3}],"seed_played":"-8717178658153741984","potions_obtained":[{"floor":7.0,"key":"EssenceOfSteel"},{"floor":10.0,"key":"Weak Potion"}],"is_trial":false,"path_per_floor":["M","?","?","$","M","R","E","M","T","M","?","E","T","?","R","B",null,"M","M","?","?","?","R","E","R","T","E"],"character_chosen":"DEFECT","items_purchased":["Rebound","Go for the Eyes"],"campfire_rested":1,"item_purchase_floors":[4,4],"current_hp_per_floor":[64,64,69,69,69,69,69,69,69,59,59,59,59,48,48,1,57,40,27,27,42,42,42,30,52,52,0],"gold":261,"neow_bonus":"THREE_ENEMY_KILL","is_prod":false,"is_daily":false,"chose_seed":false,"campfire_upgraded":3,"win_rate":0,"timestamp":1561175863,"path_taken":["M","?","?","?","M","R","E","?","T","M","?","E","?","?","R","BOSS","M","M","?","?","?","R","E","R","T","E"],"build_version":"2019-01-23","purchased_purges":0,"victory":false,"max_hp_per_floor":[71,71,76,76,76,76,76,76,76,76,76,76,76,76,76,76,76,76,76,76,76,76,76,76,76,76,76],"card_choices":[{"not_picked":["Beam Cell","Lockon"],"picked":"Storm","floor":1.0},{"not_picked":["Redo","Reinforced Body"],"picked":"Compile Driver","floor":5.0},{"not_picked":["Doom and Gloom","Compile Driver"],"picked":"White Noise","floor":7.0},{"not_picked":["Go for the Eyes","Recycle"],"picked":"Beam Cell","floor":8.0},{"not_picked":["Chaos","Ball Lightning"],"picked":"Beam Cell","floor":10.0},{"not_picked":["Streamline","Hologram"],"picked":"FTL","floor":12.0},{"not_picked":["Echo Form","Amplify"],"picked":"Electrodynamics","floor":16.0},{"not_picked":["Streamline","Darkness"],"picked":"Sweeping Beam","floor":18.0},{"not_picked":["Redo","Coolheaded"],"picked":"Melter","floor":19.0},{"not_picked":["Redo","Conserve Battery"],"picked":"Ball Lightning+1","floor":24.0}],"player_experience":850621,"relics_obtained":[{"floor":7.0,"key":"Dodecahedron"},{"floor":9.0,"key":"PreservedInsect"},{"floor":12.0,"key":"Ornamental Fan"},{"floor":13.0,"key":"Bottled Tornado"},{"floor":24.0,"key":"Bottled Flame"},{"floor":26.0,"key":"Ancient Tea Set"}],"event_choices":[{"damage_healed":0.0,"max_hp_gain":0.0,"max_hp_loss":0.0,"gold_gain":0.0,"cards_transformed":["Strike_B"],"event_name":"Living Wall","player_choice":"Change","floor":2.0,"gold_loss":0.0,"damage_taken":0.0,"cards_obtained":["All For One"]},{"damage_healed":0.0,"max_hp_gain":5.0,"max_hp_loss":0.0,"gold_gain":0.0,"event_name":"Big Fish","player_choice":"Donut","floor":3.0,"gold_loss":0.0,"damage_taken":0.0},{"cards_removed":["Strike_B"],"damage_healed":0.0,"max_hp_gain":0.0,"max_hp_loss":0.0,"gold_gain":0.0,"event_name":"The Cleric","player_choice":"Card Removal","floor":11.0,"gold_loss":75.0,"damage_taken":0.0},{"damage_healed":0.0,"max_hp_gain":0.0,"max_hp_loss":0.0,"gold_gain":75.0,"event_name":"World of Goop","player_choice":"Gather Gold","floor":14.0,"gold_loss":0.0,"damage_taken":11.0},{"damage_healed":0.0,"max_hp_gain":0.0,"max_hp_loss":0.0,"gold_gain":0.0,"event_name":"Back to Basics","player_choice":"Simplicity","floor":20.0,"gold_loss":0.0,"damage_taken":0.0,"cards_upgraded":["Strike_B","Strike_B","Defend_B","Defend_B","Defend_B","Defend_B"]},{"damage_healed":15.0,"max_hp_gain":0.0,"max_hp_loss":0.0,"gold_gain":0.0,"event_name":"The Library","player_choice":"Heal","floor":21.0,"gold_loss":0.0,"damage_taken":0.0},{"damage_healed":0.0,"max_hp_gain":0.0,"max_hp_loss":0.0,"gold_gain":0.0,"event_name":"The Mausoleum","player_choice":"Ignored","floor":22.0,"gold_loss":0.0,"damage_taken":0.0}],"is_beta":false,"boss_relics":[{"not_picked":["Busted Crown","Ectoplasm"],"picked":"Inserter"}],"items_purged_floors":[],"is_endless":false,"potions_floor_spawned":[7,10,18],"killed_by":"Slavers","ascension_level":20}