{"gold_per_floor":[116,191,209,221,496,529,544,556,609,0,10,36,36,61,61,157,157,174,174,23,33,68,96,96,115,115,115,115,115,132,152,152,251,251,270,281,281,307,324,324,649,664,664,678,678,678,678,703,703,803,803,815,815,12,27,43,59,59,70,70,99,112,142,4,4,4,107,107,127,127,227,258,284,309,321,20,52,14,44,57,68,95,95,197,197,210,226,237,247,53,78,92,92,123,155,155,180,5,21,21,125,125,137,147,200,200,226,226,149,149,174,193,224,224,236,255,255,358,358,368,368,397,397,411,411,442],"floor_reached":126,"playtime":9133,"items_purged":[],"score":4048,"play_id":"90658fd7-ca01-4cd9-b14f-3d4770fcad5a","local_time":"20181024081010","daily_mods":["Chimera","Shiny","Specialized","ControlledChaos","Allstar","Diverse","Colorless Cards","Heirloom","Time Dilation","DeadlyEvents"],"is_ascension_mode":false,"campfire_choices":[{"floor":13.0,"key":"REST"},{"data":"Creative AI","floor":15.0,"key":"SMITH"},{"data":"Zap","floor":24.0,"key":"SMITH"},{"data":"Buffer","floor":27.0,"key":"SMITH"},{"data":"Echo Form","floor":32.0,"key":"SMITH"},{"data":"Turbo","floor":40.0,"key":"SMITH"},{"data":"Multi-Cast","floor":45.0,"key":"SMITH"},{"data":"Meteor Strike","floor":47.0,"key":"SMITH"},{"data":"Fire Breathing","floor":49.0,"key":"SMITH"},{"data":"Sadistic Nature","floor":66.0,"key":"SMITH"},{"data":"Corruption","floor":83.0,"key":"SMITH"},{"data":"Mind Blast","floor":100.0,"key":"SMITH"},{"data":"Turbo","floor":108.0,"key":"SMITH"},{"data":"Turbo","floor":110.0,"key":"SMITH"},{"data":"Bash","floor":114.0,"key":"SMITH"},{"data":"Machine Learning","floor":117,"key":"SMITH"},{"data":"Mayhem","floor":125,"key":"SMITH"}],"neow_cost":"","seed_source_timestamp":0,"circlet_count":0,"master_deck":["Bash+1","Survivor","Zap+1","Multi-Cast+1","Hyperbeam","Thunder Strike+1","Biased Cognition","Machine Learning+1","Electrodynamics","Buffer+1","Rainbow","Seek","Meteor Strike+1","Echo Form+1","All For One","Reboot","Creative AI+1","Fission","Core Surge","Dodge and Roll","Dodge and Roll","Dodge and Roll","Dodge and Roll","Mind Blast+1","Dark Shackles","Chrysalis","Blind","Thinking Ahead","Sweeping Beam","Rage","Crippling Poison","Evolve","Acrobatics","Envenom","Storm","Flame Barrier","PiercingWail","Good Instincts","Poisoned Stab","Exhume","True Grit","Dropkick","Storm","Deflect","Recycle+1","Iron Wave+1","Escape Plan","Perfected Strike","Bite","Bite","Bite","Bite","Bite","Turbo+1","BootSequence","BootSequence","Chaos","Echo Form","Enlightenment","Conserve Battery+1","Masterful Stab","Dagger Spray+1","Entrench+1","Slice","Fire Breathing+1","Twin Strike","Stack+1","Beam Cell+1","Chaos","After Image","Juggernaut","Gash","Infernal Blade","Gash+1","Leap","Turbo+1","Concentrate","Juggernaut","Doom and Gloom+1","Dagger Spray+1","Intimidate","Cleave+1","Distraction","Regret","Entrench","Auto Shields","Sword Boomerang+1","Flex","Sadistic Nature+1","Parasite","Dark Embrace","PiercingWail","Wild Strike+1","Flex","Outmaneuver","Steam+1","RitualDagger+1","Immolate+1","Storm","Reflex","Deep Breath","Anger+1","Perfected Strike+1","Mind Blast+1","Berserk","Outmaneuver","Deflect","Anger+1","Twin Strike+1","Corruption+1","White Noise","Footwork","Barricade","Turbo+1","Blind+1","Heel Hook+1","Pummel+1","Melter+1","Flex","Deadly Poison+1","Hello World","Panacea","Body Slam+1","Adrenaline","Gash+1","Loop+1","Turbo+1","Flex","Cold Snap+1","Slice+1","Steam","Buffer","Clumsy","Normality","Decay","Perfected Strike+1","Prepared","Turbo+1","Escape Plan","Zap","Dark Shackles","Enlightenment","Infinite Blades","Caltrops","Sweeping Beam+1","Sunder+1","Double Energy","Inflame","Bouncing Flask","Fire Breathing","Thinking Ahead","Mayhem+1","Consume+1","Fission+1","Sweeping Beam+1","Hello World","Finisher+1","Perfected Strike+1","Flechettes+1","Terror+1","Demon Form"],"special_seed":0,"relics":["Unceasing Top","Du-Vu Doll","Orichalcum","Whetstone","Thread and Needle","HandDrill","Mercury Hourglass","Lantern","Eternal Feather","MutagenicStrength","Dead Branch","Prayer Wheel","Bottled Tornado","Darkstone Periapt","Black Star","Ancient Tea Set","Calipers","Incense Burner","Old Coin","Nunchaku","Shuriken","Question Card","Matryoshka","The Courier","Cursed Key","Molten Egg 2","Ice Cream","Letter Opener","Blood Vial","Oddly Smooth Stone","Dodecahedron","Pandora\u0027s Box","Shovel","Kunai","Pantograph","Runic Pyramid","Pear","Membership Card","Calling Bell","Boot","Singing Bowl","Mango","Symbiotic Virus","Astrolabe"],"potions_floor_usage":[],"damage_taken":[{"damage":0.0,"enemies":"Jaw Worm","floor":1.0,"turns":1.0},{"damage":5.0,"enemies":"2 Louse","floor":3.0,"turns":3.0},{"damage":6.0,"enemies":"Cultist","floor":4.0,"turns":4.0},{"damage":31.0,"enemies":"Gremlin Nob","floor":6.0,"turns":4.0},{"damage":0.0,"enemies":"Large Slime","floor":7.0,"turns":4.0},{"damage":0.0,"enemies":"Looter","floor":8.0,"turns":1.0},{"damage":3.0,"enemies":"3 Louse","floor":11.0,"turns":3.0},{"damage":0.0,"enemies":"3 Sentries","floor":12.0,"turns":3.0},{"damage":17.0,"enemies":"Lagavulin","floor":14.0,"turns":10.0},{"damage":21.0,"enemies":"Hexaghost","floor":16.0,"turns":8.0},{"damage":6.0,"enemies":"3 Byrds","floor":18.0,"turns":4.0},{"damage":0.0,"enemies":"Shell Parasite","floor":21.0,"turns":1.0},{"damage":31.0,"enemies":"Gremlin Leader","floor":22.0,"turns":4.0},{"damage":0.0,"enemies":"Book of Stabbing","floor":23.0,"turns":4.0},{"damage":31.0,"enemies":"Centurion and Healer","floor":25.0,"turns":8.0},{"damage":10.0,"enemies":"Snecko","floor":30.0,"turns":5.0},{"damage":0.0,"enemies":"Snake Plant","floor":31.0,"turns":1.0},{"damage":4.0,"enemies":"Automaton","floor":33.0,"turns":7.0},{"damage":7.0,"enemies":"3 Shapes","floor":35.0,"turns":6.0},{"damage":0.0,"enemies":"Orb Walker","floor":36.0,"turns":2.0},{"damage":35.0,"enemies":"Nemesis","floor":38.0,"turns":7.0},{"damage":8.0,"enemies":"Writhing Mass","floor":39.0,"turns":4.0},{"damage":3.0,"enemies":"Giant Head","floor":41.0,"turns":5.0},{"damage":2.0,"enemies":"Transient","floor":42.0,"turns":5.0},{"damage":10.0,"enemies":"Jaw Worm Horde","floor":44.0,"turns":7.0},{"damage":0.0,"enemies":"Reptomancer","floor":48.0,"turns":2.0},{"damage":38.0,"enemies":"Time Eater","floor":50.0,"turns":14.0},{"damage":0.0,"enemies":"2 Louse","floor":52.0,"turns":2.0},{"damage":0.0,"enemies":"Cultist","floor":55.0,"turns":1.0},{"damage":0.0,"enemies":"Small Slimes","floor":56.0,"turns":1.0},{"damage":0.0,"enemies":"Red Slaver","floor":57.0,"turns":1.0},{"damage":0.0,"enemies":"Exordium Wildlife","floor":59.0,"turns":2.0},{"damage":10.0,"enemies":"3 Sentries","floor":61.0,"turns":3.0},{"damage":0.0,"enemies":"3 Louse","floor":62.0,"turns":1.0},{"damage":0.0,"enemies":"Lagavulin","floor":63.0,"turns":2.0},{"damage":9.0,"enemies":"The Guardian","floor":67.0,"turns":3.0},{"damage":0.0,"enemies":"Spheric Guardian","floor":69.0,"turns":1.0},{"damage":0.0,"enemies":"Colosseum Slavers","floor":71.0,"turns":4.0},{"damage":0.0,"enemies":"Colosseum Nobs","floor":71.0,"turns":3.0},{"damage":11.0,"enemies":"Book of Stabbing","floor":72.0,"turns":4.0},{"damage":11.0,"enemies":"Slavers","floor":73.0,"turns":3.0},{"damage":38.0,"enemies":"Gremlin Leader","floor":74.0,"turns":3.0},{"damage":0.0,"enemies":"2 Thieves","floor":75.0,"turns":3.0},{"damage":0.0,"enemies":"Book of Stabbing","floor":77.0,"turns":1.0},{"damage":0.0,"enemies":"Gremlin Leader","floor":79.0,"turns":1.0},{"damage":0.0,"enemies":"Centurion and Healer","floor":80.0,"turns":1.0},{"damage":0.0,"enemies":"3 Cultists","floor":81.0,"turns":2.0},{"damage":11.0,"enemies":"Slavers","floor":82.0,"turns":5.0},{"damage":0.0,"enemies":"Champ","floor":84.0,"turns":4.0},{"damage":0.0,"enemies":"Orb Walker","floor":86.0,"turns":1.0},{"damage":4.0,"enemies":"3 Shapes","floor":87.0,"turns":3.0},{"damage":0.0,"enemies":"Spire Growth","floor":88.0,"turns":1.0},{"damage":0.0,"enemies":"3 Darklings","floor":89.0,"turns":2.0},{"damage":53.0,"enemies":"Giant Head","floor":91.0,"turns":7.0},{"damage":0.0,"enemies":"Jaw Worm Horde","floor":92.0,"turns":3.0},{"damage":0.0,"enemies":"Reptomancer","floor":94.0,"turns":1.0},{"damage":0.0,"enemies":"Nemesis","floor":95.0,"turns":1.0},{"damage":0.0,"enemies":"Reptomancer","floor":97.0,"turns":1.0},{"damage":23.0,"enemies":"Maw","floor":99.0,"turns":3.0},{"damage":1.0,"enemies":"Time Eater","floor":101.0,"turns":7.0},{"damage":0.0,"enemies":"Jaw Worm","floor":103.0,"turns":1.0},{"damage":0.0,"enemies":"Small Slimes","floor":104.0,"turns":1.0},{"damage":0.0,"enemies":"Lagavulin","floor":107.0,"turns":1.0},{"damage":0.0,"enemies":"Gremlin Nob","floor":111.0,"turns":1.0},{"damage":0.0,"enemies":"Cultist","floor":112.0,"turns":1.0},{"damage":0.0,"enemies":"3 Sentries","floor":113.0,"turns":2.0},{"damage":0.0,"enemies":"Large Slime","floor":115.0,"turns":1.0},{"damage":0.0,"enemies":"Looter","floor":116.0,"turns":1.0},{"damage":0,"enemies":"Slime Boss","floor":118,"turns":1},{"damage":0,"enemies":"Shell Parasite","floor":120,"turns":1},{"damage":0,"enemies":"Gremlin Leader","floor":122,"turns":1},{"damage":0,"enemies":"2 Thieves","floor":124,"turns":1},{"damage":0,"enemies":"Book of Stabbing","floor":126,"turns":1}],"seed_played":"-3454616841571753312","potions_obtained":[{"floor":3.0,"key":"SkillPotion"},{"floor":6.0,"key":"Strength Potion"},{"floor":7.0,"key":"LiquidBronze"},{"floor":8.0,"key":"PowerPotion"},{"floor":11.0,"key":"Poison Potion"},{"floor":16.0,"key":"AttackPotion"},{"floor":21.0,"key":"EssenceOfSteel"},{"floor":23.0,"key":"FocusPotion"},{"floor":25.0,"key":"EssenceOfSteel"},{"floor":31.0,"key":"Block Potion"},{"floor":33.0,"key":"SkillPotion"},{"floor":36.0,"key":"SteroidPotion"},{"floor":41.0,"key":"SteroidPotion"},{"floor":44.0,"key":"PowerPotion"},{"floor":48.0,"key":"EssenceOfSteel"},{"floor":52.0,"key":"FocusPotion"},{"floor":55.0,"key":"SkillPotion"},{"floor":63.0,"key":"Block Potion"},{"floor":69.0,"key":"EntropicBrew"},{"floor":74.0,"key":"SkillPotion"},{"floor":91.0,"key":"Energy Potion"},{"floor":92.0,"key":"Swift Potion"},{"floor":94.0,"key":"EntropicBrew"},{"floor":112.0,"key":"GamblersBrew"},{"floor":115.0,"key":"PowerPotion"}],"is_trial":true,"path_per_floor":["M","?","M","M","?","E","M","M","T","$","M","E","R","E","R","B",null,"M","?","$","M","E","E","R","M","T","R","?","T","M","M","R","B",null,"M","M","?","E","M","R","E","M","T","M","R","T","R","E","R","B",null,"M","?","$","M","M","M","?","M","T","E","M","E","$","?","R","B",null,"M","?","?","E","E","E","M","$","E","$","E","M","M","E","R","B",null,"M","M","M","M","$","E","M","?","E","E","?","E","$","M","R","B",null,"M","M","?","?","E","R","?","R","E","M","E","R","M","M","R","B",null,"M","?","E","?","M","R"],"character_chosen":"DEFECT","items_purchased":["Thread and Needle","HandDrill","Storm","Flame Barrier","Dropkick","Storm","Molten Egg 2","Ice Cream","Letter Opener","Blood Vial","Gash+1","Leap","Sadistic Nature","Pantograph","Mind Blast+1","Backflip","Outmaneuver","Pear","Membership Card","Cold Snap+1"],"campfire_rested":1,"item_purchase_floors":[10,10,10,10,20,20,54,54,54,54,54,54,64,76,76,76,78,90,98,98],"current_hp_per_floor":[75,64,59,53,53,22,22,22,22,22,19,19,41,24,24,3,75,69,69,69,69,38,38,71,40,40,73,52,52,42,42,52,48,52,45,47,47,16,8,50,49,47,47,37,52,52,52,52,52,14,52,52,52,52,52,52,52,52,52,58,48,50,52,52,64,64,57,64,64,58,64,53,44,8,12,12,14,14,16,18,20,13,64,64,64,64,60,62,64,74,21,23,23,25,27,27,29,29,8,74,74,106,106,106,106,106,106,106,106,106,106,106,106,106,106,106,106,106,106,106,106,106,84,86,111,111],"gold":442,"neow_bonus":"","is_prod":false,"is_daily":false,"chose_seed":false,"campfire_upgraded":16,"win_rate":0,"timestamp":1540383010,"path_taken":["M","?","M","M","?","E","?","M","T","$","M","E","R","?","R","BOSS","M","?","$","M","?","E","R","?","T","R","?","?","M","M","R","BOSS","M","M","?","?","M","R","?","M","T","M","R","?","R","E","R","BOSS","M","?","$","M","M","M","?","?","T","E","M","?","?","?","R","BOSS","M","?","?","?","?","E","M","$","E","?","?","M","M","?","R","BOSS","M","?","M","M","$","E","M","?","E","?","?","?","$","M","R","BOSS","M","M","?","?","?","R","?","R","E","?","E","R","M","M","R","BOSS","M","?","?","?","?","R","E"],"build_version":"2018-10-18","purchased_purges":0,"victory":false,"max_hp_per_floor":[75,75,75,75,75,75,75,75,75,75,75,75,75,75,75,75,75,75,75,75,75,75,75,75,75,75,75,52,52,52,52,52,52,52,52,52,52,52,52,52,52,52,52,52,52,52,52,52,52,52,52,52,52,52,52,52,52,52,52,58,58,58,58,58,64,64,64,64,64,64,64,64,64,64,64,64,64,64,64,64,64,64,64,64,64,64,64,64,64,74,74,74,74,74,74,74,74,74,74,74,74,106,106,106,106,106,106,106,106,106,106,106,106,106,106,106,106,106,106,106,106,106,111,111,111,111],"card_choices":[{"not_picked":["Glacier","Stack"],"picked":"Sweeping Beam","floor":1.0},{"not_picked":["Endless Agony","Sword Boomerang"],"picked":"Rage","floor":3.0},{"not_picked":["Trip","Sword Boomerang"],"picked":"Crippling Poison","floor":4.0},{"not_picked":["Seeing Red","Sweeping Beam"],"picked":"Evolve","floor":6.0},{"not_picked":["Wild Strike","Streamline"],"picked":"Acrobatics","floor":7.0},{"not_picked":["Calculated Gamble","PiercingWail"],"picked":"Envenom","floor":8.0},{"not_picked":["Wild Strike","Clash"],"picked":"PiercingWail","floor":11.0},{"not_picked":["Blade Dance","Dual Wield"],"picked":"Good Instincts","floor":12.0},{"not_picked":["Acrobatics","Second Wind"],"picked":"Poisoned Stab","floor":14.0},{"not_picked":["Demon Form","Hyperbeam"],"picked":"Exhume","floor":16.0},{"not_picked":["Blade Dance","Dual Wield"],"picked":"True Grit","floor":18.0},{"not_picked":["Wild Strike+1","Hologram"],"picked":"Deflect","floor":21.0},{"not_picked":["Havoc","Twin Strike+1"],"picked":"Recycle+1","floor":22.0},{"not_picked":["Clothesline+1","Poisoned Stab+1"],"picked":"Iron Wave+1","floor":23.0},{"not_picked":["Go for the Eyes+1","Eviscerate"],"picked":"Escape Plan","floor":25.0},{"not_picked":["Steam","Disarm+1"],"picked":"Perfected Strike","floor":25.0},{"not_picked":["Feed","Conserve Battery"],"picked":"Turbo","floor":30.0},{"not_picked":["Cleave","Shockwave"],"picked":"BootSequence","floor":30.0},{"not_picked":["Blade Dance","Deflect"],"picked":"BootSequence","floor":31.0},{"not_picked":["Sucker Punch","Acrobatics"],"picked":"Chaos","floor":31.0},{"not_picked":["Thinking Ahead","Double Tap"],"picked":"Echo Form","floor":33.0},{"not_picked":["Heavy Blade","Deadly Poison"],"picked":"Enlightenment","floor":35.0},{"not_picked":["Go for the Eyes+1","Outmaneuver"],"picked":"Conserve Battery+1","floor":35.0},{"not_picked":["PanicButton","Streamline"],"picked":"Masterful Stab","floor":36.0},{"not_picked":["Escape Plan+1","Coolheaded+1"],"picked":"Bullet Time","floor":36.0},{"not_picked":["Pommel Strike+1","Poisoned Stab+1"],"picked":"Dagger Spray+1","floor":38.0},{"not_picked":["Bane","Wraith Form v2"],"picked":"Entrench+1","floor":39.0},{"not_picked":["Coolheaded","Enlightenment+1"],"picked":"Slice","floor":39.0},{"not_picked":["Sword Boomerang+1","Bullet Time"],"picked":"Fire Breathing","floor":41.0},{"not_picked":["Poisoned Stab+1","Havoc"],"picked":"Twin Strike","floor":42.0},{"not_picked":["Body Slam+1","Catalyst+1"],"picked":"Stack+1","floor":42.0},{"not_picked":["Catalyst","Calculated Gamble+1"],"picked":"Beam Cell+1","floor":44.0},{"not_picked":["Evolve","Flying Knee"],"picked":"Chaos","floor":44.0},{"not_picked":["BootSequence+1","Quick Slash","Pommel Strike+1"],"picked":"After Image","floor":48.0},{"not_picked":["Secret Technique","Brutality","Electrodynamics"],"picked":"Juggernaut","floor":50.0},{"not_picked":["Metallicize","Rip and Tear","Compile Driver"],"picked":"Gash","floor":52.0},{"not_picked":["Clothesline","Sweeping Beam","Redo"],"picked":"Infernal Blade","floor":52.0},{"not_picked":["Ball Lightning+1","Cleave+1","Eviscerate+1"],"picked":"Turbo","floor":55.0},{"not_picked":["Barrage+1","Dagger Throw+1","Streamline+1"],"picked":"Concentrate","floor":55.0},{"not_picked":["Havoc","Darkness","Deadly Poison"],"picked":"Juggernaut","floor":56.0},{"not_picked":["Skim","Riddle With Holes+1","True Grit"],"picked":"Doom and Gloom+1","floor":56.0},{"not_picked":["Choke+1","Second Wind","Consume"],"picked":"Dagger Spray+1","floor":57.0},{"not_picked":["Stack","Twin Strike+1","Riddle With Holes+1"],"picked":"Intimidate","floor":57.0},{"not_picked":["Prepared","BootSequence","Riddle With Holes+1"],"picked":"Cleave+1","floor":59.0},{"not_picked":["Steam Power","Reprogram","PiercingWail"],"picked":"Distraction","floor":59.0},{"not_picked":["Underhanded Strike+1","Combust","Dodge and Roll"],"picked":"Entrench","floor":61.0},{"not_picked":["Thunderclap+1","Bane+1","BootSequence"],"picked":"Auto Shields","floor":62.0},{"not_picked":["Choke+1","Fission","True Grit"],"picked":"Sword Boomerang+1","floor":62.0},{"not_picked":["Clothesline+1","Intimidate","Compile Driver+1"],"picked":"Flex","floor":63.0},{"not_picked":["Storm of Steel","Doppelganger","Master of Strategy"],"picked":"Dark Embrace","floor":67.0},{"not_picked":["Crippling Poison","Ball Lightning+1","Predator+1"],"picked":"Outmaneuver","floor":69.0},{"not_picked":["Skim+1","Clash+1","Prepared+1"],"picked":"Steam+1","floor":69.0},{"not_picked":["Streamline+1","Bane+1","Masterful Stab+1"],"picked":"Immolate+1","floor":71.0},{"not_picked":["PiercingWail","Eviscerate+1","Whirlwind+1"],"picked":"Storm","floor":72.0},{"not_picked":["Thunderclap+1","Rage","Sword Boomerang+1"],"picked":"Reflex","floor":73.0},{"not_picked":["Body Slam+1","True Grit","Bloodletting"],"picked":"Deep Breath","floor":74.0},{"not_picked":["Heavy Blade+1","Fiend Fire+1","Deadly Poison+1"],"picked":"Anger+1","floor":75.0},{"not_picked":["Sucker Punch+1","Clash+1","Flying Knee+1"],"picked":"Perfected Strike+1","floor":75.0},{"not_picked":["Perfected Strike+1","Twin Strike+1","Dagger Throw+1"],"picked":"Berserk","floor":77.0},{"not_picked":["Outmaneuver","Pummel+1","Conserve Battery"],"picked":"Deflect","floor":79.0},{"not_picked":["Backstab+1","Power Through","Dodge and Roll"],"picked":"Anger+1","floor":80.0},{"not_picked":["Poisoned Stab+1","Combust","Slice+1"],"picked":"Twin Strike+1","floor":80.0},{"not_picked":["Steam","Second Wind","Conserve Battery"],"picked":"Corruption","floor":81.0},{"not_picked":["Streamline+1","Accuracy","Outmaneuver"],"picked":"White Noise","floor":81.0},{"not_picked":["Compile Driver+1","Reflex+1","Wild Strike+1"],"picked":"Footwork","floor":82.0},{"not_picked":["Berserk","Transmutation","Doppelganger"],"picked":"Barricade","floor":84.0},{"not_picked":["Twin Strike+1","Tactician","Clothesline+1"],"picked":"Turbo","floor":86.0},{"not_picked":["Acrobatics+1","Sucker Punch+1","Bane+1"],"picked":"Blind+1","floor":86.0},{"not_picked":["Infernal Blade","Iron Wave+1","Perfected Strike+1"],"picked":"Heel Hook+1","floor":87.0},{"not_picked":["Catalyst","Heavy Blade+1","Streamline+1"],"picked":"Pummel+1","floor":87.0},{"not_picked":["Deflect","Reflex","Combust"],"picked":"Melter+1","floor":88.0},{"not_picked":["Uppercut+1","Twin Strike+1","Thunderclap+1"],"picked":"Flex","floor":88.0},{"not_picked":["Headbutt+1","Wild Strike+1","Barricade"],"picked":"Deadly Poison+1","floor":89.0},{"not_picked":["Twin Strike+1","Intimidate+1","Poisoned Stab+1"],"picked":"Hello World","floor":89.0},{"not_picked":["Deflect+1","Leap","Slice+1"],"picked":"Panacea","floor":91.0},{"not_picked":["Power Through+1","Rebound+1","Redo+1"],"picked":"Body Slam+1","floor":92.0},{"not_picked":["Heel Hook+1","Body Slam+1","Coolheaded"],"picked":"Adrenaline","floor":92.0},{"not_picked":["Thinking Ahead","FTL+1","PiercingWail+1"],"picked":"Gash+1","floor":94.0},{"not_picked":["Barrage+1","Disarm+1","Blade Dance"],"picked":"Loop+1","floor":95.0},{"not_picked":["Headbutt+1","Thunderclap+1","Auto Shields"],"picked":"Flex","floor":97.0},{"not_picked":["Corruption","Electrodynamics","Shockwave"],"picked":"Slice+1","floor":99.0},{"not_picked":["Intimidate+1","Outmaneuver+1","Combust"],"picked":"Steam","floor":99.0},{"not_picked":["Transmutation","Night Terror","Bludgeon+1"],"picked":"Buffer","floor":101.0},{"not_picked":["Terror","Blade Dance","Blizzard+1"],"picked":"Perfected Strike+1","floor":103.0},{"not_picked":["Thunderclap+1","Quick Slash+1","Pommel Strike+1"],"picked":"Prepared","floor":103.0},{"not_picked":["Darkness","Accuracy","Flying Knee+1"],"picked":"Turbo","floor":104.0},{"not_picked":["Purity","Whirlwind+1","Sever Soul+1"],"picked":"Escape Plan","floor":104.0},{"not_picked":["Dagger Throw+1","Dramatic Entrance+1","Evolve"],"picked":"Infinite Blades","floor":107.0},{"not_picked":["Perfected Strike+1","Offering","Outmaneuver"],"picked":"Caltrops","floor":111.0},{"not_picked":["Clothesline+1","Barrage+1","Dropkick+1"],"picked":"Sweeping Beam+1","floor":112.0},{"not_picked":["Reprogram","Blur","PiercingWail"],"picked":"Sunder+1","floor":112.0},{"not_picked":["Crippling Poison","Armaments","Outmaneuver"],"picked":"Double Energy","floor":113.0},{"not_picked":["Prepared","Headbutt+1","Shockwave"],"picked":"Inflame","floor":115.0},{"not_picked":["Iron Wave+1","Barricade","Hologram"],"picked":"Bouncing Flask","floor":115.0},{"not_picked":["Feel No Pain","Clothesline+1","Headbutt+1"],"picked":"Fire Breathing","floor":116},{"not_picked":["FTL+1","Armaments","Havoc"],"picked":"Thinking Ahead","floor":116},{"not_picked":["Offering","Dark Embrace","Thinking Ahead"],"picked":"Mayhem","floor":118},{"not_picked":["Flying Knee+1","Outmaneuver+1","Perfected Strike+1"],"picked":"Hello World","floor":120},{"not_picked":["Crippling Poison","Leap","Backflip"],"picked":"Finisher+1","floor":120},{"not_picked":["Iron Wave+1","Calculated Gamble","Reprogram"],"picked":"Perfected Strike+1","floor":122},{"not_picked":["Quick Slash+1","Swift Strike+1","Clash+1"],"picked":"Flechettes+1","floor":124},{"not_picked":["Masterful Stab+1","Dagger Throw+1","Redo"],"picked":"Terror+1","floor":124},{"not_picked":["Gash+1","Predator+1","Barrage+1"],"picked":"Demon Form","floor":126}],"player_experience":439440,"relics_obtained":[{"floor":6.0,"key":"Orichalcum"},{"floor":9.0,"key":"Whetstone"},{"floor":12.0,"key":"Mercury Hourglass"},{"floor":14.0,"key":"Lantern"},{"floor":22.0,"key":"Dead Branch"},{"floor":23.0,"key":"Prayer Wheel"},{"floor":26.0,"key":"Bottled Tornado"},{"floor":29.0,"key":"Darkstone Periapt"},{"floor":38.0,"key":"Calipers"},{"floor":38.0,"key":"Incense Burner"},{"floor":41.0,"key":"Old Coin"},{"floor":41.0,"key":"Nunchaku"},{"floor":43.0,"key":"Shuriken"},{"floor":46.0,"key":"Question Card"},{"floor":48.0,"key":"Matryoshka"},{"floor":48.0,"key":"The Courier"},{"floor":60.0,"key":"Oddly Smooth Stone"},{"floor":60.0,"key":"Dodecahedron"},{"floor":71.0,"key":"Shovel"},{"floor":71.0,"key":"Kunai"},{"floor":102.0,"key":"Boot"},{"floor":102.0,"key":"Singing Bowl"},{"floor":102.0,"key":"Mango"}],"event_choices":[{"damage_healed":0.0,"max_hp_gain":0.0,"max_hp_loss":0.0,"gold_gain":75.0,"event_name":"World of Goop","player_choice":"Gather Gold","floor":2.0,"gold_loss":0.0,"damage_taken":11.0},{"damage_healed":0.0,"max_hp_gain":0.0,"max_hp_loss":0.0,"gold_gain":275.0,"event_name":"Golden Shrine","player_choice":"Desecrate","floor":5.0,"gold_loss":0.0,"damage_taken":0.0,"cards_obtained":["Regret"]},{"damage_healed":0.0,"max_hp_gain":0.0,"max_hp_loss":0.0,"gold_gain":0.0,"event_name":"Drug Dealer","player_choice":"Inject Mutagens","floor":19.0,"gold_loss":0.0,"damage_taken":0.0,"relics_obtained":["MutagenicStrength"]},{"damage_healed":0.0,"max_hp_gain":0.0,"max_hp_loss":23.0,"gold_gain":0.0,"event_name":"Vampires","player_choice":"Became a vampire","floor":28.0,"gold_loss":0.0,"damage_taken":0.0,"cards_obtained":["Bite","Bite","Bite","Bite","Bite"]},{"damage_healed":0.0,"max_hp_gain":0.0,"max_hp_loss":0.0,"gold_gain":0.0,"event_name":"WeMeetAgain","player_choice":"Gave Potion","floor":37.0,"gold_loss":0.0,"damage_taken":0.0,"relics_obtained":["Ancient Tea Set"]},{"damage_healed":0.0,"max_hp_gain":0.0,"max_hp_loss":0.0,"gold_gain":0.0,"event_name":"The Cleric","player_choice":"Leave","floor":53.0,"gold_loss":0.0,"damage_taken":0.0},{"damage_healed":0.0,"max_hp_gain":0.0,"max_hp_loss":0.0,"gold_gain":0.0,"event_name":"Living Wall","player_choice":"Grow","floor":58.0,"gold_loss":0.0,"damage_taken":0.0,"cards_upgraded":["Turbo"]},{"damage_healed":14.0,"max_hp_gain":0.0,"max_hp_loss":0.0,"gold_gain":0.0,"event_name":"Mushrooms","player_choice":"Healed and dodged fight","floor":65.0,"gold_loss":0.0,"damage_taken":0.0,"cards_obtained":["Parasite"]},{"damage_healed":0.0,"max_hp_gain":0.0,"max_hp_loss":0.0,"gold_gain":0.0,"event_name":"Nest","player_choice":"Joined the Cult","floor":70.0,"gold_loss":0.0,"damage_taken":6.0,"cards_obtained":["RitualDagger"]},{"damage_healed":0.0,"max_hp_gain":0.0,"max_hp_loss":0.0,"gold_gain":0.0,"event_name":"Colosseum","player_choice":"Fight","floor":71.0,"gold_loss":0.0,"damage_taken":0.0},{"damage_healed":0.0,"max_hp_gain":0.0,"max_hp_loss":0.0,"gold_gain":0.0,"event_name":"Colosseum","player_choice":"Fought Nobs","floor":71.0,"gold_loss":0.0,"damage_taken":0.0},{"cards_removed":["Backflip"],"damage_healed":0.0,"max_hp_gain":0.0,"max_hp_loss":0.0,"gold_gain":0.0,"event_name":"Falling","player_choice":"Removed Skill","floor":93.0,"gold_loss":0.0,"damage_taken":0.0},{"damage_healed":0.0,"max_hp_gain":0.0,"max_hp_loss":0.0,"gold_gain":0.0,"event_name":"Duplicator","player_choice":"Copied","floor":96.0,"gold_loss":0.0,"damage_taken":0.0,"cards_obtained":["Turbo"]},{"damage_healed":0.0,"max_hp_gain":0.0,"max_hp_loss":0.0,"gold_gain":53.0,"event_name":"Golden Wing","player_choice":"Gained Gold","floor":105.0,"gold_loss":0.0,"damage_taken":0.0},{"damage_healed":0.0,"max_hp_gain":0.0,"max_hp_loss":0.0,"gold_gain":0.0,"event_name":"Match and Keep!","player_choice":"3 cards matched","floor":106.0,"gold_loss":0.0,"damage_taken":0.0,"cards_obtained":["Zap","Dark Shackles","Enlightenment"]},{"damage_healed":0.0,"max_hp_gain":0.0,"max_hp_loss":0.0,"gold_gain":0.0,"event_name":"WeMeetAgain","player_choice":"Paid Gold","floor":109.0,"gold_loss":77.0,"damage_taken":0.0,"relics_obtained":["Symbiotic Virus"]},{"cards_removed":["Regret"],"damage_healed":0,"gold_gain":0,"player_choice":"Elegance","damage_taken":0,"max_hp_gain":0,"max_hp_loss":0,"event_name":"Back to Basics","floor":121,"gold_loss":0},{"damage_healed":0,"gold_gain":0,"player_choice":"Shed Blood","damage_taken":27,"max_hp_gain":5,"max_hp_loss":0,"event_name":"Forgotten Altar","floor":123,"gold_loss":0}],"is_beta":false,"boss_relics":[{"not_picked":["Coffee Dripper","Sozu"],"picked":"Eternal Feather"},{"not_picked":["Philosopher\u0027s Stone","Snecko Eye"],"picked":"Black Star"},{"not_picked":["Busted Crown","Inserter"],"picked":"Cursed Key"},{"not_picked":["Astrolabe","Fusion Hammer"],"picked":"Pandora\u0027s Box"},{"not_picked":["Sozu","Busted Crown"],"picked":"Runic Pyramid"},{"not_picked":["Philosopher\u0027s Stone","Orrery"],"picked":"Calling Bell"},{"not_picked":["Fusion Hammer","Sozu"],"picked":"Astrolabe"}],"items_purged_floors":[],"is_endless":true,"potions_floor_spawned":[3,6,7,8,11,16,21,23,25,31,33,36,41,44,48,52,55,61,63,67,69,72,74,79,84,89,91,92,94,99,103,112,115,116,118,120],"killed_by":"Book of Stabbing","ascension_level":0}