{"gold_per_floor":[219,219,19,36,47,47,65,90,90,90,105,105,137,148,148,225,225,237,237,237,237],"floor_reached":21,"playtime":1038,"items_purged":[],"score":369,"play_id":"d1eddaf6-af49-4de1-a977-f0e1833c09d7","local_time":"20190708210331","is_ascension_mode":true,"campfire_choices":[{"data":"Perfected Strike","floor":6.0,"key":"SMITH"},{"data":"Bash","floor":12.0,"key":"SMITH"},{"data":"Headbutt","floor":15.0,"key":"SMITH"}],"neow_cost":"NONE","seed_source_timestamp":344320219191629,"circlet_count":0,"master_deck":["AscendersBane","Strike_R","Strike_R","Strike_R","Strike_R","Strike_R","Defend_R","Defend_R","Defend_R","Defend_R","Bash+1","Perfected Strike+1","Hemokinesis","Shrug It Off","Twin Strike","Perfected Strike+1","Headbutt+1","Pommel Strike","Brutality","Rupture","RitualDagger"],"special_seed":0,"relics":["Burning Blood","Centennial Puzzle","Potion Belt","Blood Vial","Dodecahedron","Black Star"],"potions_floor_usage":[16],"damage_taken":[{"damage":8.0,"enemies":"2 Louse","floor":1.0,"turns":4.0},{"damage":8.0,"enemies":"Small Slimes","floor":4.0,"turns":4.0},{"damage":5.0,"enemies":"Jaw Worm","floor":5.0,"turns":3.0},{"damage":8.0,"enemies":"Blue Slaver","floor":7.0,"turns":4.0},{"damage":11.0,"enemies":"Gremlin Nob","floor":8.0,"turns":3.0},{"damage":22.0,"enemies":"3 Louse","floor":11.0,"turns":3.0},{"damage":13.0,"enemies":"3 Sentries","floor":13.0,"turns":4.0},{"damage":0.0,"enemies":"Red Slaver","floor":14.0,"turns":1.0},{"damage":34,"enemies":"Slime Boss","floor":16,"turns":7},{"damage":29,"enemies":"Chosen","floor":18,"turns":5},{"damage":42,"enemies":"Masked Bandits","floor":21,"turns":3}],"seed_played":"8718917965372193969","potions_obtained":[{"floor":5.0,"key":"Weak Potion"},{"floor":8.0,"key":"Energy Potion"},{"floor":13.0,"key":"SteroidPotion"}],"is_trial":false,"path_per_floor":["M","?","$","M","M","R","M","E","T","?","M","R","E","M","R","B",null,"M","?","?","?"],"character_chosen":"IRONCLAD","items_purchased":["Centennial Puzzle","Hemokinesis"],"campfire_rested":0,"item_purchase_floors":[3,3],"current_hp_per_floor":[66,66,66,64,65,65,63,58,58,58,44,44,39,47,47,21,62,41,41,35,0],"gold":237,"neow_bonus":"HUNDRED_GOLD","is_prod":false,"is_daily":false,"chose_seed":false,"campfire_upgraded":3,"win_rate":0,"timestamp":1562634211,"path_taken":["M","?","$","M","M","R","M","E","T","?","M","R","E","M","R","BOSS","M","?","?","?"],"build_version":"2019-07-05","purchased_purges":0,"victory":false,"max_hp_per_floor":[75,75,75,75,75,75,75,75,75,75,75,75,75,75,75,75,75,75,75,75,75],"card_choices":[{"not_picked":["Thunderclap","True Grit"],"picked":"Perfected Strike","floor":1.0},{"not_picked":["Pommel Strike","Armaments"],"picked":"Shrug It Off","floor":4.0},{"not_picked":["Shrug It Off","Armaments"],"picked":"Twin Strike","floor":5.0},{"not_picked":["Cleave","Brutality"],"picked":"Perfected Strike","floor":7.0},{"not_picked":["Wild Strike","True Grit","Sword Boomerang"],"picked":"SKIP","floor":8.0},{"not_picked":["Inflame","Sentinel"],"picked":"Headbutt","floor":11.0},{"not_picked":["Thunderclap","Havoc"],"picked":"Pommel Strike","floor":13.0},{"not_picked":["Sword Boomerang","Entrench","Anger"],"picked":"SKIP","floor":14.0},{"not_picked":["Dark Embrace","Exhume"],"picked":"Brutality","floor":16},{"not_picked":["Clothesline","Shrug It Off"],"picked":"Rupture","floor":18}],"player_experience":2420799,"relics_obtained":[{"floor":8.0,"key":"Potion Belt"},{"floor":9.0,"key":"Blood Vial"},{"floor":13.0,"key":"Dodecahedron"}],"event_choices":[{"damage_healed":0.0,"max_hp_gain":0.0,"max_hp_loss":0.0,"gold_gain":0.0,"event_name":"Golden Wing","player_choice":"Ignored","floor":2.0,"gold_loss":0.0,"damage_taken":0.0},{"damage_healed":0.0,"max_hp_gain":0.0,"max_hp_loss":0.0,"gold_gain":0.0,"event_name":"Living Wall","player_choice":"Grow","floor":10.0,"gold_loss":0.0,"damage_taken":0.0,"cards_upgraded":["Perfected Strike"]},{"damage_healed":0,"gold_gain":0,"player_choice":"Ignored","damage_taken":0,"max_hp_gain":0,"max_hp_loss":0,"event_name":"Vampires","floor":19,"gold_loss":0},{"damage_healed":0,"gold_gain":0,"player_choice":"Joined the Cult","damage_taken":6,"max_hp_gain":0,"max_hp_loss":0,"event_name":"Nest","floor":20,"gold_loss":0,"cards_obtained":["RitualDagger"]},{"damage_healed":0,"gold_gain":0,"player_choice":"Fought Bandits","damage_taken":0,"max_hp_gain":0,"max_hp_loss":0,"event_name":"Masked Bandits","floor":21,"gold_loss":0}],"is_beta":false,"boss_relics":[{"not_picked":["Lizard Tail","Runic Dome"],"picked":"Black Star"}],"items_purged_floors":[],"is_endless":false,"potions_floor_spawned":[5,8,13],"killed_by":"Masked Bandits","ascension_level":19}