{"gold_per_floor":[114,129,144,144,31,31,46,61,111,141,141,156,156,156,156,256,256,271,321,321,336,351,351,351],"floor_reached":24,"playtime":1591,"items_purged":[],"score":198,"play_id":"237da20a-6992-48e2-bdf9-8d21b80eb9e1","local_time":"20180926231358","daily_mods":["Allstar","Uncertain Future","Lethality"],"is_ascension_mode":false,"campfire_choices":[{"data":"Zap","floor":6,"key":"SMITH"},{"data":"Storm","floor":11,"key":"SMITH"},{"floor":15,"key":"REST"},{"data":"Creative AI","floor":23,"key":"SMITH"}],"neow_cost":"","seed_source_timestamp":0,"circlet_count":0,"master_deck":["Strike_B+1","Strike_B+1","Strike_B+1","Strike_B+1","Defend_B+1","Defend_B+1","Defend_B+1","Defend_B+1","Zap+1","Dualcast","PanicButton","Swift Strike","Jack Of All Trades","The Bomb","Madness","Storm+1","Aggregate","Storm","Self Repair","Darkness","Skim","Self Repair","Coolheaded","Turbo","Creative AI+1","Leap+1","Conserve Battery+1","Auto Shields+1"],"special_seed":17801,"relics":["Cracked Core","Anchor","Regal Pillow","WarpedTongs","Black Star"],"potions_floor_usage":[3,10,10,18,24],"damage_taken":[{"damage":0,"enemies":"2 Louse","floor":1,"turns":2},{"damage":9,"enemies":"Cultist","floor":2,"turns":3},{"damage":5,"enemies":"Jaw Worm","floor":3,"turns":5},{"damage":13,"enemies":"Looter","floor":7,"turns":4},{"damage":17,"enemies":"Red Slaver","floor":8,"turns":3},{"damage":36,"enemies":"3 Sentries","floor":10,"turns":7},{"damage":8,"enemies":"2 Fungi Beasts","floor":12,"turns":3},{"damage":42,"enemies":"The Guardian","floor":16,"turns":9},{"damage":42,"enemies":"2 Thieves","floor":18,"turns":4},{"damage":12,"enemies":"Shell Parasite","floor":21,"turns":7},{"damage":29,"enemies":"Shelled Parasite and Fungi","floor":22,"turns":6},{"damage":40,"enemies":"Slavers","floor":24,"turns":2}],"seed_played":"-5863381733931304207","potions_obtained":[{"floor":2,"key":"EssenceOfSteel"},{"floor":3,"key":"Ancient Potion"},{"floor":8,"key":"EssenceOfSteel"},{"floor":16,"key":"AttackPotion"},{"floor":22,"key":"Weak Potion"}],"is_trial":false,"path_per_floor":["M","M","M","?","$","R","M","M","T","E","R","M","?","?","R","B",null,"M","?","?","M","M","R"],"character_chosen":"DEFECT","items_purchased":["Self Repair","Darkness"],"campfire_rested":1,"item_purchase_floors":[5,5],"current_hp_per_floor":[75,66,61,61,61,61,55,45,45,23,23,22,22,22,59,34,75,47,47,47,52,37,37,0],"gold":351,"neow_bonus":"","is_prod":false,"is_daily":true,"chose_seed":false,"campfire_upgraded":3,"win_rate":0,"timestamp":1538018038,"path_taken":["M","M","M","?","$","R","M","M","T","E","R","M","?","?","R","BOSS","M","?","?","M","M","R","E"],"build_version":"2018-09-20","purchased_purges":0,"victory":false,"max_hp_per_floor":[75,75,75,75,75,75,75,75,75,75,75,75,75,75,75,75,75,75,75,75,75,75,75,75],"card_choices":[{"not_picked":["Barrage","Hologram"],"picked":"Storm","floor":1},{"not_picked":["White Noise","Cold Snap"],"picked":"Aggregate","floor":2},{"not_picked":["Compile Driver","Hologram"],"picked":"Storm","floor":3},{"not_picked":["Scrape","Barrage"],"picked":"Skim","floor":7},{"not_picked":["Recycle","Beam Cell"],"picked":"Self Repair","floor":8},{"not_picked":["Redo","Undo"],"picked":"Coolheaded","floor":10},{"not_picked":["Redo","FTL"],"picked":"Turbo","floor":12},{"not_picked":["Rainbow","Electrodynamics"],"picked":"Creative AI","floor":16},{"not_picked":["Turbo","Lockon+1"],"picked":"Leap+1","floor":18},{"not_picked":["Darkness+1","Turbo"],"picked":"Conserve Battery+1","floor":21},{"not_picked":["Beam Cell+1","Darkness"],"picked":"Auto Shields+1","floor":22}],"player_experience":392275,"relics_obtained":[{"floor":9,"key":"Anchor"},{"floor":10,"key":"Regal Pillow"}],"event_choices":[{"event_name":"Golden Wing","player_choice":"Ignored","floor":4,"damage_taken":0},{"event_name":"Accursed Blacksmith","player_choice":"Rummage","floor":13,"damage_taken":0},{"event_name":"Living Wall","player_choice":"Forget","floor":14,"damage_taken":0},{"event_name":"The Joust","player_choice":"Bet on Murderer","floor":19,"damage_taken":0},{"event_name":"Back to Basics","player_choice":"Simplicity","floor":20,"damage_taken":0}],"is_beta":false,"boss_relics":[{"not_picked":["Eternal Feather","Snecko Eye"],"picked":"Black Star"}],"items_purged_floors":[],"is_endless":false,"potions_floor_spawned":[2,3,8,16,22],"killed_by":"Slavers","ascension_level":0}