{"gold_per_floor":[144,189,189,27,96,96,186,231,306,351,426,516,516,6,6,306,306,351,396,8,8,53,143,143,443,518,433,523,23,68,113,113,413,413,458,458,458,503,803,893,5,50,50,95,185,197,197,242,242,242],"floor_reached":51,"playtime":12135,"items_purged":[],"score":928,"play_id":"362e906c-4fd2-4d73-9c5c-f86cf54a37f4","local_time":"20190217055312","daily_mods":["Chimera","Time Dilation","Midas"],"is_ascension_mode":false,"campfire_choices":[{"floor":6,"key":"REST"},{"floor":13,"key":"REST"},{"floor":15,"key":"REST"},{"floor":32,"key":"REST"},{"floor":49,"key":"REST"}],"neow_cost":"","seed_source_timestamp":0,"circlet_count":0,"master_deck":["Bash","Survivor","Zap","Strike_R","Strike_G","Strike_B","Defend_R","Defend_G","Defend_B","Ball Lightning+1","Chill+1","Bandage Up","Gash","Hello World","Streamline","Gash","Core Surge+1","Self Repair","Consume","Creative AI","Tempest+1","Loop","Mind Blast+1","Chill+1","Storm+1","Conserve Battery+1","Steam+1","Conserve Battery+1","Static Discharge","Buffer","Aggregate+1","Madness+1","Madness+1","Gash+1","Electrodynamics","Darkness+1","Enlightenment+1","Doom and Gloom+1","Hologram+1","Defragment","Beam Cell+1","Thunder Strike+1","Reprogram+1","Mayhem","Panache","Apotheosis+1","FTL+1"],"special_seed":17944,"relics":["Cracked Core","Bag of Preparation","Mercury Hourglass","Molten Egg 2","Blood Vial","Cables","Lizard Tail","Bag of Marbles","Art of War","MutagenicStrength","Toxic Egg 2","Emotion Chip","StoneCalendar","Letter Opener","Singing Bowl","Mummified Hand","Ginger","Pen Nib","ClockworkSouvenir","PreservedInsect","Philosopher\u0027s Stone","FossilizedHelix","Smiling Mask","Strange Spoon","Pear","Question Card","Blue Candle","Bronze Scales","Ice Cream"],"potions_floor_usage":[16,16,16,25,25,50,50,50],"damage_taken":[{"damage":6,"enemies":"Jaw Worm","floor":1,"turns":3},{"damage":0,"enemies":"Small Slimes","floor":2,"turns":3},{"damage":20,"enemies":"3 Sentries","floor":7,"turns":6},{"damage":1,"enemies":"2 Louse","floor":8,"turns":2},{"damage":0,"enemies":"Exordium Wildlife","floor":10,"turns":2},{"damage":22,"enemies":"Lagavulin","floor":12,"turns":4},{"damage":38,"enemies":"Hexaghost","floor":16,"turns":6},{"damage":11,"enemies":"3 Byrds","floor":18,"turns":4},{"damage":22,"enemies":"2 Thieves","floor":19,"turns":4},{"damage":11,"enemies":"Centurion and Healer","floor":22,"turns":4},{"damage":23,"enemies":"Book of Stabbing","floor":23,"turns":5},{"damage":1,"enemies":"Colosseum Slavers","floor":25,"turns":3},{"damage":24,"enemies":"Colosseum Nobs","floor":25,"turns":4},{"damage":0,"enemies":"Slavers","floor":28,"turns":4},{"damage":0,"enemies":"3 Cultists","floor":30,"turns":4},{"damage":0,"enemies":"Snecko","floor":31,"turns":2},{"damage":7,"enemies":"Automaton","floor":33,"turns":6},{"damage":0,"enemies":"3 Shapes","floor":35,"turns":2},{"damage":0,"enemies":"3 Darklings","floor":38,"turns":5},{"damage":3,"enemies":"Mind Bloom Boss Battle","floor":39,"turns":5},{"damage":0,"enemies":"Giant Head","floor":40,"turns":6},{"damage":0,"enemies":"Maw","floor":42,"turns":5},{"damage":0,"enemies":"Jaw Worm Horde","floor":44,"turns":3},{"damage":21,"enemies":"Reptomancer","floor":45,"turns":4},{"damage":0,"enemies":"2 Orb Walkers","floor":46,"turns":2},{"damage":0,"enemies":"Transient","floor":48,"turns":5},{"damage":26,"enemies":"Awakened One","floor":50,"turns":4}],"seed_played":"3988833726402513641","potions_obtained":[{"floor":2,"key":"LiquidBronze"},{"floor":8,"key":"Fire Potion"},{"floor":10,"key":"PowerPotion"},{"floor":16,"key":"Regen Potion"},{"floor":19,"key":"Strength Potion"},{"floor":23,"key":"Explosive Potion"},{"floor":25,"key":"LiquidBronze"},{"floor":30,"key":"FocusPotion"}],"is_trial":false,"path_per_floor":["M","M","?","$","?","R","E","M","T","M","?","E","R","$","R","B",null,"M","M","$","?","M","E","T","?","T","?","E","$","M","M","R","B",null,"M","?","?","M","?","E","$","M","T","M","E","?","?","M","R","B",null],"character_chosen":"DEFECT","items_purchased":["Bandage Up","Gash","Cold Snap","Blood Vial","Cables","Self Repair","Consume","Bag of Marbles","Art of War","Mind Blast+1","Pen Nib","ClockworkSouvenir","PreservedInsect","Strange Spoon","Pear","Question Card","Enlightenment+1","Doom and Gloom+1","Hologram+1"],"campfire_rested":5,"item_purchase_floors":[4,4,4,14,14,14,14,20,20,20,29,29,29,41,41,41,41,41,41],"current_hp_per_floor":[69,69,54,54,54,75,59,58,58,62,51,33,55,55,75,48,75,75,53,53,53,48,38,38,40,40,40,53,53,62,71,75,75,75,75,66,66,75,72,75,85,85,85,85,64,66,56,69,85,66],"gold":242,"neow_bonus":"","is_prod":false,"is_daily":true,"chose_seed":false,"campfire_upgraded":0,"win_rate":0,"timestamp":1550400792,"path_taken":["M","M","?","$","?","R","E","M","T","?","?","E","R","$","R","BOSS","M","M","$","?","M","E","?","?","T","?","E","?","M","M","R","BOSS","M","?","?","?","?","E","$","M","T","M","E","?","?","M","R","BOSS"],"build_version":"2019-01-23","purchased_purges":0,"victory":true,"max_hp_per_floor":[75,75,75,75,75,75,75,75,75,75,75,75,75,75,75,75,75,75,75,75,75,75,75,75,75,75,75,75,75,75,75,75,75,75,75,75,75,75,75,75,85,85,85,85,85,85,85,85,85,85],"card_choices":[{"not_picked":["Rebound","Hologram"],"picked":"Ball Lightning","floor":1},{"not_picked":["Redo","Lockon"],"picked":"Chill","floor":2},{"not_picked":["Chill","Gash"],"picked":"Hello World","floor":7},{"not_picked":["Ball Lightning","Recycle"],"picked":"Streamline","floor":8},{"not_picked":["Glacier","Chaos"],"picked":"Gash","floor":10},{"not_picked":["Redo","Rebound"],"picked":"Core Surge","floor":12},{"not_picked":["Multi-Cast","Amplify"],"picked":"Creative AI","floor":16},{"not_picked":["Redo","Rebound+1"],"picked":"Tempest+1","floor":18},{"not_picked":["Leap","Compile Driver+1"],"picked":"Loop","floor":19},{"not_picked":["Ball Lightning+1","Consume"],"picked":"Chill+1","floor":22},{"not_picked":["Amplify","Doom and Gloom+1"],"picked":"Storm+1","floor":23},{"not_picked":["Ball Lightning+1","Redo+1"],"picked":"Conserve Battery+1","floor":25},{"not_picked":["Fusion+1","Streamline+1"],"picked":"Steam+1","floor":28},{"not_picked":["Reinforced Body+1","Cold Snap+1"],"picked":"Conserve Battery+1","floor":30},{"not_picked":["Coolheaded+1","Rebound+1"],"picked":"Static Discharge","floor":31},{"not_picked":["Creative AI","Fission+1"],"picked":"Buffer","floor":33},{"not_picked":["Conserve Battery+1","Beam Cell+1"],"picked":"Aggregate+1","floor":35},{"not_picked":["Redo+1","Hologram+1"],"picked":"Gash+1","floor":38},{"not_picked":["Capacitor+1","Chill+1"],"picked":"Electrodynamics","floor":39},{"not_picked":["Recycle+1","Amplify+1"],"picked":"Darkness+1","floor":40},{"not_picked":["Hologram+1","Blizzard+1","Storm"],"picked":"Defragment","floor":42},{"not_picked":["Gash+1","Recycle+1","Sweeping Beam+1"],"picked":"Beam Cell+1","floor":44},{"not_picked":["Conserve Battery+1","Cold Snap+1","Chaos+1"],"picked":"Thunder Strike+1","floor":45},{"not_picked":["Rebound+1","Fusion+1","Stack+1"],"picked":"Reprogram+1","floor":46},{"not_picked":["Apotheosis+1","Good Instincts+1","Madness+1"],"picked":"Mayhem","floor":47},{"not_picked":["Transmutation+1","Chrysalis+1","Thinking Ahead+1"],"picked":"Panache","floor":47},{"not_picked":["Blind+1","Bandage Up+1","Secret Weapon+1"],"picked":"Apotheosis+1","floor":47},{"not_picked":["Leap+1","Rebound+1","Sweeping Beam+1"],"picked":"FTL+1","floor":48}],"player_experience":545200,"relics_obtained":[{"floor":7,"key":"Bag of Preparation"},{"floor":9,"key":"Mercury Hourglass"},{"floor":12,"key":"Molten Egg 2"},{"floor":23,"key":"Toxic Egg 2"},{"floor":24,"key":"Emotion Chip"},{"floor":25,"key":"StoneCalendar"},{"floor":25,"key":"Letter Opener"},{"floor":26,"key":"Singing Bowl"},{"floor":28,"key":"Ginger"},{"floor":39,"key":"FossilizedHelix"},{"floor":40,"key":"Smiling Mask"},{"floor":43,"key":"Blue Candle"},{"floor":45,"key":"Bronze Scales"},{"floor":46,"key":"Ice Cream"}],"event_choices":[{"damage_healed":0,"gold_gain":0,"player_choice":"Entered Light","damage_taken":15,"max_hp_gain":0,"max_hp_loss":0,"event_name":"Shining Light","floor":3,"gold_loss":0,"cards_upgraded":["Chill","Ball Lightning"]},{"damage_healed":0,"gold_gain":69,"player_choice":"Gained Gold","damage_taken":0,"max_hp_gain":0,"max_hp_loss":0,"event_name":"Golden Wing","floor":5,"gold_loss":0},{"damage_healed":0,"gold_gain":75,"player_choice":"Gather Gold","damage_taken":11,"max_hp_gain":0,"max_hp_loss":0,"event_name":"World of Goop","floor":11,"gold_loss":0},{"damage_healed":0,"gold_gain":0,"player_choice":"Inject Mutagens","damage_taken":0,"relics_obtained":["MutagenicStrength"],"max_hp_gain":0,"max_hp_loss":0,"event_name":"Drug Dealer","floor":21,"gold_loss":0},{"damage_healed":0,"gold_gain":0,"player_choice":"Fight","damage_taken":0,"max_hp_gain":0,"max_hp_loss":0,"event_name":"Colosseum","floor":25,"gold_loss":0},{"damage_healed":0,"gold_gain":0,"player_choice":"Fought Nobs","damage_taken":0,"max_hp_gain":0,"max_hp_loss":0,"event_name":"Colosseum","floor":25,"gold_loss":0},{"damage_healed":0,"gold_gain":0,"player_choice":"Obtained Relic","damage_taken":0,"relics_obtained":["Mummified Hand"],"max_hp_gain":0,"max_hp_loss":0,"event_name":"Addict","floor":27,"gold_loss":85},{"damage_healed":0,"gold_gain":0,"player_choice":"Embrace Madness","damage_taken":9,"max_hp_gain":0,"max_hp_loss":0,"event_name":"Winding Halls","floor":36,"gold_loss":0,"cards_obtained":["Madness","Madness"]},{"cards_removed":["Cold Snap"],"damage_healed":0,"gold_gain":0,"player_choice":"Removed Attack","damage_taken":0,"max_hp_gain":0,"max_hp_loss":0,"event_name":"Falling","floor":37,"gold_loss":0},{"damage_healed":0,"gold_gain":0,"player_choice":"Fight","damage_taken":0,"max_hp_gain":0,"max_hp_loss":0,"event_name":"MindBloom","floor":39,"gold_loss":0},{"damage_healed":0,"gold_gain":0,"player_choice":"Fight","damage_taken":0,"max_hp_gain":0,"max_hp_loss":0,"event_name":"Mysterious Sphere","floor":46,"gold_loss":0},{"damage_healed":0,"gold_gain":0,"player_choice":"Memory 3","damage_taken":10,"max_hp_gain":0,"max_hp_loss":0,"event_name":"SensoryStone","floor":47,"gold_loss":0}],"is_beta":false,"boss_relics":[{"not_picked":["Runic Dome","Eternal Feather"],"picked":"Lizard Tail"},{"not_picked":["FrozenCore","Empty Cage"],"picked":"Philosopher\u0027s Stone"}],"items_purged_floors":[],"is_endless":false,"potions_floor_spawned":[2,8,10,16,19,23,25,30,33,39,46,48],"ascension_level":0}