{"gold_per_floor":[110,126,141,156,175,175,100,118,169,182,200,275,275,290,290,385,385,395,295,307,182,195,221,221,221,221,238,50,50,70,70,70,167,167,178,278,278,294,294,294,307,307,307,323,350,360,376,390,390,390],"floor_reached":50,"playtime":6978,"items_purged":["Defend_G","Strike_G","Strike_G"],"score":567,"play_id":"dae8cd75-f863-4b29-ae69-72fc4b8a0517","local_time":"20190708215127","is_ascension_mode":false,"campfire_choices":[{"data":"Finisher","floor":6,"key":"SMITH"},{"floor":15,"key":"REST"},{"data":"Infinite Blades","floor":24,"key":"SMITH"},{"floor":32,"key":"REST"},{"data":"Well Laid Plans","floor":40,"key":"SMITH"},{"floor":42,"key":"REST"},{"floor":49,"key":"REST"}],"neow_cost":"NONE","seed_source_timestamp":217675903803600,"circlet_count":0,"master_deck":["Strike_G","Strike_G+1","Defend_G+1","Survivor","Neutralize","Dagger Throw","Well Laid Plans+1","Prepared+1","Finisher+1","Blade Dance","Finisher+1","Infinite Blades+1","Phantasmal Killer","Catalyst+1","Doppelganger+1","Calculated Gamble+1","Dagger Throw+1","Underhanded Strike+1","Escape Plan","Phantasmal Killer","Master of Strategy","Decay","Choke+1","Underhanded Strike+1","Backstab+1","Writhe","Parasite","Blade Dance+1"],"relics":["Ring of the Snake","War Paint","Astrolabe","Whetstone","Boot","Philosopher\u0027s Stone","Bird Faced Urn","Bottled Lightning","Question Card"],"potions_floor_usage":[16,33,33,33,44,47,50,50],"damage_taken":[{"damage":0,"enemies":"Cultist","floor":1,"turns":4},{"damage":0,"enemies":"2 Louse","floor":2,"turns":3},{"damage":0,"enemies":"Jaw Worm","floor":3,"turns":5},{"damage":7,"enemies":"Large Slime","floor":4,"turns":8},{"damage":6,"enemies":"Exordium Thugs","floor":5,"turns":6},{"damage":0,"enemies":"Looter","floor":8,"turns":4},{"damage":0,"enemies":"Exordium Wildlife","floor":10,"turns":3},{"damage":9,"enemies":"3 Louse","floor":11,"turns":3},{"damage":0,"enemies":"2 Fungi Beasts","floor":14,"turns":3},{"damage":0,"enemies":"Slime Boss","floor":16,"turns":7},{"damage":0,"enemies":"Chosen","floor":18,"turns":3},{"damage":0,"enemies":"Spheric Guardian","floor":20,"turns":2},{"damage":15,"enemies":"3 Cultists","floor":22,"turns":5},{"damage":0,"enemies":"Gremlin Leader","floor":23,"turns":3},{"damage":14,"enemies":"Snecko","floor":27,"turns":4},{"damage":19,"enemies":"Centurion and Healer","floor":30,"turns":2},{"damage":27,"enemies":"Champ","floor":33,"turns":7},{"damage":9,"enemies":"3 Darklings","floor":35,"turns":4},{"damage":21,"enemies":"Mind Bloom Boss Battle","floor":36,"turns":8},{"damage":0,"enemies":"Orb Walker","floor":38,"turns":2},{"damage":42,"enemies":"Maw","floor":41,"turns":5},{"damage":3,"enemies":"Sphere and 2 Shapes","floor":44,"turns":3},{"damage":13,"enemies":"Nemesis","floor":45,"turns":3},{"damage":24,"enemies":"Writhing Mass","floor":46,"turns":3},{"damage":0,"enemies":"Transient","floor":47,"turns":5},{"damage":0,"enemies":"3 Darklings","floor":48,"turns":3},{"damage":85,"enemies":"Time Eater","floor":50,"turns":4}],"seed_played":"6622371232390717150","potions_obtained":[{"floor":4,"key":"Poison Potion"},{"floor":8,"key":"Strength Potion"},{"floor":11,"key":"LiquidBronze"},{"floor":16,"key":"Energy Potion"},{"floor":22,"key":"EssenceOfSteel"},{"floor":33,"key":"Energy Potion"},{"floor":38,"key":"SteroidPotion"},{"floor":41,"key":"Block Potion"},{"floor":44,"key":"Swift Potion"},{"floor":47,"key":"Fire Potion"}],"is_trial":false,"path_per_floor":["M","M","M","M","M","R","$","M","T","M","M","?","?","M","R","B",null,"M","$","M","$","M","E","R","?","T","M","$","?","M","?","R","B",null,"M","?","?","M","?","R","M","R","T","M","E","M","M","M","R","B"],"character_chosen":"THE_SILENT","items_purchased":["Master of Strategy"],"campfire_rested":4,"item_purchase_floors":[28],"current_hp_per_floor":[77,77,77,70,64,64,64,64,64,64,55,44,37,37,60,60,77,77,77,77,77,62,62,62,62,62,48,48,48,29,29,52,25,77,68,47,47,51,70,70,32,55,55,56,47,25,29,33,56,0],"gold":390,"neow_bonus":"TEN_PERCENT_HP_BONUS","is_prod":false,"is_daily":false,"chose_seed":false,"campfire_upgraded":3,"win_rate":0.0,"timestamp":1562615487,"path_taken":["M","M","M","M","M","R","?","M","T","M","M","?","?","M","R","BOSS","M","$","M","$","M","E","R","?","T","M","?","?","M","?","R","BOSS","M","?","?","M","?","R","M","R","T","?","E","M","M","M","R","BOSS"],"build_version":"2019-07-05","purchased_purges":3,"victory":false,"max_hp_per_floor":[77,77,77,77,77,77,77,77,77,77,77,77,77,77,77,77,77,77,77,77,77,77,77,77,77,77,77,77,77,77,77,77,77,77,77,77,77,77,77,77,77,77,77,77,77,77,77,77,77,77],"card_choices":[{"not_picked":["Sucker Punch","Flechettes"],"picked":"Dagger Throw","floor":1},{"not_picked":["Flying Knee","Outmaneuver"],"picked":"Well Laid Plans","floor":2},{"not_picked":["Expertise","Acrobatics"],"picked":"Prepared","floor":3},{"not_picked":["Prepared","Outmaneuver"],"picked":"Finisher","floor":4},{"not_picked":["Slice","Backflip"],"picked":"Blade Dance","floor":5},{"not_picked":["Blur","PiercingWail","Dash"],"picked":"SKIP","floor":8},{"not_picked":["Dagger Throw","Escape Plan","Calculated Gamble"],"picked":"SKIP","floor":10},{"not_picked":["Quick Slash","Dash"],"picked":"Finisher","floor":11},{"not_picked":["Deadly Poison","Underhanded Strike"],"picked":"Infinite Blades","floor":14},{"not_picked":["Night Terror","Burst"],"picked":"Phantasmal Killer","floor":16},{"not_picked":["Prepared","Deadly Poison","Backflip"],"picked":"SKIP","floor":18},{"not_picked":["Backflip","Calculated Gamble"],"picked":"Dagger Throw+1","floor":20},{"not_picked":["Dagger Throw","Catalyst"],"picked":"Underhanded Strike+1","floor":22},{"not_picked":["Caltrops","Corpse Explosion"],"picked":"Escape Plan","floor":23},{"not_picked":["Sucker Punch","Flying Knee","Deadly Poison"],"picked":"SKIP","floor":27},{"not_picked":["Flying Knee","Crippling Poison"],"picked":"Outmaneuver+1","floor":30},{"not_picked":["Dagger Throw","Expertise+1"],"picked":"Choke+1","floor":35},{"not_picked":["Dash+1","Heel Hook"],"picked":"Underhanded Strike+1","floor":36},{"not_picked":["Catalyst+1","Predator"],"picked":"Backstab+1","floor":38},{"not_picked":["Dagger Spray+1","Bouncing Flask+1","Well Laid Plans"],"picked":"SKIP","floor":41},{"not_picked":["Dagger Spray+1","Prepared","Leg Sweep+1"],"picked":"SKIP","floor":44},{"not_picked":["Dagger Spray+1","Backflip+1","Slice"],"picked":"SKIP","floor":45},{"not_picked":["Poisoned Stab","Dodge and Roll","Acrobatics+1"],"picked":"Blade Dance+1","floor":46},{"not_picked":["Backflip","Reflex","PiercingWail","Deadly Poison"],"picked":"SKIP","floor":47},{"not_picked":["Bane","Dash","Backflip","Deadly Poison+1"],"picked":"SKIP","floor":48}],"player_experience":55391,"relics_obtained":[{"floor":9,"key":"War Paint"},{"floor":23,"key":"Whetstone"},{"floor":26,"key":"Boot"},{"floor":36,"key":"Bird Faced Urn"},{"floor":43,"key":"Bottled Lightning"},{"floor":45,"key":"Question Card"}],"event_choices":[{"damage_healed":0,"gold_gain":75,"player_choice":"Gather Gold","damage_taken":11,"max_hp_gain":0,"max_hp_loss":0,"event_name":"World of Goop","floor":12,"gold_loss":0},{"cards_removed":["Strike_G"],"damage_healed":0,"gold_gain":0,"player_choice":"Card Removal","damage_taken":7,"max_hp_gain":0,"max_hp_loss":0,"event_name":"Golden Wing","floor":13,"gold_loss":0},{"damage_healed":0,"gold_gain":0,"player_choice":"1 cards matched","damage_taken":0,"max_hp_gain":0,"max_hp_loss":0,"event_name":"Match and Keep!","floor":25,"gold_loss":0,"cards_obtained":["Phantasmal Killer"]},{"damage_healed":0,"gold_gain":0,"player_choice":"Smashed Altar","damage_taken":0,"max_hp_gain":0,"max_hp_loss":0,"event_name":"Forgotten Altar","floor":29,"gold_loss":0,"cards_obtained":["Decay"]},{"damage_healed":0,"gold_gain":0,"player_choice":"Leave","damage_taken":0,"max_hp_gain":0,"max_hp_loss":0,"event_name":"FaceTrader","floor":31,"gold_loss":0},{"damage_healed":0,"gold_gain":0,"player_choice":"Fight","damage_taken":0,"max_hp_gain":0,"max_hp_loss":0,"event_name":"MindBloom","floor":36,"gold_loss":0},{"cards_removed":["Outmaneuver"],"damage_healed":0,"gold_gain":0,"player_choice":"Removed Skill","damage_taken":0,"max_hp_gain":0,"max_hp_loss":0,"event_name":"Falling","floor":37,"gold_loss":0},{"damage_healed":19,"gold_gain":0,"player_choice":"Writhe","damage_taken":0,"max_hp_gain":0,"max_hp_loss":0,"event_name":"Winding Halls","floor":39,"gold_loss":0,"cards_obtained":["Writhe"]}],"is_beta":false,"boss_relics":[{"not_picked":["Runic Pyramid","Runic Dome"],"picked":"Astrolabe"},{"not_picked":["Calling Bell","Lizard Tail"],"picked":"Philosopher\u0027s Stone"}],"items_purged_floors":[7,19,21],"is_endless":false,"potions_floor_spawned":[4,8,11,16,22,27,33,38,41,44,47],"killed_by":"Time Eater","ascension_level":0}