{"gold_per_floor":[109,120,120,195,370,403,403,418,418,418,418,418,26,37,37,140,140,160,175,39,54,14,14,14,14,14,114,114,134,134,153,153,249,249,263,263,61,61,79,79,89,89,113,113,133,151,117,117,117,117],"floor_reached":50,"playtime":1355,"items_purged":["Strike_G","Defend_G","Writhe"],"score":512,"play_id":"d367db86-6166-4285-8ee5-ee7a216c8667","local_time":"20190701052236","is_ascension_mode":false,"campfire_choices":[{"data":"Neutralize","floor":7,"key":"SMITH"},{"data":"Adrenaline","floor":10,"key":"SMITH"},{"data":"Poisoned Stab","floor":12,"key":"SMITH"},{"data":"Noxious Fumes","floor":15,"key":"SMITH"},{"data":"Glass Knife","floor":23,"key":"SMITH"},{"data":"Infinite Blades","floor":25,"key":"SMITH"},{"data":"Skewer","floor":28,"key":"SMITH"},{"data":"Noxious Fumes","floor":32,"key":"SMITH"},{"data":"Deadly Poison","floor":40,"key":"SMITH"},{"data":"Cloak And Dagger","floor":42,"key":"SMITH"},{"data":"Ghostly","floor":44,"key":"SMITH"},{"data":"Footwork","floor":49,"key":"SMITH"}],"neow_cost":"NONE","seed_source_timestamp":1585187507623,"circlet_count":0,"master_deck":["Defend_G","Defend_G","Defend_G","Defend_G","Strike_G","Strike_G","Strike_G","Strike_G","Survivor","Neutralize+1","Poisoned Stab+1","Deflect","Adrenaline+1","Cloak And Dagger+1","Noxious Fumes+1","Deadly Poison+1","Glass Knife+1","Footwork+1","Backstab+1","Skewer+1","Infinite Blades+1","Choke+1","Slice+1","Ghostly","Ghostly","Ghostly","Ghostly","Ghostly+1","Noxious Fumes+1","Dagger Throw+1","Sucker Punch+1","Catalyst+1","Flying Knee+1","Clumsy","Catalyst+1","Noxious Fumes+1","Footwork+1","Panache","Blind","Swift Strike+1"],"relics":["Ring of the Snake","NeowsBlessing","Pear","Bottled Lightning","Spirit Poop","Mummified Hand","Cursed Key","Enchiridion","Molten Egg 2","FossilizedHelix","Paper Crane","Eternal Feather","Regal Pillow"],"potions_floor_usage":[16,18,27,33,33,45,50,50],"damage_taken":[{"damage":0,"enemies":"2 Louse","floor":1,"turns":1},{"damage":0,"enemies":"Small Slimes","floor":2,"turns":1},{"damage":0,"enemies":"Gremlin Nob","floor":6,"turns":1},{"damage":0,"enemies":"Cultist","floor":8,"turns":4},{"damage":0,"enemies":"Red Slaver","floor":14,"turns":3},{"damage":23,"enemies":"Slime Boss","floor":16,"turns":10},{"damage":6,"enemies":"2 Thieves","floor":18,"turns":4},{"damage":0,"enemies":"Chosen","floor":19,"turns":4},{"damage":7,"enemies":"Centurion and Healer","floor":21,"turns":6},{"damage":14,"enemies":"Colosseum Slavers","floor":27,"turns":3},{"damage":5,"enemies":"Colosseum Nobs","floor":27,"turns":5},{"damage":0,"enemies":"Cultist and Chosen","floor":29,"turns":4},{"damage":0,"enemies":"Snecko","floor":31,"turns":3},{"damage":14,"enemies":"Collector","floor":33,"turns":8},{"damage":0,"enemies":"3 Shapes","floor":35,"turns":3},{"damage":1,"enemies":"3 Darklings","floor":39,"turns":4},{"damage":8,"enemies":"Maw","floor":41,"turns":6},{"damage":0,"enemies":"Sphere and 2 Shapes","floor":45,"turns":5},{"damage":7,"enemies":"3 Darklings","floor":46,"turns":4},{"damage":40,"enemies":"Donu and Deca","floor":50,"turns":7}],"seed_played":"-854135594872121731","potions_obtained":[{"floor":2,"key":"Block Potion"},{"floor":8,"key":"Explosive Potion"},{"floor":14,"key":"PowerPotion"},{"floor":29,"key":"Block Potion"},{"floor":31,"key":"Block Potion"},{"floor":33,"key":"Weak Potion"},{"floor":41,"key":"Swift Potion"},{"floor":46,"key":"Strength Potion"}],"is_trial":false,"path_per_floor":["M","M","?","?","?","E","R","M","T","R","?","R","$","M","R","B",null,"M","M","$","M","$","R","?","R","T","?","R","M","?","M","R","B",null,"M","?","$","?","M","R","M","R","T","R","M","M","$","?","R","B"],"character_chosen":"THE_SILENT","items_purchased":["Noxious Fumes","Mummified Hand","Skewer","Infinite Blades","Dagger Throw+1","Sucker Punch+1","Footwork"],"campfire_rested":0,"item_purchase_floors":[13,13,20,22,37,37,47],"current_hp_per_floor":[70,70,75,64,64,74,74,74,74,74,74,74,74,74,74,51,85,79,79,79,72,72,72,56,56,56,37,37,37,37,37,37,23,42,42,40,40,40,39,40,32,40,40,40,40,33,33,23,40,0],"gold":117,"neow_bonus":"THREE_ENEMY_KILL","is_prod":false,"is_daily":false,"chose_seed":false,"campfire_upgraded":12,"win_rate":0,"timestamp":1561980156,"path_taken":["M","M","?","?","?","E","R","M","T","R","?","R","$","M","R","BOSS","M","?","?","M","$","R","?","R","T","?","R","M","?","M","R","BOSS","M","?","$","?","M","R","M","R","T","R","?","M","?","?","R","BOSS"],"build_version":"2019-01-23","purchased_purges":3,"victory":false,"max_hp_per_floor":[70,70,75,75,75,85,85,85,85,85,85,85,85,85,85,85,85,85,85,85,85,85,85,85,85,85,85,85,85,42,42,42,42,42,42,40,40,40,40,40,40,40,40,40,40,40,40,40,40,40],"card_choices":[{"not_picked":["PiercingWail","Quick Slash"],"picked":"Poisoned Stab","floor":1},{"not_picked":["Predator","Quick Slash"],"picked":"Deflect","floor":2},{"not_picked":["Eviscerate","Sucker Punch"],"picked":"Adrenaline","floor":6},{"not_picked":["Blade Dance","Outmaneuver"],"picked":"Cloak And Dagger","floor":8},{"not_picked":["Acrobatics","Dagger Throw"],"picked":"Deadly Poison","floor":14},{"not_picked":["Storm of Steel","Tools of the Trade"],"picked":"Glass Knife","floor":16},{"not_picked":["PiercingWail+1","Underhanded Strike"],"picked":"Footwork+1","floor":18},{"not_picked":["Acrobatics","Bane"],"picked":"Backstab+1","floor":19},{"not_picked":["Bane","Quick Slash","Outmaneuver"],"picked":"SKIP","floor":21},{"not_picked":["Slice+1","Dagger Throw+1"],"picked":"Choke+1","floor":27},{"not_picked":["Acrobatics","Prepared"],"picked":"Slice+1","floor":29},{"not_picked":["Outmaneuver","Dagger Spray+1"],"picked":"Noxious Fumes","floor":31},{"not_picked":["Well Laid Plans+1","Acrobatics","Outmaneuver"],"picked":"SKIP","floor":35},{"not_picked":["Finisher+1","Dodge and Roll+1"],"picked":"Catalyst+1","floor":39},{"not_picked":["Endless Agony+1","Dagger Throw+1"],"picked":"Flying Knee+1","floor":41},{"not_picked":["Setup+1","Concentrate"],"picked":"Catalyst+1","floor":45},{"not_picked":["Dodge and Roll","Masterful Stab+1"],"picked":"Noxious Fumes+1","floor":46},{"not_picked":["Purity","PanicButton"],"picked":"Panache","floor":48},{"not_picked":["HandOfGreed+1","Chrysalis"],"picked":"Blind","floor":48},{"not_picked":["Transmutation","Panacea"],"picked":"Swift Strike+1","floor":48}],"player_experience":1524857,"relics_obtained":[{"floor":6,"key":"Pear"},{"floor":9,"key":"Bottled Lightning"},{"floor":24,"key":"Enchiridion"},{"floor":26,"key":"Molten Egg 2"},{"floor":27,"key":"FossilizedHelix"},{"floor":27,"key":"Paper Crane"},{"floor":43,"key":"Regal Pillow"}],"event_choices":[{"damage_healed":0,"gold_gain":0,"player_choice":"Donut","damage_taken":0,"max_hp_gain":5,"max_hp_loss":0,"event_name":"Big Fish","floor":3,"gold_loss":0},{"damage_healed":0,"gold_gain":75,"player_choice":"Gather Gold","damage_taken":11,"max_hp_gain":0,"max_hp_loss":0,"event_name":"World of Goop","floor":4,"gold_loss":0},{"damage_healed":0,"gold_gain":175,"player_choice":"AGREE","damage_taken":0,"max_hp_gain":0,"max_hp_loss":0,"event_name":"Liars Game","floor":5,"gold_loss":0,"cards_obtained":["Doubt"]},{"cards_removed":["Doubt"],"damage_healed":0,"gold_gain":0,"player_choice":"Offered Curse","damage_taken":0,"relics_obtained":["Spirit Poop"],"max_hp_gain":0,"max_hp_loss":0,"event_name":"Bonfire Elementals","floor":11,"gold_loss":0},{"damage_healed":0,"gold_gain":0,"player_choice":"Obtained Book","damage_taken":16,"max_hp_gain":0,"max_hp_loss":0,"event_name":"Cursed Tome","floor":24,"gold_loss":0},{"damage_healed":0,"gold_gain":0,"player_choice":"Fight","damage_taken":0,"max_hp_gain":0,"max_hp_loss":0,"event_name":"Colosseum","floor":27,"gold_loss":0},{"damage_healed":0,"gold_gain":0,"player_choice":"Fought Nobs","damage_taken":0,"max_hp_gain":0,"max_hp_loss":0,"event_name":"Colosseum","floor":27,"gold_loss":0},{"damage_healed":0,"gold_gain":0,"player_choice":"Became a Ghost","damage_taken":0,"max_hp_gain":0,"max_hp_loss":43,"event_name":"Ghosts","floor":30,"gold_loss":0,"cards_obtained":["Ghostly","Ghostly","Ghostly","Ghostly","Ghostly"]},{"damage_healed":0,"gold_gain":0,"player_choice":"Max HP","damage_taken":0,"max_hp_gain":0,"max_hp_loss":2,"event_name":"Winding Halls","floor":36,"gold_loss":0},{"damage_healed":0,"gold_gain":0,"player_choice":"Ignored","damage_taken":0,"max_hp_gain":0,"max_hp_loss":0,"event_name":"SecretPortal","floor":38,"gold_loss":0},{"damage_healed":0,"gold_gain":0,"player_choice":"Memory 3","damage_taken":10,"max_hp_gain":0,"max_hp_loss":0,"event_name":"SensoryStone","floor":48,"gold_loss":0}],"is_beta":false,"boss_relics":[{"not_picked":["Philosopher\u0027s Stone","Lizard Tail"],"picked":"Cursed Key"},{"not_picked":["Calling Bell","Velvet Choker"],"picked":"Eternal Feather"}],"items_purged_floors":[13,20,37],"is_endless":false,"potions_floor_spawned":[2,8,14,29,31,33,41,46],"killed_by":"Donu and Deca","ascension_level":0}