{"gold_per_floor":[116,134,144,161,86,111,111,111,162,180,255,255,288,306,306,404,404,418,432,451,37,37,37,49,49,49,64,64,163,163,177,177,274,274,285,0,0,15,15,45,65,65,65,75,85,135,151,166,166,166],"floor_reached":51,"playtime":4890,"items_purged":["Clash","Rupture+1"],"score":668,"play_id":"3b85dfc6-9a61-44f7-b3d6-4f01900347bf","local_time":"20190707212208","is_ascension_mode":false,"campfire_choices":[{"floor":7,"key":"REST"},{"floor":12,"key":"REST"},{"floor":15,"key":"REST"},{"data":"Bludgeon","floor":23,"key":"SMITH"},{"data":"Reaper","floor":25,"key":"SMITH"},{"floor":32,"key":"REST"},{"floor":42,"key":"REST"},{"floor":49,"key":"REST"}],"neow_cost":"NONE","seed_source_timestamp":131573081993900,"circlet_count":0,"master_deck":["Strike_R+1","Strike_R+1","Strike_R+1","Strike_R+1","Strike_R+1","Defend_R+1","Defend_R+1","Defend_R+1","Defend_R+1","Bash","Uppercut","Infernal Blade","Clothesline","Perfected Strike","Bludgeon+1","Clothesline+1","Fire Breathing+1","Panache+1","Reaper+1","Metallicize+1","Shockwave","Demon Form+1","Dual Wield","Heavy Blade+1","Writhe","Heavy Blade+1","Heavy Blade"],"relics":["Snecko Eye","Frozen Egg 2","Oddly Smooth Stone","Red Skull","Lizard Tail","Question Card","Busted Crown","Red Mask","Pantograph","Ornamental Fan","Champion Belt"],"potions_floor_usage":[3,33,48,50],"damage_taken":[{"damage":0,"enemies":"2 Louse","floor":1,"turns":2},{"damage":0,"enemies":"Small Slimes","floor":2,"turns":3},{"damage":1,"enemies":"Jaw Worm","floor":3,"turns":2},{"damage":5,"enemies":"3 Louse","floor":4,"turns":3},{"damage":20,"enemies":"Gremlin Nob","floor":6,"turns":4},{"damage":30,"enemies":"Gremlin Gang","floor":10,"turns":5},{"damage":27,"enemies":"3 Sentries","floor":13,"turns":6},{"damage":0,"enemies":"2 Fungi Beasts","floor":14,"turns":2},{"damage":34,"enemies":"Hexaghost","floor":16,"turns":6},{"damage":10,"enemies":"Spheric Guardian","floor":18,"turns":3},{"damage":17,"enemies":"3 Byrds","floor":19,"turns":6},{"damage":21,"enemies":"Snake Plant","floor":20,"turns":3},{"damage":23,"enemies":"Chosen and Byrds","floor":24,"turns":4},{"damage":29,"enemies":"Shelled Parasite and Fungi","floor":27,"turns":3},{"damage":21,"enemies":"Centurion and Healer","floor":31,"turns":3},{"damage":66,"enemies":"Champ","floor":33,"turns":9},{"damage":18,"enemies":"3 Darklings","floor":35,"turns":4},{"damage":10,"enemies":"3 Shapes","floor":38,"turns":3},{"damage":32,"enemies":"Nemesis","floor":40,"turns":5},{"damage":5,"enemies":"Maw","floor":41,"turns":5},{"damage":20,"enemies":"3 Darklings","floor":44,"turns":5},{"damage":3,"enemies":"Spire Growth","floor":45,"turns":3},{"damage":43,"enemies":"2 Orb Walkers","floor":46,"turns":4},{"damage":21,"enemies":"Jaw Worm Horde","floor":47,"turns":4},{"damage":7,"enemies":"Maw","floor":48,"turns":5},{"damage":111,"enemies":"Awakened One","floor":50,"turns":8}],"seed_played":"1877331712947305513","potions_obtained":[{"floor":1,"key":"Dexterity Potion"},{"floor":4,"key":"Regen Potion"},{"floor":10,"key":"Block Potion"},{"floor":19,"key":"Strength Potion"},{"floor":33,"key":"BloodPotion"},{"floor":47,"key":"BloodPotion"},{"floor":48,"key":"Explosive Potion"}],"is_trial":false,"path_per_floor":["M","M","M","M","$","E","R","?","T","M","?","R","E","M","R","B",null,"M","M","M","$","?","R","M","R","T","M","$","?","?","M","R","B",null,"M","?","?","M","?","E","M","R","T","M","M","?","M","M","R","B",null],"character_chosen":"IRONCLAD","items_purchased":["Panache+1","Reaper"],"campfire_rested":6,"item_purchase_floors":[21,21],"current_hp_per_floor":[80,80,79,74,74,54,78,83,83,53,42,67,40,40,65,31,85,75,58,37,37,85,85,62,62,62,45,45,45,45,32,57,11,85,72,72,62,52,73,42,37,62,62,57,70,47,41,63,85,20],"gold":166,"neow_bonus":"BOSS_RELIC","is_prod":false,"is_daily":false,"chose_seed":false,"campfire_upgraded":2,"win_rate":0.0,"timestamp":1562527328,"path_taken":["M","M","M","M","$","E","R","?","T","M","?","R","E","?","R","BOSS","M","M","M","$","?","R","?","R","T","M","$","?","?","M","R","BOSS","M","?","?","M","?","E","M","R","T","M","M","?","?","M","R","BOSS"],"build_version":"2019-07-05","purchased_purges":2,"victory":true,"max_hp_per_floor":[80,80,80,80,80,80,80,85,85,85,85,85,85,85,85,85,85,85,85,85,85,85,85,85,85,85,85,85,85,85,85,85,85,85,85,85,85,85,85,85,85,85,85,85,85,85,85,85,85,85],"card_choices":[{"not_picked":["Pommel Strike","Heavy Blade"],"picked":"Uppercut","floor":1},{"not_picked":["Flame Barrier","Warcry"],"picked":"Clash","floor":2},{"not_picked":["Sword Boomerang","Rage"],"picked":"Feel No Pain","floor":3},{"not_picked":["Shrug It Off","Headbutt"],"picked":"Infernal Blade","floor":4},{"not_picked":["Sword Boomerang","Cleave"],"picked":"Rupture","floor":6},{"not_picked":["Anger","Iron Wave"],"picked":"Clothesline","floor":10},{"not_picked":["Flex","Sword Boomerang"],"picked":"Perfected Strike","floor":13},{"not_picked":["Iron Wave","Dropkick","Hemokinesis"],"picked":"SKIP","floor":14},{"not_picked":["Impervious","Offering"],"picked":"Bludgeon","floor":16},{"not_picked":["Rampage+1","Armaments"],"picked":"Clothesline+1","floor":18},{"not_picked":["Feel No Pain+1","Sword Boomerang+1","True Grit"],"picked":"SKIP","floor":19},{"not_picked":["Reckless Charge+1","Twin Strike"],"picked":"Fire Breathing+1","floor":20},{"not_picked":["Thunderclap","Perfected Strike","Intimidate"],"picked":"SKIP","floor":24},{"not_picked":["Iron Wave","Twin Strike+1","Disarm+1"],"picked":"Metallicize+1","floor":27},{"not_picked":["Sword Boomerang+1","True Grit","Battle Trance"],"picked":"Shockwave","floor":31},{"not_picked":["Double Tap","Reaper","Offering"],"picked":"Demon Form+1","floor":33},{"not_picked":["Pommel Strike+1"],"picked":"Dual Wield","floor":35},{"not_picked":["True Grit"],"picked":"Heavy Blade+1","floor":38},{"not_picked":["Clash+1","Fire Breathing+1"],"picked":"SKIP","floor":40},{"not_picked":["Reckless Charge+1","Fire Breathing+1"],"picked":"SKIP","floor":41},{"not_picked":["Clash"],"picked":"Heavy Blade+1","floor":44},{"not_picked":["True Grit+1","Armaments+1"],"picked":"SKIP","floor":45},{"not_picked":["Offering"],"picked":"Heavy Blade","floor":47},{"not_picked":["Anger","Fire Breathing+1"],"picked":"SKIP","floor":48}],"player_experience":10650,"relics_obtained":[{"floor":6,"key":"Frozen Egg 2"},{"floor":9,"key":"Oddly Smooth Stone"},{"floor":13,"key":"Red Skull"},{"floor":26,"key":"Question Card"},{"floor":40,"key":"Pantograph"},{"floor":43,"key":"Ornamental Fan"},{"floor":46,"key":"Champion Belt"}],"event_choices":[{"damage_healed":0,"gold_gain":0,"player_choice":"Donut","damage_taken":0,"max_hp_gain":5,"max_hp_loss":0,"event_name":"Big Fish","floor":8,"gold_loss":0},{"damage_healed":0,"gold_gain":75,"player_choice":"Gather Gold","damage_taken":11,"max_hp_gain":0,"max_hp_loss":0,"event_name":"World of Goop","floor":11,"gold_loss":0},{"cards_removed":["Feel No Pain"],"damage_healed":48,"gold_gain":0,"player_choice":"Offered Uncommon","damage_taken":0,"max_hp_gain":0,"max_hp_loss":0,"event_name":"Bonfire Elementals","floor":22,"gold_loss":0},{"damage_healed":0,"gold_gain":99,"player_choice":"Stole From Cult","damage_taken":0,"max_hp_gain":0,"max_hp_loss":0,"event_name":"Nest","floor":29,"gold_loss":0},{"damage_healed":0,"gold_gain":0,"player_choice":"Simplicity","damage_taken":0,"max_hp_gain":0,"max_hp_loss":0,"event_name":"Back to Basics","floor":30,"gold_loss":0,"cards_upgraded":["Strike_R","Strike_R","Strike_R","Strike_R","Strike_R","Defend_R","Defend_R","Defend_R","Defend_R"]},{"damage_healed":0,"gold_gain":0,"player_choice":"Paid","damage_taken":0,"relics_obtained":["Red Mask"],"max_hp_gain":0,"max_hp_loss":0,"event_name":"Tomb of Lord Red Mask","floor":36,"gold_loss":285},{"damage_healed":0,"gold_gain":0,"player_choice":"Memory 3","damage_taken":10,"max_hp_gain":0,"max_hp_loss":0,"event_name":"SensoryStone","floor":37,"gold_loss":0},{"damage_healed":21,"gold_gain":0,"player_choice":"Writhe","damage_taken":0,"max_hp_gain":0,"max_hp_loss":0,"event_name":"Winding Halls","floor":39,"gold_loss":0,"cards_obtained":["Writhe"]},{"damage_healed":0,"gold_gain":0,"player_choice":"Fight","damage_taken":0,"max_hp_gain":0,"max_hp_loss":0,"event_name":"Mysterious Sphere","floor":46,"gold_loss":0}],"is_beta":false,"boss_relics":[{"not_picked":["Orrery","Coffee Dripper"],"picked":"Lizard Tail"},{"not_picked":["Astrolabe","Runic Cube"],"picked":"Busted Crown"}],"items_purged_floors":[5,21],"is_endless":false,"potions_floor_spawned":[1,4,10,19,33,40,46,47,48],"ascension_level":0}