{"gold_per_floor":[110,210,31,44,62,93,93,157,232,163,163,192,207,227,227,350,350,370,383,383,403,424,424,447,447,472,472,497,537,537,381,381,505,505,525,525,525,546,565,606,974,198,198,222,246,246,269,290,290,290],"floor_reached":51,"playtime":4357,"items_purged":["Writhe"],"score":776,"play_id":"b21e53ba-112a-4887-a4f5-e8255512da35","local_time":"20190706140743","is_ascension_mode":false,"campfire_choices":[{"data":"Apotheosis","floor":11,"key":"SMITH"},{"data":"Blur","floor":15,"key":"SMITH"},{"data":"Footwork","floor":23,"key":"SMITH"},{"data":"Infinite Blades","floor":25,"key":"SMITH"},{"data":"Noxious Fumes","floor":32,"key":"SMITH"},{"floor":46,"key":"REST"},{"data":"Blade Dance","floor":49,"key":"SMITH"}],"neow_cost":"NONE","seed_source_timestamp":148672048745406,"circlet_count":0,"master_deck":["Strike_G+1","Strike_G+1","Strike_G+1","Strike_G+1","Strike_G+1","Defend_G+1","Defend_G+1","Defend_G+1","Defend_G+1","Defend_G+1","Survivor","Neutralize","Catalyst","Apotheosis+1","PiercingWail","PiercingWail","Terror","Blur+1","Infinite Blades+1","Slice","Blade Dance+1","A Thousand Cuts","Backstab","Footwork+1","Blur","PiercingWail+1","Blur","Noxious Fumes+1","Slice+1","Prepared+1","Endless Agony+1","Crippling Poison+1","Footwork+1","Violence","Blur+1","Poisoned Stab+1","Parasite","Underhanded Strike+1"],"relics":["Ring of the Snake","Blood Vial","Golden Idol","Lantern","Bottled Lightning","Odd Mushroom","Runic Pyramid","CultistMask","Regal Pillow","Sundial","Pen Nib","WristBlade","Molten Egg 2","Bird Faced Urn","Old Coin","Snake Skull","HandDrill","Paper Crane","Potion Belt"],"potions_floor_usage":[29,39,41,44,50,50],"damage_taken":[{"damage":0,"enemies":"2 Louse","floor":1,"turns":3},{"damage":1,"enemies":"Cultist","floor":4,"turns":4},{"damage":3,"enemies":"Jaw Worm","floor":5,"turns":5},{"damage":2,"enemies":"Lagavulin","floor":6,"turns":8},{"damage":13,"enemies":"3 Sentries","floor":8,"turns":12},{"damage":0,"enemies":"The Mushroom Lair","floor":12,"turns":6},{"damage":0,"enemies":"3 Louse","floor":13,"turns":3},{"damage":0,"enemies":"Blue Slaver","floor":14,"turns":2},{"damage":0,"enemies":"Hexaghost","floor":16,"turns":11},{"damage":0,"enemies":"Chosen","floor":18,"turns":5},{"damage":11,"enemies":"Spheric Guardian","floor":19,"turns":8},{"damage":6,"enemies":"Cultist and Chosen","floor":21,"turns":7},{"damage":0,"enemies":"Snake Plant","floor":22,"turns":5},{"damage":0,"enemies":"Centurion and Healer","floor":24,"turns":7},{"damage":9,"enemies":"Chosen and Byrds","floor":28,"turns":5},{"damage":2,"enemies":"Gremlin Leader","floor":29,"turns":6},{"damage":9,"enemies":"Automaton","floor":33,"turns":11},{"damage":26,"enemies":"3 Shapes","floor":35,"turns":3},{"damage":2,"enemies":"Orb Walker","floor":38,"turns":4},{"damage":9,"enemies":"Writhing Mass","floor":39,"turns":7},{"damage":14,"enemies":"Nemesis","floor":40,"turns":7},{"damage":12,"enemies":"2 Orb Walkers","floor":41,"turns":4},{"damage":7,"enemies":"3 Darklings","floor":44,"turns":4},{"damage":5,"enemies":"Transient","floor":45,"turns":5},{"damage":10,"enemies":"Writhing Mass","floor":47,"turns":7},{"damage":6,"enemies":"Jaw Worm Horde","floor":48,"turns":5},{"damage":6,"enemies":"Awakened One","floor":50,"turns":14}],"seed_played":"4022368367047851481","potions_obtained":[{"floor":1,"key":"Block Potion"},{"floor":12,"key":"Weak Potion"},{"floor":13,"key":"GhostInAJar"},{"floor":18,"key":"Energy Potion"},{"floor":35,"key":"SkillPotion"},{"floor":39,"key":"AttackPotion"},{"floor":47,"key":"AttackPotion"},{"floor":48,"key":"GhostInAJar"}],"is_trial":false,"path_per_floor":["M","?","$","M","M","E","?","?","T","$","R","?","M","M","R","B",null,"M","M","?","M","M","R","M","R","T","?","M","E","?","$","R","B",null,"M","$","?","M","M","E","?","$","T","M","M","R","M","M","R","B",null],"character_chosen":"THE_SILENT","items_purchased":["Apotheosis","Infinite Blades","Noxious Fumes","Snake Skull","HandDrill","Paper Crane","Violence"],"campfire_rested":1,"item_purchase_floors":[3,10,31,42,42,42,42],"current_hp_per_floor":[77,77,77,76,73,71,52,41,41,41,41,43,45,47,47,49,77,77,66,66,62,64,64,66,66,66,66,59,59,59,59,59,52,77,51,51,51,51,44,32,24,24,24,23,26,64,64,64,64,70],"gold":290,"neow_bonus":"TEN_PERCENT_HP_BONUS","is_prod":false,"is_daily":false,"chose_seed":false,"campfire_upgraded":6,"win_rate":0.0,"timestamp":1562458063,"path_taken":["M","?","$","?","?","E","?","?","T","$","R","?","M","M","R","BOSS","M","M","?","M","?","R","M","R","T","?","M","E","?","$","R","BOSS","M","$","?","?","M","E","?","$","T","M","M","R","M","M","R","BOSS"],"build_version":"2019-07-05","purchased_purges":1,"victory":true,"max_hp_per_floor":[77,77,77,77,77,77,77,77,77,77,77,77,77,77,77,77,77,77,77,77,77,77,77,77,77,77,77,77,77,77,77,77,77,77,77,77,77,77,77,77,77,77,77,77,77,77,77,77,77,77],"card_choices":[{"not_picked":["Masterful Stab","Bane"],"picked":"Catalyst","floor":1},{"not_picked":["Dash","Well Laid Plans"],"picked":"PiercingWail","floor":4},{"not_picked":["Skewer","Riddle With Holes"],"picked":"PiercingWail","floor":5},{"not_picked":["Dagger Spray","Tools of the Trade"],"picked":"Terror","floor":6},{"not_picked":["Reflex","Bane"],"picked":"Blur","floor":8},{"not_picked":["Terror","Skewer"],"picked":"Slice","floor":13},{"not_picked":["Calculated Gamble","Expertise"],"picked":"Blade Dance","floor":14},{"not_picked":["Corpse Explosion","After Image"],"picked":"A Thousand Cuts","floor":16},{"not_picked":["Slice","Dagger Spray"],"picked":"Backstab","floor":18},{"not_picked":["Acrobatics","PiercingWail"],"picked":"Footwork","floor":19},{"not_picked":["Dodge and Roll","Underhanded Strike"],"picked":"Blur","floor":21},{"not_picked":["Expertise+1","All Out Attack","Heel Hook"],"picked":"SKIP","floor":22},{"not_picked":["Eviscerate","Acrobatics"],"picked":"PiercingWail+1","floor":24},{"not_picked":["Dodge and Roll+1","Escape Plan"],"picked":"Blur","floor":28},{"not_picked":["Eviscerate","Flying Knee+1","Predator+1"],"picked":"SKIP","floor":29},{"not_picked":["Acrobatics+1","Flechettes+1"],"picked":"Slice+1","floor":35},{"not_picked":["Calculated Gamble+1","Backflip+1"],"picked":"Prepared+1","floor":38},{"not_picked":["Heel Hook+1","Calculated Gamble"],"picked":"Endless Agony+1","floor":39},{"not_picked":["Infinite Blades","Catalyst+1"],"picked":"Crippling Poison+1","floor":40},{"not_picked":["Choke+1","Catalyst"],"picked":"Footwork+1","floor":41},{"not_picked":["Footwork+1","Eviscerate+1"],"picked":"Blur+1","floor":44},{"not_picked":["Slice+1","Prepared+1"],"picked":"Poisoned Stab+1","floor":45},{"not_picked":["Dagger Spray+1","Bouncing Flask+1","Terror+1"],"picked":"SKIP","floor":47},{"not_picked":["Backflip","Dash+1"],"picked":"Underhanded Strike+1","floor":48}],"player_experience":13481,"relics_obtained":[{"floor":6,"key":"Blood Vial"},{"floor":9,"key":"Bottled Lightning"},{"floor":12,"key":"Odd Mushroom"},{"floor":26,"key":"Regal Pillow"},{"floor":29,"key":"Sundial"},{"floor":40,"key":"Bird Faced Urn"},{"floor":41,"key":"Old Coin"},{"floor":43,"key":"Potion Belt"}],"event_choices":[{"damage_healed":0,"gold_gain":100,"player_choice":"Pray","damage_taken":0,"max_hp_gain":0,"max_hp_loss":0,"event_name":"Golden Shrine","floor":2,"gold_loss":0},{"damage_healed":0,"gold_gain":0,"player_choice":"Take Damage","damage_taken":19,"relics_obtained":["Golden Idol"],"max_hp_gain":0,"max_hp_loss":0,"event_name":"Golden Idol","floor":7,"gold_loss":0},{"damage_healed":0,"gold_gain":30,"player_choice":"Searched \u00273\u0027 times","damage_taken":0,"relics_obtained":["Lantern"],"max_hp_gain":0,"max_hp_loss":0,"event_name":"Dead Adventurer","floor":8,"gold_loss":0},{"damage_healed":0,"gold_gain":0,"player_choice":"Fought Mushrooms","damage_taken":0,"max_hp_gain":0,"max_hp_loss":0,"event_name":"Mushrooms","floor":12,"gold_loss":0},{"damage_healed":0,"gold_gain":0,"player_choice":"Trade","damage_taken":0,"relics_obtained":["CultistMask"],"max_hp_gain":0,"max_hp_loss":0,"event_name":"FaceTrader","floor":20,"gold_loss":0},{"damage_healed":0,"gold_gain":0,"player_choice":"Simplicity","damage_taken":0,"max_hp_gain":0,"max_hp_loss":0,"event_name":"Back to Basics","floor":27,"gold_loss":0,"cards_upgraded":["Strike_G","Strike_G","Strike_G","Strike_G","Strike_G","Defend_G","Defend_G","Defend_G","Defend_G","Defend_G"]},{"damage_healed":0,"gold_gain":0,"player_choice":"Opened","damage_taken":0,"relics_obtained":["Pen Nib"],"max_hp_gain":0,"max_hp_loss":0,"event_name":"The Mausoleum","floor":30,"gold_loss":0,"cards_obtained":["Writhe"]},{"damage_healed":0,"gold_gain":0,"player_choice":"Gave Potion","damage_taken":0,"relics_obtained":["Molten Egg 2"],"max_hp_gain":0,"max_hp_loss":0,"event_name":"WeMeetAgain","floor":37,"gold_loss":0},{"damage_healed":0,"gold_gain":0,"player_choice":"Fight","damage_taken":0,"max_hp_gain":0,"max_hp_loss":0,"event_name":"Mysterious Sphere","floor":41,"gold_loss":0}],"is_beta":false,"boss_relics":[{"not_picked":["Orrery","Black Star"],"picked":"Runic Pyramid"},{"not_picked":["Empty Cage","Runic Dome"],"picked":"WristBlade"}],"items_purged_floors":[31],"is_endless":false,"potions_floor_spawned":[1,12,13,14,18,19,24,35,39,47,48],"ascension_level":0}