{"gold_per_floor":[111,111,111,111,73,107,107,107,153,153,153,184,184,195,195,294,294,313,153,165,2,21,21,21,46,128,128,159,159,172,172],"floor_reached":31,"playtime":3630,"items_purged":["Decay"],"score":282,"play_id":"f2e5f2e8-ea87-4b7b-bb09-3c82426d402b","local_time":"20190706200253","is_ascension_mode":false,"campfire_choices":[{"data":"Metallicize","floor":7,"key":"SMITH"},{"data":"Perfected Strike","floor":13,"key":"SMITH"},{"data":"Blind","floor":15,"key":"SMITH"},{"data":"Feed","floor":23,"key":"SMITH"},{"data":"Infernal Blade","floor":27,"key":"SMITH"}],"neow_cost":"NONE","seed_source_timestamp":170729634673030,"circlet_count":0,"master_deck":["Strike_R","Strike_R","Strike_R","Defend_R","Defend_R","Defend_R","Defend_R","Bash","Blind+1","Searing Blow","Perfected Strike+1","Metallicize+1","Armaments+1","Armaments","Reaper","Shrug It Off","Finesse","Headbutt+1","Feed+1","Anger","Infernal Blade+1","Barricade","Dual Wield","Flex"],"relics":["Burning Blood","Pear","Dream Catcher","Juzu Bracelet","Kunai","Runic Pyramid","Blood Vial","Matryoshka","Red Mask"],"potions_floor_usage":[16,16,22,25,25,31],"damage_taken":[{"damage":2,"enemies":"2 Louse","floor":1,"turns":3},{"damage":35,"enemies":"3 Sentries","floor":6,"turns":8},{"damage":18,"enemies":"Gremlin Nob","floor":12,"turns":5},{"damage":0,"enemies":"Small Slimes","floor":14,"turns":4},{"damage":45,"enemies":"Slime Boss","floor":16,"turns":17},{"damage":6,"enemies":"Chosen","floor":18,"turns":7},{"damage":36,"enemies":"3 Byrds","floor":20,"turns":10},{"damage":35,"enemies":"Shelled Parasite and Fungi","floor":22,"turns":11},{"damage":43,"enemies":"Gremlin Leader","floor":25,"turns":16},{"damage":54,"enemies":"Masked Bandits","floor":28,"turns":8},{"damage":6,"enemies":"Chosen and Byrds","floor":30,"turns":12},{"damage":38,"enemies":"Slavers","floor":31,"turns":4}],"seed_played":"-8266935181807506453","potions_obtained":[{"floor":1,"key":"BloodPotion"},{"floor":6,"key":"SkillPotion"},{"floor":14,"key":"SpeedPotion"},{"floor":16,"key":"Regen Potion"},{"floor":18,"key":"GamblersBrew"},{"floor":22,"key":"SteroidPotion"}],"is_trial":false,"path_per_floor":["M","?","?","T","$","E","R","$","T","?","?","E","R","M","R","B",null,"M","$","M","$","M","R","?","E","T","R","?","?","M","E"],"character_chosen":"IRONCLAD","items_purchased":["Metallicize","Finesse","Feed"],"campfire_rested":0,"item_purchase_floors":[5,19,21],"current_hp_per_floor":[80,80,80,90,90,61,61,61,61,61,61,49,49,55,55,38,90,90,90,66,66,55,55,55,42,42,42,14,14,23,0],"gold":172,"neow_bonus":"RANDOM_COLORLESS","is_prod":false,"is_daily":false,"chose_seed":false,"campfire_upgraded":5,"win_rate":0.0,"timestamp":1562479373,"path_taken":["M","?","?","?","?","E","R","$","T","?","?","E","R","M","R","BOSS","M","?","M","$","M","R","?","E","T","R","?","?","M","E"],"build_version":"2019-07-05","purchased_purges":1,"victory":false,"max_hp_per_floor":[80,80,80,90,90,90,90,90,90,90,90,90,90,90,90,90,90,90,90,90,90,94,94,94,98,98,98,102,102,106,106],"card_choices":[{"not_picked":["Clash","Rupture"],"picked":"Searing Blow","floor":1},{"not_picked":["Clothesline","Disarm"],"picked":"Armaments","floor":6},{"not_picked":["Thunderclap","Sword Boomerang"],"picked":"Armaments","floor":12},{"not_picked":["Second Wind","Pummel","Warcry"],"picked":"SKIP","floor":14},{"not_picked":["Double Tap","Berserk"],"picked":"Reaper","floor":16},{"not_picked":["Flex","Thunderclap+1"],"picked":"Shrug It Off","floor":18},{"not_picked":["Flex","Shockwave"],"picked":"Headbutt+1","floor":20},{"not_picked":["Seeing Red","Clash"],"picked":"Anger","floor":22},{"not_picked":["Double Tap","Cleave"],"picked":"Infernal Blade","floor":25},{"not_picked":["Armaments","Reckless Charge"],"picked":"Flex","floor":30}],"player_experience":18652,"relics_obtained":[{"floor":4,"key":"Pear"},{"floor":6,"key":"Dream Catcher"},{"floor":9,"key":"Juzu Bracelet"},{"floor":12,"key":"Kunai"},{"floor":25,"key":"Blood Vial"},{"floor":26,"key":"Matryoshka"},{"floor":28,"key":"Red Mask"}],"event_choices":[{"damage_healed":0,"gold_gain":0,"cards_transformed":["Strike_R"],"player_choice":"Change","damage_taken":0,"max_hp_gain":0,"max_hp_loss":0,"event_name":"Living Wall","floor":2,"gold_loss":0,"cards_obtained":["Perfected Strike"]},{"damage_healed":0,"gold_gain":0,"player_choice":"Leave","damage_taken":0,"max_hp_gain":0,"max_hp_loss":0,"event_name":"The Cleric","floor":3,"gold_loss":0},{"damage_healed":0,"gold_gain":0,"player_choice":"Cursed","damage_taken":0,"max_hp_gain":0,"max_hp_loss":0,"event_name":"Wheel of Change","floor":10,"gold_loss":0,"cards_obtained":["Decay"]},{"damage_healed":0,"gold_gain":0,"player_choice":"Upgraded","damage_taken":0,"max_hp_gain":0,"max_hp_loss":0,"event_name":"Upgrade Shrine","floor":11,"gold_loss":0,"cards_upgraded":["Armaments"]},{"cards_removed":["Strike_R"],"damage_healed":0,"gold_gain":0,"player_choice":"Purged","damage_taken":0,"max_hp_gain":0,"max_hp_loss":0,"event_name":"Purifier","floor":24,"gold_loss":0},{"damage_healed":0,"gold_gain":0,"player_choice":"Fought Bandits","damage_taken":0,"max_hp_gain":0,"max_hp_loss":0,"event_name":"Masked Bandits","floor":28,"gold_loss":0},{"damage_healed":0,"gold_gain":0,"player_choice":"2 cards matched","damage_taken":0,"max_hp_gain":0,"max_hp_loss":0,"event_name":"Match and Keep!","floor":29,"gold_loss":0,"cards_obtained":["Barricade","Dual Wield"]},{"damage_healed":0,"gold_gain":0,"player_choice":"2 cards matched","damage_taken":0,"max_hp_gain":0,"max_hp_loss":0,"event_name":"Match and Keep!","floor":29,"gold_loss":0,"cards_obtained":["Barricade","Dual Wield"]}],"is_beta":false,"boss_relics":[{"not_picked":["Cursed Key","Empty Cage"],"picked":"Runic Pyramid"}],"items_purged_floors":[19],"is_endless":false,"potions_floor_spawned":[1,6,14,16,18,22],"killed_by":"Slavers","ascension_level":0}