{"gold_per_floor":[368,379,654,273,283,283,84,156,156,156,183,195,241,270,282,372,384,408,420,432,369,398,435,461,473,566,578,600,642,654,699,711,800,812,841,899,655,545,560,560,237,237,261,272,272,282,382,394,394,394,394],"floor_reached":52,"playtime":4225,"items_purged":["Regret","Strike_G","Slice"],"score":1832,"play_id":"5dab47d6-4fed-4fec-8515-95a7d019f98e","local_time":"20190620224130","is_ascension_mode":true,"campfire_choices":[{"floor":6.0,"key":"REST"},{"data":"Noxious Fumes","floor":10.0,"key":"SMITH"},{"data":"Footwork","floor":15.0,"key":"SMITH"},{"floor":25.0,"key":"REST"},{"floor":27.0,"key":"REST"},{"floor":30.0,"key":"REST"},{"floor":32.0,"key":"REST"},{"floor":40.0,"key":"REST"},{"floor":42.0,"key":"REST"},{"floor":45.0,"key":"REST"},{"data":"Footwork","floor":49,"key":"SMITH"}],"neow_cost":"CURSE","seed_source_timestamp":0,"circlet_count":0,"master_deck":["AscendersBane","Defend_G","Defend_G","Defend_G","Strike_G+1","Survivor","Neutralize","Writhe","Poisoned Stab","Dash+1","Caltrops","Noxious Fumes+1","Flying Knee+1","Footwork+1","Doppelganger","Adrenaline+1","PiercingWail+1","Corpse Explosion+1","Deflect+1","Bouncing Flask+1","Footwork+1","Leg Sweep+1","Dagger Spray","Corpse Explosion+1","Cloak And Dagger+1","Burst+1","Sucker Punch","Dash","Deflect+1","Cloak And Dagger+1","Crippling Poison+1","Parasite","Deflect+1","Terror+1","Leg Sweep+1"],"special_seed":0,"relics":["Ring of the Snake","Membership Card","Lantern","Pear","Dodecahedron","Torii","MawBank","Toxic Egg 2","Sozu","Du-Vu Doll","Paper Crane","Whetstone","Pantograph","Empty Cage","Dead Branch","Matryoshka","Blood Vial","Ornamental Fan","Smiling Mask","PreservedInsect","FossilizedHelix"],"potions_floor_usage":[],"damage_taken":[{"damage":17.0,"enemies":"Jaw Worm","floor":1.0,"turns":6.0},{"damage":7.0,"enemies":"Cultist","floor":2.0,"turns":4.0},{"damage":6.0,"enemies":"Small Slimes","floor":5.0,"turns":3.0},{"damage":25.0,"enemies":"Lagavulin","floor":11.0,"turns":8.0},{"damage":4.0,"enemies":"3 Sentries","floor":13.0,"turns":8.0},{"damage":1.0,"enemies":"Blue Slaver","floor":14.0,"turns":3.0},{"damage":12.0,"enemies":"Hexaghost","floor":16.0,"turns":9.0},{"damage":6.0,"enemies":"2 Thieves","floor":18.0,"turns":3.0},{"damage":2.0,"enemies":"Shell Parasite","floor":22.0,"turns":5.0},{"damage":2.0,"enemies":"Book of Stabbing","floor":23.0,"turns":5.0},{"damage":44.0,"enemies":"Sentry and Sphere","floor":24.0,"turns":5.0},{"damage":3.0,"enemies":"Cultist and Chosen","floor":28.0,"turns":6.0},{"damage":15.0,"enemies":"Slavers","floor":29.0,"turns":3.0},{"damage":40.0,"enemies":"Gremlin Leader","floor":31.0,"turns":6.0},{"damage":27.0,"enemies":"Collector","floor":33.0,"turns":7.0},{"damage":0.0,"enemies":"3 Shapes","floor":35.0,"turns":2.0},{"damage":27.0,"enemies":"2 Orb Walkers","floor":36.0,"turns":4.0},{"damage":32.0,"enemies":"3 Darklings","floor":39.0,"turns":4.0},{"damage":12.0,"enemies":"Spire Growth","floor":44.0,"turns":6.0},{"damage":1.0,"enemies":"Writhing Mass","floor":46.0,"turns":7.0},{"damage":0.0,"enemies":"Mind Bloom Boss Battle","floor":47.0,"turns":6.0},{"damage":0,"enemies":"Jaw Worm Horde","floor":48,"turns":2},{"damage":59,"enemies":"Awakened One","floor":50,"turns":15},{"damage":9,"enemies":"Donu and Deca","floor":51,"turns":11}],"seed_played":"-4584242838082349026","potions_obtained":[{"floor":2.0,"key":"GamblersBrew"},{"floor":11.0,"key":"LiquidBronze"},{"floor":14.0,"key":"Swift Potion"}],"is_trial":false,"path_per_floor":["M","M","?","$","M","R","$","T","T","R","E","?","E","M","R","B",null,"M","$","?","?","M","E","M","R","T","R","M","E","R","E","R","B",null,"M","?","$","?","M","R","$","R","T","M","R","M","?","M","R","B","B",null],"character_chosen":"THE_SILENT","items_purchased":["Membership Card","Lantern","Caltrops","Noxious Fumes","Pear","Flying Knee","Dash","Matryoshka","Deflect+1","Blood Vial","Ornamental Fan","Crippling Poison+1"],"campfire_rested":8,"item_purchase_floors":[4,4,4,7,7,7,37,37,37,41,41,41],"current_hp_per_floor":[42,35,35,35,29,48,58,58,58,58,33,33,29,28,28,16,61,55,55,55,55,53,51,7,29,29,51,48,33,55,15,37,35,66,66,39,39,39,7,29,29,51,51,41,63,64,76,76,76,17,35],"gold":394,"neow_bonus":"TWO_FIFTY_GOLD","is_prod":false,"is_daily":false,"chose_seed":false,"campfire_upgraded":3,"win_rate":0,"timestamp":1561095690,"path_taken":["M","M","?","$","M","R","?","?","T","R","E","?","E","M","R","BOSS","M","$","?","?","M","E","M","R","T","R","M","E","R","E","R","BOSS","M","?","$","?","M","R","$","R","T","?","R","M","?","M","R","BOSS","BOSS"],"build_version":"2019-01-23","purchased_purges":3,"victory":true,"max_hp_per_floor":[66,66,66,66,66,66,76,76,76,76,76,76,76,76,76,76,76,76,76,76,76,76,76,76,76,76,76,76,76,76,76,76,76,76,76,76,76,76,76,76,76,76,76,76,76,76,76,76,76,76,76],"card_choices":[{"not_picked":["Crippling Poison","Riddle With Holes"],"picked":"Poisoned Stab","floor":1.0},{"not_picked":["Acrobatics","Cloak And Dagger"],"picked":"Dash","floor":2.0},{"not_picked":["Prepared","Eviscerate"],"picked":"Slice","floor":5.0},{"not_picked":["Slice","Choke"],"picked":"Footwork","floor":11.0},{"not_picked":["Deadly Poison","Acrobatics"],"picked":"Adrenaline","floor":13.0},{"not_picked":["Concentrate+1","Quick Slash"],"picked":"PiercingWail+1","floor":14.0},{"not_picked":["Bullet Time+1","A Thousand Cuts"],"picked":"Corpse Explosion+1","floor":16.0},{"not_picked":["Dagger Spray","Acrobatics+1"],"picked":"Deflect+1","floor":18.0},{"not_picked":["Flying Knee","Outmaneuver+1"],"picked":"Bouncing Flask+1","floor":22.0},{"not_picked":["Poisoned Stab","Heel Hook"],"picked":"Footwork","floor":23.0},{"not_picked":["Calculated Gamble+1","Heel Hook"],"picked":"Leg Sweep+1","floor":24.0},{"not_picked":["Endless Agony","Dagger Throw"],"picked":"Dagger Spray","floor":28.0},{"not_picked":["Backstab","Outmaneuver+1"],"picked":"Corpse Explosion+1","floor":29.0},{"not_picked":["Venomology+1","Bouncing Flask+1"],"picked":"Cloak And Dagger+1","floor":31.0},{"not_picked":["Unload","Night Terror+1"],"picked":"Burst+1","floor":33.0},{"not_picked":["Dagger Throw","Concentrate+1","Flying Knee"],"picked":"SKIP","floor":35.0},{"not_picked":["Deadly Poison+1","Bane"],"picked":"Sucker Punch","floor":36.0},{"not_picked":["Tactician+1","Eviscerate"],"picked":"Cloak And Dagger+1","floor":39.0},{"not_picked":["Prepared+1","Blade Dance+1","Backstab"],"picked":"SKIP","floor":44.0},{"not_picked":["Dagger Spray","Infinite Blades"],"picked":"Deflect+1","floor":46.0},{"not_picked":["Setup+1","PiercingWail+1"],"picked":"Terror+1","floor":47.0},{"not_picked":["Venomology+1","Quick Slash"],"picked":"Leg Sweep+1","floor":48}],"player_experience":844035,"relics_obtained":[{"floor":8.0,"key":"Dodecahedron"},{"floor":9.0,"key":"Torii"},{"floor":11.0,"key":"MawBank"},{"floor":13.0,"key":"Toxic Egg 2"},{"floor":23.0,"key":"Du-Vu Doll"},{"floor":26.0,"key":"Paper Crane"},{"floor":29.0,"key":"Whetstone"},{"floor":31.0,"key":"Pantograph"},{"floor":36.0,"key":"Dead Branch"},{"floor":43.0,"key":"Smiling Mask"},{"floor":43.0,"key":"PreservedInsect"},{"floor":47.0,"key":"FossilizedHelix"}],"event_choices":[{"damage_healed":0.0,"max_hp_gain":0.0,"max_hp_loss":0.0,"gold_gain":275.0,"event_name":"Golden Shrine","player_choice":"Desecrate","floor":3.0,"gold_loss":0.0,"damage_taken":0.0,"cards_obtained":["Regret"]},{"damage_healed":0.0,"max_hp_gain":0.0,"max_hp_loss":0.0,"gold_gain":0.0,"cards_transformed":["Strike_G"],"event_name":"Living Wall","player_choice":"Change","floor":12.0,"gold_loss":0.0,"damage_taken":0.0,"cards_obtained":["Doppelganger"]},{"damage_healed":0.0,"max_hp_gain":0.0,"max_hp_loss":0.0,"gold_gain":0.0,"event_name":"Vampires","player_choice":"Ignored","floor":20.0,"gold_loss":0.0,"damage_taken":0.0},{"cards_removed":["Strike_G"],"damage_healed":0.0,"max_hp_gain":0.0,"max_hp_loss":0.0,"gold_gain":0.0,"event_name":"Beggar","player_choice":"Gave Gold","floor":21.0,"gold_loss":75.0,"damage_taken":0.0},{"damage_healed":0.0,"max_hp_gain":0.0,"max_hp_loss":0.0,"gold_gain":0.0,"event_name":"Mysterious Sphere","player_choice":"Fight","floor":36.0,"gold_loss":0.0,"damage_taken":0.0},{"cards_removed":["Defend_G"],"damage_healed":0.0,"max_hp_gain":0.0,"max_hp_loss":0.0,"gold_gain":0.0,"event_name":"Designer","player_choice":"Upgrade and Remove","floor":38.0,"gold_loss":110.0,"damage_taken":0.0,"cards_upgraded":["Dash"]},{"damage_healed":0.0,"max_hp_gain":0.0,"max_hp_loss":0.0,"gold_gain":0.0,"event_name":"MindBloom","player_choice":"Fight","floor":47.0,"gold_loss":0.0,"damage_taken":0.0}],"is_beta":false,"boss_relics":[{"not_picked":["Philosopher\u0027s Stone","Ring of the Serpent"],"picked":"Sozu"},{"not_picked":["Black Star","Coffee Dripper"],"picked":"Empty Cage"}],"items_purged_floors":[4,37,41],"is_endless":false,"potions_floor_spawned":[2,11,14,22,24,29,31,35,44,46,47],"ascension_level":20}