{"gold_per_floor":[114,18,18,33,48,48,63,63,113,128,143,158,42,57,57,157,157,172,172,172,187,187,187],"floor_reached":23,"playtime":2155,"items_purged":[],"score":185,"play_id":"4a67a69a-46b1-40f0-a78d-c9476ea0f816","local_time":"20190114143444","daily_mods":["Heirloom","Diverse","Night Terrors"],"is_ascension_mode":false,"campfire_choices":[{"data":"Zap","floor":6,"key":"SMITH"},{"floor":15,"key":"REST"}],"neow_cost":"","seed_source_timestamp":0,"circlet_count":0,"master_deck":["Strike_B","Strike_B","Strike_B","Strike_B","Defend_B","Defend_B","Defend_B","Defend_B","Zap+1","Dualcast","Gash","Discovery","Conserve Battery","Headbutt","Ball Lightning","Clumsy","Caltrops","Finisher","Flex","Feel No Pain","White Noise","Go for the Eyes","Tools of the Trade","Poisoned Stab","Bludgeon","Zap","Footwork","Backflip+1"],"special_seed":17910,"relics":["Cracked Core","Dead Branch","WarpedTongs","Smiling Mask","Runic Pyramid","Emotion Chip"],"potions_floor_usage":[12,16,16,19],"damage_taken":[{"damage":1,"enemies":"Cultist","floor":1,"turns":3},{"damage":6,"enemies":"Jaw Worm","floor":4,"turns":3},{"damage":4,"enemies":"2 Louse","floor":5,"turns":3},{"damage":12,"enemies":"Red Slaver","floor":7,"turns":3},{"damage":0,"enemies":"3 Louse","floor":10,"turns":3},{"damage":7,"enemies":"Blue Slaver","floor":11,"turns":3},{"damage":26,"enemies":"Gremlin Gang","floor":12,"turns":4},{"damage":3,"enemies":"Exordium Wildlife","floor":14,"turns":4},{"damage":25,"enemies":"Hexaghost","floor":16,"turns":6},{"damage":30,"enemies":"3 Byrds","floor":18,"turns":5},{"damage":29,"enemies":"Colosseum Slavers","floor":19,"turns":4},{"damage":4,"enemies":"Shell Parasite","floor":21,"turns":4},{"damage":9,"enemies":"Gremlin Leader","floor":23,"turns":2}],"seed_played":"-1411169466540276601","potions_obtained":[{"floor":5,"key":"Poison Potion"},{"floor":7,"key":"Block Potion"},{"floor":11,"key":"GamblersBrew"},{"floor":14,"key":"Fire Potion"},{"floor":18,"key":"EssenceOfSteel"}],"is_trial":false,"path_per_floor":["M","$","?","M","M","R","M","?","T","M","M","M","$","M","R","B",null,"M","?","?","M","?","E"],"character_chosen":"DEFECT","items_purchased":["Discovery","Feel No Pain","White Noise"],"campfire_rested":1,"item_purchase_floors":[2,13,13],"current_hp_per_floor":[74,74,74,68,64,64,52,52,52,52,45,19,19,16,70,45,70,40,11,11,7,7,0],"gold":187,"neow_bonus":"","is_prod":false,"is_daily":true,"chose_seed":false,"campfire_upgraded":1,"win_rate":0,"timestamp":1547494484,"path_taken":["M","?","?","M","?","R","M","?","T","M","M","?","$","M","R","BOSS","M","?","?","?","?","E"],"build_version":"2019-01-10","purchased_purges":0,"victory":false,"max_hp_per_floor":[75,75,75,75,75,75,75,75,75,75,75,75,75,75,70,70,70,70,70,70,70,70,70],"card_choices":[{"not_picked":["Hologram","Ball Lightning"],"picked":"Gash","floor":1},{"not_picked":["Coolheaded","Redo"],"picked":"Conserve Battery","floor":4},{"not_picked":["Redo","Armaments"],"picked":"Headbutt","floor":5},{"not_picked":["Heavy Blade","Undo"],"picked":"Ball Lightning","floor":7},{"not_picked":["Rage","Evolve"],"picked":"Caltrops","floor":10},{"not_picked":["Flying Knee","Storm of Steel"],"picked":"Finisher","floor":11},{"not_picked":["Skewer","Compile Driver"],"picked":"Flex","floor":12},{"not_picked":["Rampage","Leap"],"picked":"Go for the Eyes","floor":14},{"not_picked":["Limit Break","Fission"],"picked":"Tools of the Trade","floor":16},{"not_picked":["Ball Lightning","Dodge and Roll"],"picked":"Poisoned Stab","floor":18},{"not_picked":["Quick Slash+1","Berserk"],"picked":"Backflip+1","floor":21}],"player_experience":527464,"relics_obtained":[{"floor":9,"key":"Smiling Mask"},{"floor":22,"key":"Emotion Chip"}],"event_choices":[{"damage_healed":0,"gold_gain":0,"player_choice":"Rummage","damage_taken":0,"relics_obtained":["WarpedTongs"],"max_hp_gain":0,"max_hp_loss":0,"event_name":"Accursed Blacksmith","floor":3,"gold_loss":0,"cards_obtained":["Pain"]},{"damage_healed":0,"gold_gain":0,"cards_transformed":["Pain"],"player_choice":"Transformed","damage_taken":0,"max_hp_gain":0,"max_hp_loss":0,"event_name":"Transmorgrifier","floor":8,"gold_loss":0,"cards_obtained":["Clumsy"]},{"damage_healed":0,"gold_gain":0,"player_choice":"Fight","damage_taken":0,"max_hp_gain":0,"max_hp_loss":0,"event_name":"Colosseum","floor":19,"gold_loss":0},{"damage_healed":0,"gold_gain":0,"player_choice":"Fled From Nobs","damage_taken":0,"max_hp_gain":0,"max_hp_loss":0,"event_name":"Colosseum","floor":19,"gold_loss":0},{"damage_healed":0,"gold_gain":0,"player_choice":"3 cards matched","damage_taken":0,"max_hp_gain":0,"max_hp_loss":0,"event_name":"Match and Keep!","floor":20,"gold_loss":0,"cards_obtained":["Bludgeon","Zap","Footwork"]},{"damage_healed":0,"gold_gain":0,"player_choice":"Relic","damage_taken":0,"max_hp_gain":0,"max_hp_loss":0,"event_name":"Wheel of Change","floor":22,"gold_loss":0}],"is_beta":false,"boss_relics":[{"not_picked":["Fusion Hammer","Snecko Eye"],"picked":"Runic Pyramid"}],"items_purged_floors":[],"is_endless":false,"potions_floor_spawned":[5,7,11,14,18],"killed_by":"Gremlin Leader","ascension_level":0}