{"gold_per_floor":[112,132,33,49,49,84,98,98,152,167,179,209,209,226,226,329,329,346,346,363,30,40,69,69,94,120,23,33,45,145,163,163,267,267,283,283,299,299,15,15,15,15],"floor_reached":42,"playtime":4873,"items_purged":[],"score":487,"play_id":"ef0fb7cb-17bc-478e-a995-19a33fc6663c","local_time":"20181115235025","is_ascension_mode":true,"campfire_choices":[{"floor":8,"key":"REST"},{"floor":15,"key":"REST"},{"floor":24,"key":"REST"},{"floor":32,"key":"REST"},{"data":"Zap","floor":40,"key":"SMITH"}],"neow_cost":"NONE","seed_source_timestamp":131547017788728,"circlet_count":0,"master_deck":["Strike_B","Strike_B","Strike_B","Strike_B","Defend_B","Defend_B","Defend_B","Defend_B","Zap+1","Dualcast","Turbo","Gash","Static Discharge","Sweeping Beam","Stack","White Noise","Cold Snap","Self Repair","Beam Cell","Rainbow","Aggregate","Madness","Conserve Battery","Self Repair","Go for the Eyes","Turbo","Streamline","Flash of Steel","FTL+1","Redo+1","Gash","Meteor Strike","Go for the Eyes","Enlightenment","Sadistic Nature","The Bomb","Ball Lightning+1","Chrysalis","Bandage Up"],"relics":["FrozenCore","Ornamental Fan","PreservedInsect","Anchor","Dodecahedron","Torii","Nuclear Battery","Dead Branch","Pen Nib","DataDisk","Boot","Shuriken"],"potions_floor_usage":[16,22,25,28,33],"damage_taken":[{"damage":7,"enemies":"Cultist","floor":1,"turns":5},{"damage":8,"enemies":"Small Slimes","floor":2,"turns":4},{"damage":0,"enemies":"2 Louse","floor":4,"turns":2},{"damage":21,"enemies":"3 Sentries","floor":6,"turns":5},{"damage":14,"enemies":"Blue Slaver","floor":7,"turns":4},{"damage":10,"enemies":"Large Slime","floor":10,"turns":5},{"damage":13,"enemies":"Gremlin Gang","floor":11,"turns":4},{"damage":0,"enemies":"2 Fungi Beasts","floor":14,"turns":3},{"damage":24,"enemies":"The Guardian","floor":16,"turns":10},{"damage":2,"enemies":"Spheric Guardian","floor":18,"turns":4},{"damage":23,"enemies":"Shell Parasite","floor":20,"turns":6},{"damage":11,"enemies":"Shelled Parasite and Fungi","floor":22,"turns":6},{"damage":55,"enemies":"Gremlin Leader","floor":23,"turns":10},{"damage":36,"enemies":"Book of Stabbing","floor":25,"turns":5},{"damage":3,"enemies":"Centurion and Healer","floor":28,"turns":8},{"damage":29,"enemies":"3 Cultists","floor":29,"turns":6},{"damage":17,"enemies":"Shelled Parasite and Fungi","floor":31,"turns":5},{"damage":31,"enemies":"Champ","floor":33,"turns":13},{"damage":23,"enemies":"Orb Walker","floor":35,"turns":4},{"damage":19,"enemies":"3 Darklings","floor":37,"turns":6},{"damage":61,"enemies":"Spire Growth","floor":42,"turns":5}],"seed_played":"7687670389777456633","potions_obtained":[{"floor":2,"key":"SteroidPotion"},{"floor":10,"key":"Fire Potion"},{"floor":16,"key":"PowerPotion"},{"floor":18,"key":"Poison Potion"},{"floor":25,"key":"LiquidBronze"},{"floor":28,"key":"FearPotion"},{"floor":35,"key":"PowerPotion"}],"is_trial":false,"path_per_floor":["M","M","$","M","?","E","M","R","T","M","M","?","T","M","R","B",null,"M","?","M","$","M","E","R","E","T","$","M","M","?","M","R","B",null,"M","?","M","?","$","R","T","M"],"character_chosen":"DEFECT","items_purchased":["Static Discharge","Sweeping Beam","Dead Branch","Self Repair","Flash of Steel","Chrysalis","Bandage Up"],"campfire_rested":4,"item_purchase_floors":[3,3,21,21,27,39,39],"current_hp_per_floor":[68,60,60,60,60,39,25,47,47,37,31,31,31,38,60,43,75,75,75,59,59,62,21,43,21,21,21,32,24,24,21,43,26,75,66,56,51,51,51,51,51,0],"gold":15,"neow_bonus":"RANDOM_COLORLESS","is_prod":false,"is_daily":false,"chose_seed":false,"campfire_upgraded":1,"win_rate":0,"timestamp":1542343825,"path_taken":["M","M","$","?","?","E","M","R","T","?","M","?","?","M","R","BOSS","M","?","M","$","M","E","R","E","T","$","?","M","?","M","R","BOSS","M","?","M","?","$","R","?","M"],"build_version":"2018-11-15","purchased_purges":0,"victory":false,"max_hp_per_floor":[75,75,75,75,75,75,75,75,75,75,75,75,75,75,75,75,75,75,75,75,75,75,75,75,75,75,75,75,75,75,75,75,75,75,75,75,75,75,75,75,75,75],"card_choices":[{"not_picked":["Barrage","Compile Driver"],"picked":"Turbo","floor":1},{"not_picked":["Go for the Eyes","Glacier"],"picked":"Gash","floor":2},{"not_picked":["Barrage","Sweeping Beam"],"picked":"Stack","floor":4},{"not_picked":["Reboot","Reinforced Body"],"picked":"White Noise","floor":6},{"not_picked":["Compile Driver","Heatsinks"],"picked":"Cold Snap","floor":7},{"not_picked":["Consume","Coolheaded"],"picked":"Self Repair","floor":10},{"not_picked":["Cold Snap","Rebound"],"picked":"Beam Cell","floor":11},{"not_picked":["Rebound","Redo"],"picked":"Coolheaded","floor":14},{"not_picked":["All For One","Seek"],"picked":"Rainbow","floor":16},{"not_picked":["Stack","Capacitor+1"],"picked":"Aggregate","floor":18},{"not_picked":["Redo","Ball Lightning"],"picked":"Conserve Battery","floor":20},{"not_picked":["Redo","Double Energy"],"picked":"Go for the Eyes","floor":22},{"not_picked":["Lockon","White Noise"],"picked":"Turbo","floor":23},{"not_picked":["Leap","Compile Driver"],"picked":"Streamline","floor":25},{"not_picked":["Rebound","Recycle"],"picked":"FTL+1","floor":28},{"not_picked":["Conserve Battery","Genetic Algorithm"],"picked":"Redo+1","floor":29},{"not_picked":["FTL+1","Reinforced Body"],"picked":"Gash","floor":31},{"not_picked":["Reboot","Rainbow"],"picked":"Meteor Strike","floor":33},{"not_picked":["Self Repair+1","Sweeping Beam+1"],"picked":"Go for the Eyes","floor":35},{"not_picked":["Trip","Impatience"],"picked":"Enlightenment","floor":36},{"not_picked":["Deep Breath","Violence"],"picked":"Sadistic Nature","floor":36},{"not_picked":["Discovery","Swift Strike"],"picked":"The Bomb","floor":36},{"not_picked":["Coolheaded","Gash"],"picked":"Ball Lightning+1","floor":37}],"player_experience":492111,"relics_obtained":[{"floor":6,"key":"PreservedInsect"},{"floor":9,"key":"Anchor"},{"floor":13,"key":"Torii"},{"floor":23,"key":"Pen Nib"},{"floor":25,"key":"DataDisk"},{"floor":26,"key":"Boot"},{"floor":41,"key":"Shuriken"}],"event_choices":[{"damage_healed":0,"gold_gain":0,"player_choice":"Gave Potion","damage_taken":0,"relics_obtained":["Ornamental Fan"],"max_hp_gain":0,"max_hp_loss":0,"event_name":"WeMeetAgain","floor":5,"gold_loss":0},{"damage_healed":0,"gold_gain":30,"player_choice":"Searched \u00272\u0027 times","damage_taken":0,"relics_obtained":["Dodecahedron"],"max_hp_gain":0,"max_hp_loss":0,"event_name":"Dead Adventurer","floor":12,"gold_loss":0},{"damage_healed":0,"gold_gain":0,"cards_transformed":["Forethought"],"player_choice":"Transformed","damage_taken":0,"max_hp_gain":0,"max_hp_loss":0,"event_name":"Transmorgrifier","floor":19,"gold_loss":0,"cards_obtained":["Madness"]},{"damage_healed":0,"gold_gain":100,"player_choice":"Pray","damage_taken":0,"max_hp_gain":0,"max_hp_loss":0,"event_name":"Golden Shrine","floor":30,"gold_loss":0},{"damage_healed":0,"gold_gain":0,"player_choice":"Memory 3","damage_taken":10,"max_hp_gain":0,"max_hp_loss":0,"event_name":"SensoryStone","floor":36,"gold_loss":0},{"cards_removed":["Coolheaded"],"damage_healed":0,"gold_gain":0,"player_choice":"Removed Skill","damage_taken":0,"max_hp_gain":0,"max_hp_loss":0,"event_name":"Falling","floor":38,"gold_loss":0}],"is_beta":false,"boss_relics":[{"not_picked":["White Beast Statue","Cursed Key"],"picked":"Nuclear Battery"},{"not_picked":["Runic Pyramid","Orrery"],"picked":"FrozenCore"}],"items_purged_floors":[],"is_endless":false,"potions_floor_spawned":[1,2,10,16,18,25,28,35],"killed_by":"Spire Growth","ascension_level":1}