{"gold_per_floor":[114,129,129,9,24,54,69,99,99,99,114,114,27,57,57,157,157,142,142,157,172,22,22],"floor_reached":23,"playtime":1564,"items_purged":[],"score":236,"play_id":"9a73bcfe-bea5-4677-8d1f-5507f5ad4da7","local_time":"20180922141451","daily_mods":["Brewmaster","Elite Swarm","Uncertain Future"],"is_ascension_mode":false,"campfire_choices":[{"data":"Dark Embrace","floor":10,"key":"SMITH"},{"data":"Inflame","floor":12,"key":"SMITH"},{"data":"Juggernaut","floor":15,"key":"SMITH"}],"neow_cost":"","seed_source_timestamp":0,"circlet_count":0,"master_deck":["Strike_R","Strike_R","Strike_R+1","Strike_R+1","Strike_R","Defend_R","Defend_R","Defend_R","Defend_R","Bash","Venomology","Venomology","Venomology","Venomology","Venomology","Armaments","Seeing Red","Inflame+1","Shrug It Off","Pummel","Dark Embrace+1","Perfected Strike","Limit Break","Anger","Flame Barrier","Havoc","Juggernaut+1","Feed","Cleave","RitualDagger","Wild Strike","Sword Boomerang+1"],"special_seed":17796,"relics":["Burning Blood","White Beast Statue","Happy Flower","FossilizedHelix","Ginger","Ornamental Fan","Black Star","Anchor"],"potions_floor_usage":[1,1,1,2,2,5,5,5,5,6,6,6,7,7,7,8,8,8,8,11,11,11,11,14,14,14,14,14,14,14,16,16,16,16,18,18,18,20,20,20,21,21,21,21,21,21,21],"damage_taken":[{"damage":0,"enemies":"Small Slimes","floor":1,"turns":4},{"damage":2,"enemies":"2 Louse","floor":2,"turns":2},{"damage":0,"enemies":"Cultist","floor":5,"turns":4},{"damage":51,"enemies":"Gremlin Nob","floor":6,"turns":5},{"damage":11,"enemies":"Red Slaver","floor":7,"turns":4},{"damage":5,"enemies":"3 Sentries","floor":8,"turns":4},{"damage":0,"enemies":"Looter","floor":11,"turns":2},{"damage":8,"enemies":"Lagavulin","floor":14,"turns":6},{"damage":8,"enemies":"The Guardian","floor":16,"turns":10},{"damage":11,"enemies":"2 Thieves","floor":18,"turns":4},{"damage":38,"enemies":"Spheric Guardian","floor":20,"turns":7},{"damage":18,"enemies":"3 Cultists","floor":21,"turns":5},{"damage":45,"enemies":"Gremlin Leader","floor":23,"turns":4}],"seed_played":"3287130768063123955","potions_obtained":[{"floor":1,"key":"AttackPotion"},{"floor":2,"key":"Fire Potion"},{"floor":5,"key":"Explosive Potion"},{"floor":6,"key":"GamblersBrew"},{"floor":7,"key":"Explosive Potion"},{"floor":8,"key":"Energy Potion"},{"floor":11,"key":"SkillPotion"},{"floor":14,"key":"LiquidBronze"},{"floor":16,"key":"Regen Potion"},{"floor":18,"key":"SkillPotion"},{"floor":20,"key":"Energy Potion"},{"floor":21,"key":"SteroidPotion"}],"is_trial":false,"path_per_floor":["M","M","?","$","M","E","M","E","T","R","M","R","$","E","R","B",null,"M","?","M","M","$"],"character_chosen":"IRONCLAD","items_purchased":["Inflame","Shrug It Off","Flame Barrier","Havoc","Anchor"],"campfire_rested":0,"item_purchase_floors":[4,4,13,13,22],"current_hp_per_floor":[80,80,64,64,70,25,28,34,34,34,40,40,40,38,38,44,80,80,74,54,45,45,0],"gold":22,"neow_bonus":"","is_prod":false,"is_daily":true,"chose_seed":false,"campfire_upgraded":3,"win_rate":0,"timestamp":1537640091,"path_taken":["M","M","?","$","M","E","?","E","T","R","M","R","?","E","R","BOSS","M","?","M","M","?","E"],"build_version":"2018-09-20","purchased_purges":0,"victory":false,"max_hp_per_floor":[80,80,80,80,80,80,80,80,80,80,80,80,80,80,80,80,80,80,80,80,83,83,83],"card_choices":[{"not_picked":["Heavy Blade","Carnage"],"picked":"Armaments","floor":1},{"not_picked":["Blood for Blood","Dropkick"],"picked":"Seeing Red","floor":2},{"not_picked":["Hemokinesis","Clash"],"picked":"Pummel","floor":5},{"not_picked":["Reaper","Double Tap"],"picked":"Dark Embrace","floor":6},{"not_picked":["Battle Trance","Dual Wield"],"picked":"Perfected Strike","floor":7},{"not_picked":["Dark Embrace","Bludgeon"],"picked":"Limit Break","floor":8},{"not_picked":["Body Slam","Pommel Strike"],"picked":"Anger","floor":11},{"not_picked":["Bludgeon","Immolate"],"picked":"Juggernaut","floor":14},{"not_picked":["Bludgeon","Juggernaut"],"picked":"Feed","floor":16},{"not_picked":["Whirlwind","Anger"],"picked":"Cleave","floor":18},{"not_picked":["Heavy Blade","True Grit+1"],"picked":"Wild Strike","floor":20},{"not_picked":["Power Through","Armaments"],"picked":"Sword Boomerang+1","floor":21}],"player_experience":387128,"relics_obtained":[{"floor":6,"key":"Happy Flower"},{"floor":8,"key":"FossilizedHelix"},{"floor":9,"key":"Ginger"},{"floor":14,"key":"Ornamental Fan"}],"event_choices":[{"event_name":"Shining Light","player_choice":"Entered Light","floor":3,"damage_taken":0},{"event_name":"Nest","player_choice":"Joined the Cult","floor":19,"damage_taken":0}],"is_beta":false,"boss_relics":[{"not_picked":["Runic Dome","Eternal Feather"],"picked":"Black Star"}],"items_purged_floors":[],"is_endless":false,"potions_floor_spawned":[1,2,5,6,7,8,11,14,16,18,20,21],"killed_by":"Gremlin Leader","ascension_level":0}