{"gold_per_floor":[111,121,140,140,140,168,168,187,187,187,197,197,197,160,160,288,288,312,158,183,183,196,196],"floor_reached":23,"playtime":1774,"items_purged":["Predator+1"],"score":210,"play_id":"4941705e-7d6a-40db-a16e-e1820ddb5e3a","local_time":"20190710141518","is_ascension_mode":true,"campfire_choices":[{"data":"Neutralize","floor":7,"key":"SMITH"},{"data":"Footwork","floor":10,"key":"SMITH"},{"data":"A Thousand Cuts","floor":15,"key":"SMITH"}],"neow_cost":"NONE","seed_source_timestamp":27145343643630,"circlet_count":0,"master_deck":["Strike_G","Strike_G","Defend_G","Defend_G","Defend_G","Defend_G","Survivor","Neutralize+1","Footwork+1","Dagger Throw","A Thousand Cuts+1","Cloak And Dagger","Blade Dance+1","Footwork+1","After Image+1","All Out Attack+1","Unload+1","Infinite Blades+1","Flying Knee"],"relics":["Ring of the Snake","Regal Pillow","Frozen Egg 2","Golden Idol","Astrolabe"],"potions_floor_usage":[16,23,23,23],"damage_taken":[{"damage":0,"enemies":"Cultist","floor":1,"turns":3},{"damage":0,"enemies":"2 Louse","floor":2,"turns":3},{"damage":0,"enemies":"Small Slimes","floor":3,"turns":5},{"damage":21,"enemies":"3 Sentries","floor":6,"turns":14},{"damage":1,"enemies":"Blue Slaver","floor":8,"turns":6},{"damage":0,"enemies":"2 Fungi Beasts","floor":11,"turns":5},{"damage":5,"enemies":"The Guardian","floor":16,"turns":13},{"damage":19,"enemies":"Spheric Guardian","floor":18,"turns":6},{"damage":5,"enemies":"3 Byrds","floor":20,"turns":7},{"damage":10,"enemies":"Centurion and Healer","floor":22,"turns":9},{"damage":50,"enemies":"Slavers","floor":23,"turns":4}],"seed_played":"-8383200427056588599","potions_obtained":[{"floor":2,"key":"FearPotion"},{"floor":3,"key":"Dexterity Potion"},{"floor":8,"key":"SneckoOil"},{"floor":11,"key":"Explosive Potion"},{"floor":18,"key":"Explosive Potion"},{"floor":22,"key":"SpeedPotion"}],"is_trial":false,"path_per_floor":["M","M","M","$","?","E","R","M","T","R","M","?","?","$","R","B",null,"M","$","M","?","M","E"],"character_chosen":"THE_SILENT","items_purchased":["Footwork+1","Infinite Blades+1"],"campfire_rested":0,"item_purchase_floors":[14,19],"current_hp_per_floor":[77,77,77,77,70,49,49,48,48,48,48,29,29,29,29,24,77,58,58,53,53,43,0],"gold":196,"neow_bonus":"TEN_PERCENT_HP_BONUS","is_prod":false,"is_daily":false,"chose_seed":false,"campfire_upgraded":3,"win_rate":0,"timestamp":1562804118,"path_taken":["M","?","M","$","?","E","R","M","T","R","M","?","?","?","R","BOSS","M","$","M","?","M","E"],"build_version":"2019-07-05","purchased_purges":1,"victory":false,"max_hp_per_floor":[77,77,77,77,77,77,77,77,77,77,77,77,77,77,77,77,77,77,77,77,77,77,77],"card_choices":[{"not_picked":["Poisoned Stab","Masterful Stab","Bouncing Flask"],"picked":"SKIP","floor":1},{"not_picked":["Expertise","Prepared"],"picked":"Footwork","floor":2},{"not_picked":["Calculated Gamble","Underhanded Strike"],"picked":"Dagger Throw","floor":3},{"not_picked":["Quick Slash","Expertise"],"picked":"A Thousand Cuts","floor":6},{"not_picked":["Outmaneuver","Footwork"],"picked":"Cloak And Dagger","floor":8},{"not_picked":["PiercingWail","Flechettes"],"picked":"Blade Dance","floor":11},{"not_picked":["A Thousand Cuts+1","Burst"],"picked":"After Image+1","floor":16},{"not_picked":["Quick Slash","Bane","Dodge and Roll"],"picked":"SKIP","floor":18},{"not_picked":["Slice+1","PiercingWail"],"picked":"Flying Knee","floor":20},{"not_picked":["Storm of Steel","Poisoned Stab","Deadly Poison"],"picked":"SKIP","floor":22}],"player_experience":82994,"relics_obtained":[{"floor":6,"key":"Regal Pillow"},{"floor":9,"key":"Frozen Egg 2"}],"event_choices":[{"cards_removed":["Strike_G"],"damage_healed":0,"gold_gain":0,"player_choice":"Card Removal","damage_taken":7,"max_hp_gain":0,"max_hp_loss":0,"event_name":"Golden Wing","floor":5,"gold_loss":0},{"damage_healed":0,"gold_gain":0,"player_choice":"Take Damage","damage_taken":19,"relics_obtained":["Golden Idol"],"max_hp_gain":0,"max_hp_loss":0,"event_name":"Golden Idol","floor":12,"gold_loss":0},{"damage_healed":0,"gold_gain":0,"player_choice":"Grow","damage_taken":0,"max_hp_gain":0,"max_hp_loss":0,"event_name":"Living Wall","floor":13,"gold_loss":0,"cards_upgraded":["Blade Dance"]},{"damage_healed":0,"gold_gain":0,"player_choice":"Ignored","damage_taken":0,"max_hp_gain":0,"max_hp_loss":0,"event_name":"Ghosts","floor":21,"gold_loss":0}],"is_beta":false,"boss_relics":[{"not_picked":["Sozu","Ectoplasm"],"picked":"Astrolabe"}],"items_purged_floors":[19],"is_endless":false,"potions_floor_spawned":[2,3,8,11,18,22],"killed_by":"Slavers","ascension_level":2}