{"gold_per_floor":[115,131,15,33,33,33,60,70,94,128,144,144,144,157,157,231,231,202,222,44,44,44,44,76,76,102,118,118,147,147,165,165,236,236,251,201,215,105,123,123,123,156,156,176,176,194,222,222],"floor_reached":48,"playtime":3519,"items_purged":["Strike_G","Strike_G"],"score":1070,"play_id":"1d766026-d196-4b3a-9539-b4cad63bcc41","local_time":"20190706221552","is_ascension_mode":true,"campfire_choices":[{"data":"Neutralize","floor":6.0,"key":"SMITH"},{"data":"Dodge and Roll","floor":12.0,"key":"SMITH"},{"data":"Cloak And Dagger","floor":15.0,"key":"SMITH"},{"data":"Noxious Fumes","floor":23.0,"key":"SMITH"},{"floor":25.0,"key":"REST"},{"floor":28.0,"key":"REST"},{"data":"Backflip","floor":32.0,"key":"SMITH"},{"data":"Corpse Explosion","floor":40.0,"key":"SMITH"},{"floor":45.0,"key":"REST"}],"neow_cost":"PERCENT_DAMAGE","seed_source_timestamp":1252817859098014,"circlet_count":0,"master_deck":["AscendersBane","Strike_G","Defend_G","Defend_G","Defend_G","Defend_G","Defend_G","Survivor","Neutralize+1","Dodge and Roll+1","Predator","Backstab","Dash","Backstab","Noxious Fumes+1","Flying Knee","Backstab+1","Well Laid Plans","Cloak And Dagger+1","Tools of the Trade","Dagger Spray","Adrenaline+1","Flash of Steel","PiercingWail","Cloak And Dagger+1","Backflip+1","Blade Dance+1","Corpse Explosion+1","PiercingWail+1","Crippling Poison","Neutralize","Crippling Poison","Backflip+1","Leg Sweep+1","Deadly Poison","Burst"],"special_seed":0,"relics":["Ring of the Snake","Torii","Dream Catcher","Happy Flower","Art of War","Philosopher\u0027s Stone","Kunai","Smiling Mask","Bag of Preparation","Sozu","PreservedInsect","Letter Opener","Centennial Puzzle"],"potions_floor_usage":[48],"damage_taken":[{"damage":1.0,"enemies":"Cultist","floor":1.0,"turns":4.0},{"damage":1.0,"enemies":"Jaw Worm","floor":2.0,"turns":6.0},{"damage":1.0,"enemies":"Small Slimes","floor":4.0,"turns":3.0},{"damage":3.0,"enemies":"Lagavulin","floor":7.0,"turns":8.0},{"damage":0.0,"enemies":"Gremlin Gang","floor":8.0,"turns":4.0},{"damage":9.0,"enemies":"3 Sentries","floor":10.0,"turns":7.0},{"damage":1.0,"enemies":"3 Louse","floor":11.0,"turns":2.0},{"damage":0.0,"enemies":"Blue Slaver","floor":14.0,"turns":1.0},{"damage":4.0,"enemies":"Hexaghost","floor":16.0,"turns":10.0},{"damage":0.0,"enemies":"2 Thieves","floor":18.0,"turns":4.0},{"damage":1.0,"enemies":"Spheric Guardian","floor":19.0,"turns":3.0},{"damage":19.0,"enemies":"Slavers","floor":24.0,"turns":6.0},{"damage":19.0,"enemies":"Snake Plant","floor":27.0,"turns":6.0},{"damage":1.0,"enemies":"Gremlin Leader","floor":29.0,"turns":7.0},{"damage":1.0,"enemies":"3 Cultists","floor":31.0,"turns":5.0},{"damage":8.0,"enemies":"Collector","floor":33.0,"turns":12.0},{"damage":0.0,"enemies":"3 Shapes","floor":35.0,"turns":8.0},{"damage":0.0,"enemies":"Orb Walker","floor":37.0,"turns":3.0},{"damage":10.0,"enemies":"3 Darklings","floor":39.0,"turns":3.0},{"damage":0.0,"enemies":"Giant Head","floor":42.0,"turns":10.0},{"damage":14.0,"enemies":"Jaw Worm Horde","floor":44.0,"turns":3.0},{"damage":19.0,"enemies":"Transient","floor":46.0,"turns":6.0},{"damage":29.0,"enemies":"Nemesis","floor":47.0,"turns":5.0},{"damage":16,"enemies":"Spire Growth","floor":48,"turns":2}],"seed_played":"-520554627968462972","potions_obtained":[{"floor":2.0,"key":"SpeedPotion"},{"floor":7.0,"key":"SpeedPotion"},{"floor":8.0,"key":"LiquidBronze"},{"floor":18.0,"key":"Fire Potion"},{"floor":27.0,"key":"SkillPotion"},{"floor":31.0,"key":"SteroidPotion"}],"is_trial":false,"path_per_floor":["M","M","$","M","?","R","E","M","T","E","M","R","?","M","R","B",null,"M","M","$","?","?","R","E","R","T","M","R","E","?","M","R","B",null,"M","$","M","?","M","R","?","E","T","M","R","M","E","M"],"character_chosen":"THE_SILENT","items_purchased":["Backstab","Dash","Flash of Steel"],"campfire_rested":3,"item_purchase_floors":[3,3,20],"current_hp_per_floor":[43,42,42,41,41,41,38,38,38,29,28,28,28,28,28,24,56,56,55,55,55,55,55,36,55,55,36,55,54,54,53,53,45,61,61,61,61,61,51,51,51,51,51,37,56,37,8,0],"gold":222,"neow_bonus":"ONE_RARE_RELIC","is_prod":false,"is_daily":false,"chose_seed":false,"campfire_upgraded":6,"win_rate":0,"timestamp":1562469352,"path_taken":["M","M","$","?","?","R","E","M","T","E","M","R","?","?","R","BOSS","M","M","$","?","?","R","E","R","T","M","R","E","?","M","R","BOSS","M","$","M","?","?","R","?","E","T","M","R","?","E","M"],"build_version":"2019-07-05","purchased_purges":2,"victory":false,"max_hp_per_floor":[66,66,66,66,66,66,66,66,66,66,66,66,66,66,66,66,66,66,66,66,66,66,66,66,66,66,66,66,66,66,66,66,66,66,66,66,66,66,66,66,66,66,66,66,66,66,66,66],"card_choices":[{"not_picked":["Bane","Flechettes"],"picked":"Dodge and Roll","floor":1.0},{"not_picked":["Finisher","Quick Slash"],"picked":"Predator","floor":2.0},{"not_picked":["Predator","Deadly Poison"],"picked":"Backstab","floor":4.0},{"not_picked":["Distraction","Masterful Stab"],"picked":"Noxious Fumes","floor":7.0},{"not_picked":["Expertise","All Out Attack"],"picked":"Flying Knee","floor":8.0},{"not_picked":["Backflip","Deadly Poison"],"picked":"Backstab","floor":10.0},{"not_picked":["Wraith Form v2","Slice"],"picked":"Well Laid Plans","floor":11.0},{"not_picked":["Underhanded Strike","All Out Attack"],"picked":"Cloak And Dagger","floor":14.0},{"not_picked":["Night Terror","Envenom"],"picked":"Tools of the Trade","floor":16.0},{"not_picked":["Acrobatics","Concentrate"],"picked":"Dagger Spray","floor":18.0},{"not_picked":["Infinite Blades","Poisoned Stab+1"],"picked":"Adrenaline","floor":19.0},{"not_picked":["Eviscerate","Quick Slash","Heel Hook"],"picked":"SKIP","floor":24.0},{"not_picked":["All Out Attack","Dagger Throw"],"picked":"PiercingWail","floor":25.0},{"not_picked":["Blade Dance","Deflect"],"picked":"Cloak And Dagger+1","floor":27.0},{"not_picked":["Distraction","Sucker Punch"],"picked":"Backflip","floor":28.0},{"not_picked":["Riddle With Holes","Underhanded Strike"],"picked":"Blade Dance+1","floor":29.0},{"not_picked":["Underhanded Strike+1","Bane","Skewer"],"picked":"SKIP","floor":31.0},{"not_picked":["Phantasmal Killer","Grand Finale"],"picked":"Corpse Explosion","floor":33.0},{"not_picked":["Outmaneuver+1","All Out Attack","Deflect"],"picked":"SKIP","floor":35.0},{"not_picked":["Underhanded Strike","Dash+1","Cloak And Dagger"],"picked":"SKIP","floor":37.0},{"not_picked":["Prepared+1","Slice"],"picked":"PiercingWail+1","floor":39.0},{"not_picked":["Flying Knee","Tactician"],"picked":"Crippling Poison","floor":42.0},{"not_picked":["Endless Agony","Dagger Spray+1"],"picked":"Backflip+1","floor":44.0},{"not_picked":["Slice","Escape Plan"],"picked":"Leg Sweep+1","floor":45.0},{"not_picked":["Dagger Spray","Concentrate+1"],"picked":"Deadly Poison","floor":46.0},{"not_picked":["Underhanded Strike","Dodge and Roll"],"picked":"Burst","floor":47.0}],"player_experience":161075,"relics_obtained":[{"floor":7.0,"key":"Dream Catcher"},{"floor":9.0,"key":"Happy Flower"},{"floor":10.0,"key":"Art of War"},{"floor":24.0,"key":"Kunai"},{"floor":26.0,"key":"Smiling Mask"},{"floor":29.0,"key":"Bag of Preparation"},{"floor":42.0,"key":"PreservedInsect"},{"floor":43.0,"key":"Letter Opener"},{"floor":47.0,"key":"Centennial Puzzle"}],"event_choices":[{"damage_healed":0.0,"max_hp_gain":0.0,"max_hp_loss":0.0,"gold_gain":0.0,"event_name":"Shining Light","player_choice":"Ignored","floor":5.0,"gold_loss":0.0,"damage_taken":0.0},{"cards_removed":["Strike_G"],"damage_healed":0.0,"max_hp_gain":0.0,"max_hp_loss":0.0,"gold_gain":0.0,"event_name":"Purifier","player_choice":"Purged","floor":13.0,"gold_loss":0.0,"damage_taken":0.0},{"damage_healed":0.0,"max_hp_gain":0.0,"max_hp_loss":0.0,"gold_gain":0.0,"event_name":"Vampires","player_choice":"Ignored","floor":21.0,"gold_loss":0.0,"damage_taken":0.0},{"damage_healed":0.0,"max_hp_gain":0.0,"max_hp_loss":0.0,"gold_gain":0.0,"event_name":"Ghosts","player_choice":"Ignored","floor":22.0,"gold_loss":0.0,"damage_taken":0.0},{"damage_healed":0.0,"max_hp_gain":0.0,"max_hp_loss":0.0,"gold_gain":0.0,"event_name":"Accursed Blacksmith","player_choice":"Forge","floor":30.0,"gold_loss":0.0,"damage_taken":0.0,"cards_upgraded":["Adrenaline"]},{"cards_removed":["Strike_G"],"damage_healed":0.0,"max_hp_gain":0.0,"max_hp_loss":0.0,"gold_gain":0.0,"event_name":"Designer","player_choice":"Upgrade and Remove","floor":38.0,"gold_loss":110.0,"damage_taken":0.0,"cards_upgraded":["Backstab"]},{"damage_healed":0.0,"max_hp_gain":0.0,"max_hp_loss":0.0,"gold_gain":0.0,"event_name":"Match and Keep!","player_choice":"2 cards matched","floor":41.0,"gold_loss":0.0,"damage_taken":0.0,"cards_obtained":["Crippling Poison","Neutralize"]}],"is_beta":false,"boss_relics":[{"not_picked":["Pandora\u0027s Box","Fusion Hammer"],"picked":"Philosopher\u0027s Stone"},{"not_picked":["Snecko Eye","Eternal Feather"],"picked":"Sozu"}],"items_purged_floors":[20,36],"is_endless":false,"potions_floor_spawned":[2,7,8,10,16,18,19,27,31,35,37,46],"killed_by":"Spire Growth","ascension_level":17}