{"gold_per_floor":[118,135,135,135,159,202,222,222,247,247,247],"floor_reached":11,"playtime":466,"items_purged":[],"score":80,"play_id":"24dac66a-f459-485f-85d9-af2d36e32082","local_time":"20190708212536","is_ascension_mode":true,"campfire_choices":[{"floor":10,"key":"RECALL"}],"neow_cost":"NONE","seed_source_timestamp":351657077355683,"circlet_count":0,"master_deck":["Strike_G","Strike_G","Strike_G","Strike_G","Strike_G","Defend_G","Defend_G","Defend_G","Defend_G","Defend_G","Survivor","Neutralize","Slice","Caltrops","Dagger Spray"],"relics":["Ring of the Snake","Golden Idol","NlothsMask","Art of War","Bag of Marbles"],"potions_floor_usage":[11],"damage_taken":[{"damage":2,"enemies":"2 Louse","floor":1,"turns":3},{"damage":1,"enemies":"Cultist","floor":2,"turns":3},{"damage":0,"enemies":"Jaw Worm","floor":5,"turns":7},{"damage":23,"enemies":"Gremlin Nob","floor":6,"turns":5},{"damage":3,"enemies":"Blue Slaver","floor":7,"turns":4},{"damage":29,"enemies":"Lagavulin","floor":11,"turns":7}],"seed_played":"6767088157756495773","potions_obtained":[{"floor":2,"key":"LiquidBronze"},{"floor":6,"key":"Swift Potion"}],"is_trial":false,"path_per_floor":["M","M","?","?","M","E","M","?","T","R","E"],"character_chosen":"THE_SILENT","items_purchased":[],"campfire_rested":0,"item_purchase_floors":[],"current_hp_per_floor":[75,74,55,55,55,32,29,29,29,29,0],"gold":247,"neow_bonus":"TEN_PERCENT_HP_BONUS","is_prod":false,"is_daily":false,"chose_seed":false,"campfire_upgraded":0,"win_rate":0,"timestamp":1562657136,"path_taken":["M","M","?","?","M","E","?","?","T","R","E"],"build_version":"2019-07-05","purchased_purges":0,"victory":false,"max_hp_per_floor":[77,77,77,77,77,77,77,77,77,77,77],"card_choices":[{"not_picked":["Underhanded Strike","Quick Slash","PiercingWail"],"picked":"SKIP","floor":1},{"not_picked":["Backflip","Eviscerate"],"picked":"Slice","floor":2},{"not_picked":["Tactician","Deflect"],"picked":"Caltrops","floor":5},{"not_picked":["Poisoned Stab","Expertise"],"picked":"Dagger Spray","floor":6},{"not_picked":["Calculated Gamble","Underhanded Strike","Reflex"],"picked":"SKIP","floor":7}],"player_experience":70880,"relics_obtained":[{"floor":6,"key":"Art of War"}],"event_choices":[{"damage_healed":0,"gold_gain":0,"player_choice":"Take Damage","damage_taken":19,"relics_obtained":["Golden Idol"],"max_hp_gain":0,"max_hp_loss":0,"event_name":"Golden Idol","floor":3,"gold_loss":0},{"damage_healed":0,"gold_gain":0,"player_choice":"Trade","damage_taken":0,"relics_obtained":["NlothsMask"],"max_hp_gain":0,"max_hp_loss":0,"event_name":"FaceTrader","floor":4,"gold_loss":0},{"damage_healed":0,"gold_gain":0,"player_choice":"Gave Potion","damage_taken":0,"relics_obtained":["Bag of Marbles"],"max_hp_gain":0,"max_hp_loss":0,"event_name":"WeMeetAgain","floor":8,"gold_loss":0}],"is_beta":false,"boss_relics":[],"items_purged_floors":[],"is_endless":false,"potions_floor_spawned":[2,6],"killed_by":"Lagavulin","ascension_level":2}