{"gold_per_floor":[364,213,232,232,182,182,257,257,280,297,297,307,317,217,217,318,318,330,330,205,217,234,234,253,253,301,326,326,326,326,337,337,440,440,451,465,49,63,83,83,83,83,154,154,154,166,166,183,183,183],"floor_reached":51,"playtime":978,"items_purged":["Shame","Strike_R","Defend_R"],"score":707,"play_id":"2a56aa21-8cdd-4b85-a036-56cca0155ba4","local_time":"20190704023156","is_ascension_mode":false,"campfire_choices":[{"data":"Flex","floor":6.0,"key":"SMITH"},{"data":"Bash","floor":8.0,"key":"SMITH"},{"data":"Flex","floor":11.0,"key":"SMITH"},{"data":"Whirlwind","floor":15.0,"key":"SMITH"},{"data":"Flex","floor":23.0,"key":"SMITH"},{"data":"Flex","floor":25.0,"key":"SMITH"},{"floor":30.0,"key":"REST"},{"floor":32.0,"key":"REST"},{"data":"Heavy Blade","floor":40.0,"key":"SMITH"},{"floor":49.0,"key":"REST"}],"neow_cost":"CURSE","seed_source_timestamp":43955411761020,"circlet_count":0,"master_deck":["Strike_R","Strike_R+1","Defend_R","Defend_R","Defend_R","Bash+1","Flex+1","Sword Boomerang","Clothesline+1","Flex+1","Flex+1","Whirlwind+1","Immolate","Flex+1","Battle Trance","Thunderclap+1","Heavy Blade+1","Writhe","Rage","Headbutt+1","Demon Form+1","Battle Trance","Demon Form+1","Flex+1","Doubt","Regret","Writhe","Magnetism+1","Good Instincts","Trip","Infernal Blade+1"],"special_seed":0,"relics":["Burning Blood","Strawberry","Whetstone","Nloth\u0027s Gift","Juzu Bracelet","Frozen Egg 2","Dream Catcher","Cursed Key","ClockworkSouvenir","Singing Bowl"],"potions_floor_usage":[50],"damage_taken":[{"damage":6.0,"enemies":"Cultist","floor":1.0,"turns":5.0},{"damage":4.0,"enemies":"2 Louse","floor":3.0,"turns":3.0},{"damage":0.0,"enemies":"Small Slimes","floor":10.0,"turns":2.0},{"damage":0.0,"enemies":"Looter","floor":12.0,"turns":2.0},{"damage":9.0,"enemies":"Lots of Slimes","floor":13.0,"turns":4.0},{"damage":48.0,"enemies":"Hexaghost","floor":16.0,"turns":7.0},{"damage":15.0,"enemies":"2 Thieves","floor":18.0,"turns":3.0},{"damage":10.0,"enemies":"Chosen","floor":21.0,"turns":3.0},{"damage":12.0,"enemies":"Shelled Parasite and Fungi","floor":22.0,"turns":4.0},{"damage":32.0,"enemies":"Snake Plant","floor":24.0,"turns":3.0},{"damage":35.0,"enemies":"Slavers","floor":27.0,"turns":4.0},{"damage":10.0,"enemies":"Sentry and Sphere","floor":31.0,"turns":3.0},{"damage":53.0,"enemies":"Collector","floor":33.0,"turns":8.0},{"damage":4.0,"enemies":"3 Shapes","floor":35.0,"turns":1.0},{"damage":30.0,"enemies":"3 Darklings","floor":36.0,"turns":3.0},{"damage":4.0,"enemies":"Sphere and 2 Shapes","floor":38.0,"turns":2.0},{"damage":9.0,"enemies":"Jaw Worm Horde","floor":39.0,"turns":2.0},{"damage":4.0,"enemies":"Transient","floor":46.0,"turns":5.0},{"damage":24.0,"enemies":"Spire Growth","floor":48.0,"turns":4.0},{"damage":68,"enemies":"Donu and Deca","floor":50,"turns":7}],"seed_played":"2937481317399081668","potions_obtained":[{"floor":1.0,"key":"SkillPotion"},{"floor":10.0,"key":"PowerPotion"},{"floor":13.0,"key":"EssenceOfSteel"},{"floor":21.0,"key":"Block Potion"},{"floor":31.0,"key":"PowerPotion"},{"floor":35.0,"key":"SpeedPotion"},{"floor":36.0,"key":"Block Potion"},{"floor":48.0,"key":"Fire Potion"}],"is_trial":false,"path_per_floor":["M","$","M","?","?","R","?","R","T","M","R","M","M","$","R","B",null,"M","?","$","M","M","R","M","R","T","E","?","?","R","M","R","B",null,"M","M","$","M","M","R","?","?","T","?","?","M","?","M","R","B",null],"character_chosen":"IRONCLAD","items_purchased":["Flex","Sword Boomerang","ClockworkSouvenir","Battle Trance","Demon Form+1"],"campfire_rested":3,"item_purchase_floors":[2,2,37,37,37],"current_hp_per_floor":[80,80,80,80,80,80,69,69,69,75,75,81,78,78,78,36,87,78,78,78,74,68,68,42,42,42,13,13,13,39,35,61,14,87,87,63,63,65,62,62,62,87,87,87,77,81,81,65,91,29],"gold":183,"neow_bonus":"TWO_FIFTY_GOLD","is_prod":false,"is_daily":false,"chose_seed":false,"campfire_upgraded":7,"win_rate":0,"timestamp":1562229116,"path_taken":["M","$","M","?","?","R","?","R","T","M","R","M","M","$","R","BOSS","M","?","$","M","?","R","M","R","T","E","?","?","R","M","R","BOSS","M","M","$","M","M","R","?","?","T","?","?","M","?","M","R","BOSS"],"build_version":"2019-07-01","purchased_purges":3,"victory":true,"max_hp_per_floor":[80,80,80,87,87,87,87,87,87,87,87,87,87,87,87,87,87,87,87,87,87,87,87,87,87,87,87,87,87,87,87,87,87,87,87,87,87,87,87,87,87,87,87,87,87,89,89,91,91,91],"card_choices":[{"not_picked":["True Grit","Body Slam","Dropkick"],"picked":"SKIP","floor":1.0},{"not_picked":["Disarm","Blood for Blood"],"picked":"Clothesline","floor":3.0},{"not_picked":["Iron Wave","Clothesline"],"picked":"Flex","floor":10.0},{"not_picked":["Iron Wave","Ghostly Armor"],"picked":"Flex","floor":12.0},{"not_picked":["Flex","Intimidate"],"picked":"Whirlwind","floor":13.0},{"not_picked":["Offering","Brutality"],"picked":"Immolate","floor":16.0},{"not_picked":["Pummel","Iron Wave"],"picked":"Flex","floor":18.0},{"not_picked":["Warcry+1","Sever Soul","Clothesline"],"picked":"SKIP","floor":21.0},{"not_picked":["Battle Trance","Blood for Blood+1","Warcry"],"picked":"SKIP","floor":22.0},{"not_picked":["Blood for Blood+1","Warcry"],"picked":"Battle Trance","floor":22.0},{"not_picked":["Shockwave+1","Inflame"],"picked":"Thunderclap+1","floor":24.0},{"not_picked":["Double Tap","Hemokinesis+1"],"picked":"Heavy Blade","floor":27.0},{"not_picked":["Second Wind","Flame Barrier"],"picked":"Rage","floor":30.0},{"not_picked":["Perfected Strike+1","Dual Wield","Clash"],"picked":"SKIP","floor":31.0},{"not_picked":["Second Wind","Thunderclap"],"picked":"Headbutt+1","floor":32.0},{"not_picked":["Bludgeon","Barricade+1"],"picked":"Demon Form+1","floor":33.0},{"not_picked":["Perfected Strike","Sword Boomerang","Armaments"],"picked":"SKIP","floor":35.0},{"not_picked":["Exhume","Rage","Sword Boomerang"],"picked":"SKIP","floor":36.0},{"not_picked":["Pummel+1","Clothesline"],"picked":"Flex+1","floor":38.0},{"not_picked":["Shrug It Off","Cleave","Dark Embrace+1"],"picked":"SKIP","floor":39.0},{"not_picked":["Forethought","Violence"],"picked":"Magnetism+1","floor":45.0},{"not_picked":["Master of Strategy","Panache+1"],"picked":"Good Instincts","floor":45.0},{"not_picked":["PanicButton","Swift Strike"],"picked":"Trip","floor":45.0},{"not_picked":["Dual Wield","Bloodletting","Armaments"],"picked":"Singing Bowl","floor":46.0},{"not_picked":["Ghostly Armor","Armaments+1","Sever Soul+1"],"picked":"Singing Bowl","floor":48.0},{"not_picked":["Shrug It Off","Clothesline"],"picked":"Infernal Blade+1","floor":49.0}],"player_experience":1541005,"relics_obtained":[{"floor":9.0,"key":"Whetstone"},{"floor":26.0,"key":"Juzu Bracelet"},{"floor":27.0,"key":"Frozen Egg 2"},{"floor":43.0,"key":"Singing Bowl"}],"event_choices":[{"damage_healed":0.0,"max_hp_gain":0.0,"max_hp_loss":0.0,"gold_gain":0.0,"event_name":"Scrap Ooze","player_choice":"Success","floor":4.0,"gold_loss":0.0,"damage_taken":7.0,"relics_obtained":["Strawberry"]},{"cards_removed":["Strike_R"],"damage_healed":0.0,"max_hp_gain":0.0,"max_hp_loss":0.0,"gold_gain":0.0,"event_name":"The Cleric","player_choice":"Card Removal","floor":5.0,"gold_loss":50.0,"damage_taken":0.0},{"damage_healed":0.0,"max_hp_gain":0.0,"max_hp_loss":0.0,"gold_gain":75.0,"event_name":"World of Goop","player_choice":"Gather Gold","floor":7.0,"gold_loss":0.0,"damage_taken":11.0},{"damage_healed":0.0,"max_hp_gain":0.0,"max_hp_loss":0.0,"gold_gain":0.0,"event_name":"N\u0027loth","player_choice":"Traded Relic","floor":19.0,"relics_lost":["Velvet Choker"],"gold_loss":0.0,"damage_taken":0.0,"relics_obtained":["Nloth\u0027s Gift"]},{"damage_healed":0.0,"max_hp_gain":0.0,"max_hp_loss":0.0,"gold_gain":0.0,"event_name":"The Mausoleum","player_choice":"Opened","floor":28.0,"gold_loss":0.0,"damage_taken":0.0,"relics_obtained":["Dream Catcher"],"cards_obtained":["Writhe"]},{"damage_healed":0.0,"max_hp_gain":0.0,"max_hp_loss":0.0,"gold_gain":0.0,"event_name":"NoteForYourself","player_choice":"Ignored","floor":29.0,"gold_loss":0.0,"damage_taken":0.0},{"cards_removed":["Strike_R"],"damage_healed":0.0,"max_hp_gain":0.0,"max_hp_loss":0.0,"gold_gain":0.0,"event_name":"Falling","player_choice":"Removed Attack","floor":41.0,"gold_loss":0.0,"damage_taken":0.0},{"damage_healed":25.0,"max_hp_gain":0.0,"max_hp_loss":0.0,"gold_gain":0.0,"event_name":"MindBloom","player_choice":"Heal","floor":42.0,"gold_loss":0.0,"damage_taken":0.0,"cards_obtained":["Doubt"]},{"damage_healed":22.0,"max_hp_gain":0.0,"max_hp_loss":0.0,"gold_gain":0.0,"event_name":"Winding Halls","player_choice":"Writhe","floor":44.0,"gold_loss":0.0,"damage_taken":0.0,"cards_obtained":["Writhe"]},{"damage_healed":0.0,"max_hp_gain":0.0,"max_hp_loss":0.0,"gold_gain":0.0,"event_name":"SensoryStone","player_choice":"Memory 3","floor":45.0,"gold_loss":0.0,"damage_taken":10.0},{"damage_healed":0.0,"max_hp_gain":0.0,"max_hp_loss":0.0,"gold_gain":0.0,"event_name":"Mysterious Sphere","player_choice":"Ignored","floor":47.0,"gold_loss":0.0,"damage_taken":0.0}],"is_beta":false,"boss_relics":[{"not_picked":["Coffee Dripper","White Beast Statue"],"picked":"Velvet Choker"},{"not_picked":["Snecko Eye","Calling Bell"],"picked":"Cursed Key"}],"items_purged_floors":[2,14,20],"is_endless":false,"potions_floor_spawned":[1,10,13,21,31,35,36,48],"ascension_level":0}