{"gold_per_floor":[110,128,53,53,64,64,79,79,79,9,41,41,71,81,81,177,177,190,63,63,76,103,103,131,131,131,161,86,1,1,14,14,115,115,125,347,347,222,222,250,267,285,309,309,328,328,328,357,357,357,357,357,11,38,38],"floor_reached":55,"playtime":6067,"items_purged":["Defend_G","Strike_G","Strike_G"],"score":806,"play_id":"afd3c3e3-ff4c-4308-92aa-3fbc16c500c0","local_time":"20190709224554","is_ascension_mode":true,"campfire_choices":[{"data":"Neutralize","floor":6,"key":"SMITH"},{"data":"Cloak And Dagger","floor":8,"key":"SMITH"},{"data":"Accuracy","floor":12,"key":"SMITH"},{"data":"Cloak And Dagger","floor":15,"key":"SMITH"},{"data":"After Image","floor":23,"key":"SMITH"},{"data":"Cloak And Dagger","floor":25,"key":"SMITH"},{"data":"Infinite Blades","floor":32,"key":"SMITH"},{"data":"After Image","floor":47,"key":"SMITH"},{"floor":49,"key":"RECALL"},{"data":"Accuracy","floor":52,"key":"SMITH"}],"neow_cost":"NONE","seed_source_timestamp":14118805679400,"circlet_count":0,"master_deck":["Strike_G+1","Strike_G+1","Defend_G","Defend_G","Survivor","Neutralize+1","Cloak And Dagger+1","Cloak And Dagger+1","Accuracy+1","Blade Dance","Escape Plan","After Image+1","Accuracy+1","Cloak And Dagger+1","Infinite Blades+1","Well Laid Plans","After Image+1","Escape Plan","Terror"],"relics":["Ring of the Snake","Pantograph","Whetstone","Bronze Scales","Omamori","Eternal Feather","Red Mask","Orichalcum","Mummified Hand","Centennial Puzzle","Strawberry","WristBlade","The Specimen","Bottled Lightning","Nunchaku","Pen Nib"],"potions_floor_usage":[16,21,24,24,24,27,50,55,55],"damage_taken":[{"damage":0,"enemies":"Jaw Worm","floor":1,"turns":5},{"damage":7,"enemies":"Cultist","floor":2,"turns":4},{"damage":5,"enemies":"Small Slimes","floor":5,"turns":3},{"damage":4,"enemies":"Blue Slaver","floor":7,"turns":5},{"damage":9,"enemies":"3 Sentries","floor":11,"turns":8},{"damage":16,"enemies":"Lagavulin","floor":13,"turns":6},{"damage":7,"enemies":"2 Fungi Beasts","floor":14,"turns":3},{"damage":33,"enemies":"The Guardian","floor":16,"turns":13},{"damage":1,"enemies":"Chosen","floor":18,"turns":4},{"damage":3,"enemies":"Shell Parasite","floor":21,"turns":3},{"damage":9,"enemies":"Masked Bandits","floor":22,"turns":5},{"damage":3,"enemies":"Book of Stabbing","floor":24,"turns":6},{"damage":0,"enemies":"Slavers","floor":27,"turns":5},{"damage":0,"enemies":"Shelled Parasite and Fungi","floor":31,"turns":3},{"damage":23,"enemies":"Collector","floor":33,"turns":6},{"damage":0,"enemies":"Orb Walker","floor":35,"turns":2},{"damage":11,"enemies":"Nemesis","floor":40,"turns":5},{"damage":0,"enemies":"3 Darklings","floor":41,"turns":5},{"damage":8,"enemies":"4 Shapes","floor":42,"turns":4},{"damage":0,"enemies":"Transient","floor":45,"turns":5},{"damage":39,"enemies":"Reptomancer","floor":48,"turns":4},{"damage":15,"enemies":"Awakened One","floor":50,"turns":10},{"damage":15,"enemies":"Shield and Spear","floor":54,"turns":4},{"damage":84,"enemies":"The Heart","floor":55,"turns":5}],"seed_played":"7511838879309296303","potions_obtained":[{"floor":1,"key":"AttackPotion"},{"floor":2,"key":"Energy Potion"},{"floor":13,"key":"SpeedPotion"},{"floor":16,"key":"PowerPotion"},{"floor":20,"key":"Weak Potion"},{"floor":22,"key":"Strength Potion"},{"floor":24,"key":"Block Potion"},{"floor":35,"key":"Strength Potion"},{"floor":41,"key":"Fire Potion"},{"floor":42,"key":"Dexterity Potion"}],"is_trial":false,"path_per_floor":["M","M","$","?","M","R","M","R","T","$","E","R","E","M","R","B",null,"M","$","?","M","?","R","E","R","T","E","?","?","?","M","R","B",null,"M","?","?","$","?","E","M","M","T","?","M","?","R","E","R","B",null,"R","$","E","B"],"character_chosen":"THE_SILENT","items_purchased":["Accuracy","Cloak And Dagger","Nunchaku","Energy Potion"],"campfire_rested":0,"item_purchase_floors":[10,19,53,53],"current_hp_per_floor":[77,70,70,70,65,65,61,61,61,61,52,52,36,29,29,21,77,76,76,76,73,64,73,70,77,77,77,77,84,84,84,84,61,84,84,84,84,84,84,73,73,65,65,65,65,65,74,35,44,54,84,84,84,69,0],"gold":38,"neow_bonus":"TEN_PERCENT_HP_BONUS","is_prod":false,"is_daily":false,"chose_seed":false,"campfire_upgraded":9,"win_rate":0,"timestamp":1562705154,"path_taken":["M","M","$","?","?","R","M","R","T","$","E","R","E","M","R","BOSS","M","$","?","?","?","R","E","R","T","E","?","?","?","?","R","BOSS","M","?","?","$","?","E","?","M","T","?","?","?","R","E","R","BOSS","R","$","E","BOSS"],"build_version":"2019-07-05","purchased_purges":3,"victory":false,"max_hp_per_floor":[77,77,77,77,77,77,77,77,77,77,77,77,77,77,77,77,77,77,77,77,77,77,77,77,77,77,77,77,84,84,84,84,84,84,84,84,84,84,84,84,84,84,84,84,84,84,84,84,84,84,84,84,84,84,84],"card_choices":[{"not_picked":["Footwork","Eviscerate"],"picked":"Cloak And Dagger","floor":1},{"not_picked":["Caltrops","Blade Dance","Prepared"],"picked":"SKIP","floor":2},{"not_picked":["Poisoned Stab","PiercingWail"],"picked":"Cloak And Dagger","floor":5},{"not_picked":["Deadly Poison","Flying Knee","Sucker Punch"],"picked":"SKIP","floor":7},{"not_picked":["Caltrops","Outmaneuver"],"picked":"Blade Dance","floor":11},{"not_picked":["Underhanded Strike","PiercingWail"],"picked":"Escape Plan","floor":13},{"not_picked":["Bouncing Flask","Flying Knee","Dodge and Roll"],"picked":"SKIP","floor":14},{"not_picked":["Wraith Form v2","Adrenaline"],"picked":"After Image","floor":16},{"not_picked":["Bane","PiercingWail"],"picked":"Accuracy","floor":18},{"not_picked":["Slice+1","Dodge and Roll","Bouncing Flask+1"],"picked":"SKIP","floor":21},{"not_picked":["PiercingWail","Venomology","Choke"],"picked":"SKIP","floor":24},{"not_picked":["Calculated Gamble","Prepared"],"picked":"Infinite Blades","floor":27},{"not_picked":["Dagger Throw","Backstab"],"picked":"Well Laid Plans","floor":31},{"not_picked":["Die Die Die","Glass Knife"],"picked":"After Image","floor":33},{"not_picked":["Outmaneuver+1","Deflect+1","Leg Sweep+1"],"picked":"SKIP","floor":35},{"not_picked":["Eviscerate","Dodge and Roll"],"picked":"Escape Plan","floor":40},{"not_picked":["Quick Slash","Dagger Spray"],"picked":"Terror","floor":41},{"not_picked":["Deadly Poison","Terror","Cloak And Dagger"],"picked":"SKIP","floor":42},{"not_picked":["PiercingWail","All Out Attack","Noxious Fumes+1"],"picked":"SKIP","floor":45},{"not_picked":["All Out Attack","Night Terror","Dagger Throw+1"],"picked":"SKIP","floor":48},{"not_picked":["Flying Knee+1","Prepared","Choke+1"],"picked":"SKIP","floor":54},{"not_picked":["Flying Knee+1","Prepared","Choke+1"],"picked":"SKIP","floor":54}],"player_experience":104180,"relics_obtained":[{"floor":9,"key":"Whetstone"},{"floor":11,"key":"Bronze Scales"},{"floor":13,"key":"Omamori"},{"floor":22,"key":"Red Mask"},{"floor":24,"key":"Orichalcum"},{"floor":26,"key":"Mummified Hand"},{"floor":27,"key":"Centennial Puzzle"},{"floor":40,"key":"The Specimen"},{"floor":48,"key":"Bottled Lightning"},{"floor":54,"key":"Pen Nib"}],"event_choices":[{"damage_healed":0,"gold_gain":0,"player_choice":"Gave Potion","damage_taken":0,"relics_obtained":["Pantograph"],"max_hp_gain":0,"max_hp_loss":0,"event_name":"WeMeetAgain","floor":4,"gold_loss":0},{"damage_healed":0,"gold_gain":0,"player_choice":"Got Potions","damage_taken":0,"max_hp_gain":0,"max_hp_loss":0,"event_name":"Lab","floor":20,"gold_loss":0},{"damage_healed":0,"gold_gain":0,"player_choice":"Fought Bandits","damage_taken":0,"max_hp_gain":0,"max_hp_loss":0,"event_name":"Masked Bandits","floor":22,"gold_loss":0},{"cards_removed":["Strike_G"],"damage_healed":0,"gold_gain":0,"player_choice":"Gave Gold","damage_taken":0,"max_hp_gain":0,"max_hp_loss":0,"event_name":"Beggar","floor":28,"gold_loss":75},{"damage_healed":0,"gold_gain":0,"player_choice":"Obtained Relic","damage_taken":0,"relics_obtained":["Strawberry"],"max_hp_gain":0,"max_hp_loss":0,"event_name":"Addict","floor":29,"gold_loss":85},{"damage_healed":0,"gold_gain":0,"player_choice":"Ignored","damage_taken":0,"max_hp_gain":0,"max_hp_loss":0,"event_name":"Ghosts","floor":30,"gold_loss":0},{"damage_healed":0,"gold_gain":222,"player_choice":"Wore Mask","damage_taken":0,"max_hp_gain":0,"max_hp_loss":0,"event_name":"Tomb of Lord Red Mask","floor":36,"gold_loss":0},{"cards_removed":["Defend_G"],"damage_healed":0,"gold_gain":0,"player_choice":"Removed Skill","damage_taken":0,"max_hp_gain":0,"max_hp_loss":0,"event_name":"Falling","floor":37,"gold_loss":0},{"damage_healed":0,"gold_gain":0,"player_choice":"Ignored","damage_taken":0,"max_hp_gain":0,"max_hp_loss":0,"event_name":"Transmorgrifier","floor":39,"gold_loss":0},{"damage_healed":0,"gold_gain":0,"player_choice":"Ignored","damage_taken":0,"max_hp_gain":0,"max_hp_loss":0,"event_name":"SecretPortal","floor":44,"gold_loss":0},{"cards_removed":["Defend_G"],"damage_healed":0,"gold_gain":0,"player_choice":"Purged","damage_taken":0,"max_hp_gain":0,"max_hp_loss":0,"event_name":"Purifier","floor":46,"gold_loss":0}],"is_beta":false,"boss_relics":[{"not_picked":["Ectoplasm","Velvet Choker"],"picked":"Eternal Feather"},{"not_picked":["Coffee Dripper","Lizard Tail"],"picked":"WristBlade"}],"items_purged_floors":[3,19,38],"is_endless":false,"potions_floor_spawned":[1,2,13,16,22,24,35,41,42],"killed_by":"The Heart","ascension_level":1}