{"gold_per_floor":[211,136,136,150,150,150,170,170,170,185,185,195,211,154,154,229,229,244,244,23,41,52,52,72,84,84,84,94,94,128,145,145,145],"floor_reached":33,"playtime":1605,"items_purged":[],"score":522,"play_id":"52b28ba1-14b8-4158-8668-fa7761dc6c54","local_time":"20190527164133","is_ascension_mode":true,"campfire_choices":[{"data":"Armaments","floor":6.0,"key":"SMITH"},{"data":"Hemokinesis","floor":8.0,"key":"SMITH"},{"data":"Anger","floor":11.0,"key":"SMITH"},{"data":"Havoc","floor":15.0,"key":"SMITH"},{"floor":23.0,"key":"REST"},{"floor":27.0,"key":"REST"},{"floor":29.0,"key":"REST"},{"floor":32.0,"key":"REST"}],"neow_cost":"NONE","seed_source_timestamp":151590653708432,"circlet_count":0,"master_deck":["AscendersBane","Strike_R","Defend_R","Defend_R","Defend_R","Bash","Armaments+1","Immolate","Anger+1","Regret","Hemokinesis+1","Infernal Blade","Rupture","Havoc+1","Double Tap","Sentinel+1","Armaments+1","Havoc+1","Spot Weakness","Headbutt","True Grit","Dark Embrace","Spot Weakness","Shrug It Off","Hemokinesis","Iron Wave"],"special_seed":0,"relics":["Burning Blood","Charon\u0027s Ashes","Self Forming Clay","Astrolabe","Happy Flower","Membership Card","Ornamental Fan","Shuriken"],"potions_floor_usage":[33],"damage_taken":[{"damage":13.0,"enemies":"Jaw Worm","floor":1.0,"turns":5.0},{"damage":0.0,"enemies":"2 Louse","floor":4.0,"turns":1.0},{"damage":3.0,"enemies":"Cultist","floor":7.0,"turns":3.0},{"damage":8.0,"enemies":"Blue Slaver","floor":10.0,"turns":2.0},{"damage":0.0,"enemies":"3 Louse","floor":12.0,"turns":1.0},{"damage":2.0,"enemies":"Large Slime","floor":13.0,"turns":2.0},{"damage":16.0,"enemies":"Slime Boss","floor":16.0,"turns":6.0},{"damage":22.0,"enemies":"Chosen","floor":18.0,"turns":5.0},{"damage":29.0,"enemies":"Shell Parasite","floor":21.0,"turns":4.0},{"damage":23.0,"enemies":"Centurion and Healer","floor":22.0,"turns":5.0},{"damage":20.0,"enemies":"Chosen and Byrds","floor":24.0,"turns":5.0},{"damage":18.0,"enemies":"Snake Plant","floor":25.0,"turns":2.0},{"damage":13.0,"enemies":"3 Cultists","floor":28.0,"turns":4.0},{"damage":36.0,"enemies":"Book of Stabbing","floor":30.0,"turns":6.0},{"damage":11.0,"enemies":"Chosen and Byrds","floor":31.0,"turns":5.0},{"damage":68,"enemies":"Automaton","floor":33,"turns":6}],"seed_played":"-7501155075236748688","potions_obtained":[{"floor":1.0,"key":"Fire Potion"},{"floor":10.0,"key":"Ancient Potion"},{"floor":12.0,"key":"Dexterity Potion"},{"floor":22.0,"key":"EssenceOfSteel"},{"floor":25.0,"key":"Fire Potion"},{"floor":30.0,"key":"Block Potion"},{"floor":31.0,"key":"SkillPotion"}],"is_trial":false,"path_per_floor":["M","?","?","M","?","R","M","R","T","M","R","M","M","$","R","B",null,"M","?","$","M","M","R","M","M","T","R","M","R","E","M","R","B"],"character_chosen":"IRONCLAD","items_purchased":["Havoc","Membership Card"],"campfire_rested":4,"item_purchase_floors":[14,20],"current_hp_per_floor":[61,61,61,67,67,67,70,70,70,68,68,74,75,75,75,65,73,57,57,57,34,17,39,25,13,13,35,28,50,20,15,37,0],"gold":145,"neow_bonus":"HUNDRED_GOLD","is_prod":false,"is_daily":false,"chose_seed":false,"campfire_upgraded":4,"win_rate":0,"timestamp":1559000493,"path_taken":["M","?","?","M","?","R","M","R","T","M","R","M","M","$","R","BOSS","M","?","$","M","M","R","M","M","T","R","M","R","E","M","R","BOSS"],"build_version":"2019-01-23","purchased_purges":0,"victory":false,"max_hp_per_floor":[75,75,75,75,75,75,75,75,75,75,75,75,75,75,75,75,75,75,75,75,75,75,75,75,75,75,75,75,75,75,75,75,75],"card_choices":[{"not_picked":["Blood for Blood","Thunderclap"],"picked":"Armaments","floor":1.0},{"not_picked":["Warcry","Cleave"],"picked":"Anger","floor":4.0},{"not_picked":["Rupture","Blood for Blood"],"picked":"Hemokinesis","floor":7.0},{"not_picked":["Seeing Red","Pommel Strike"],"picked":"Infernal Blade","floor":10.0},{"not_picked":["Carnage","Anger"],"picked":"Rupture","floor":12.0},{"not_picked":["Armaments","Sentinel","Dropkick"],"picked":"SKIP","floor":13.0},{"not_picked":["Bludgeon","Fiend Fire"],"picked":"Double Tap","floor":16.0},{"not_picked":["Perfected Strike","Feel No Pain"],"picked":"Spot Weakness","floor":18.0},{"not_picked":["Warcry","Clothesline"],"picked":"Headbutt","floor":21.0},{"not_picked":["Bloodletting","Iron Wave+1"],"picked":"True Grit","floor":22.0},{"not_picked":["Whirlwind","Perfected Strike"],"picked":"Dark Embrace","floor":24.0},{"not_picked":["Reckless Charge","Burning Pact"],"picked":"Spot Weakness","floor":25.0},{"not_picked":["Flex","Twin Strike+1"],"picked":"Shrug It Off","floor":28.0},{"not_picked":["Entrench","Dropkick"],"picked":"Hemokinesis","floor":30.0},{"not_picked":["Power Through+1","Evolve"],"picked":"Iron Wave","floor":31.0}],"player_experience":781466,"relics_obtained":[{"floor":9.0,"key":"Self Forming Clay"},{"floor":19.0,"key":"Happy Flower"},{"floor":26.0,"key":"Ornamental Fan"},{"floor":30.0,"key":"Shuriken"}],"event_choices":[{"cards_removed":["Strike_R"],"damage_healed":0.0,"max_hp_gain":0.0,"max_hp_loss":0.0,"gold_gain":0.0,"event_name":"The Cleric","player_choice":"Card Removal","floor":2.0,"gold_loss":75.0,"damage_taken":0.0},{"damage_healed":0.0,"max_hp_gain":0.0,"max_hp_loss":0.0,"gold_gain":0.0,"cards_transformed":["Strike_R"],"event_name":"Living Wall","player_choice":"Change","floor":3.0,"gold_loss":0.0,"damage_taken":0.0,"cards_obtained":["Immolate"]},{"damage_healed":0.0,"max_hp_gain":0.0,"max_hp_loss":0.0,"gold_gain":0.0,"event_name":"Big Fish","player_choice":"Box","floor":5.0,"gold_loss":0.0,"damage_taken":0.0,"relics_obtained":["Charon\u0027s Ashes"],"cards_obtained":["Regret"]},{"damage_healed":0.0,"max_hp_gain":0.0,"max_hp_loss":0.0,"gold_gain":0.0,"event_name":"Wheel of Change","player_choice":"Relic","floor":19.0,"gold_loss":0.0,"damage_taken":0.0}],"is_beta":false,"boss_relics":[{"not_picked":["Runic Cube","Pandora\u0027s Box"],"picked":"Astrolabe"}],"items_purged_floors":[],"is_endless":false,"potions_floor_spawned":[1,10,12,16,22,25,30,31],"killed_by":"Automaton","ascension_level":20}