{"gold_per_floor":[114,114,129,129,129,129,159,159,159,159,174,7,22,52,52,152,152,167,217,232,232],"floor_reached":21,"playtime":1283,"items_purged":[],"score":237,"play_id":"86237728-9c35-4f97-a947-1d8012cf7c7f","local_time":"20181111155918","daily_mods":["Insanity","Diverse","DeadlyEvents"],"is_ascension_mode":false,"campfire_choices":[{"data":"Infinite Blades","floor":6,"key":"SMITH"},{"data":"Entrench","floor":8,"key":"SMITH"},{"data":"Stack","floor":10,"key":"SMITH"},{"floor":15,"key":"REST"}],"neow_cost":"","seed_source_timestamp":0,"circlet_count":0,"master_deck":["Dagger Spray","Acrobatics","Auto Shields","Cloak And Dagger","Streamline","Iron Wave","Cleave","Battle Trance","Infinite Blades+1","Cloak And Dagger","Leap","Reflex","Blizzard","Cloak And Dagger","Entrench+1","Clothesline","Skim","Sever Soul","Compile Driver","Disarm","Sword Boomerang","Iron Wave","Evolve","Stack+1","Perfected Strike","FTL","Gash","Lockon","Chaos","Heavy Blade","Clash","Armaments","Reinforced Body","Intimidate","Deflect","Flechettes","Deflect","Hologram","Outmaneuver","Hemokinesis","Blood for Blood","Go for the Eyes","Thunderclap","Flex","Reckless Charge","Deadly Poison","Well Laid Plans","Finisher","Sucker Punch","Quick Slash","Go for the Eyes","Trip","Sword Boomerang","Acrobatics","Regret","Prepared","Corpse Explosion","Metamorphosis","Turbo","Warcry","Bullet Time","Metallicize","Sword Boomerang+1"],"special_seed":17846,"relics":["Ring of the Snake","Bird Faced Urn","Molten Egg 2","Bronze Scales","Happy Flower","Regal Pillow","WristBlade"],"potions_floor_usage":[16,16,21],"damage_taken":[{"damage":5,"enemies":"Jaw Worm","floor":1,"turns":2},{"damage":2,"enemies":"Cultist","floor":3,"turns":3},{"damage":14,"enemies":"Lagavulin","floor":7,"turns":6},{"damage":8,"enemies":"Small Slimes","floor":11,"turns":2},{"damage":10,"enemies":"Looter","floor":13,"turns":2},{"damage":12,"enemies":"3 Sentries","floor":14,"turns":5},{"damage":24,"enemies":"The Guardian","floor":16,"turns":9},{"damage":38,"enemies":"2 Thieves","floor":18,"turns":3},{"damage":22,"enemies":"Shell Parasite","floor":20,"turns":3},{"damage":18,"enemies":"Book of Stabbing","floor":21,"turns":2}],"seed_played":"4248358927187569089","potions_obtained":[{"floor":7,"key":"SpeedPotion"},{"floor":13,"key":"LiquidBronze"},{"floor":14,"key":"PowerPotion"},{"floor":20,"key":"AttackPotion"}],"is_trial":false,"path_per_floor":["M","?","M","?","T","R","E","R","T","R","M","$","M","E","R","B",null,"M","?","M","E"],"character_chosen":"THE_SILENT","items_purchased":["Metamorphosis"],"campfire_rested":1,"item_purchase_floors":[12],"current_hp_per_floor":[65,65,63,63,63,63,53,53,53,53,47,47,39,31,67,50,70,34,34,16,0],"gold":232,"neow_bonus":"","is_prod":false,"is_daily":true,"chose_seed":false,"campfire_upgraded":3,"win_rate":0,"timestamp":1541969958,"path_taken":["M","?","?","?","?","R","E","R","T","R","M","$","M","?","R","BOSS","M","?","M","?"],"build_version":"2018-11-08","purchased_purges":0,"victory":false,"max_hp_per_floor":[70,70,70,70,70,70,70,70,70,70,70,70,70,70,70,70,70,70,70,70,70],"card_choices":[{"not_picked":["Fusion","Flex"],"picked":"Go for the Eyes","floor":1},{"not_picked":["Ball Lightning","Barrage"],"picked":"Acrobatics","floor":3},{"not_picked":["True Grit","Acrobatics"],"picked":"Prepared","floor":7},{"not_picked":["Choke+1","Thunderclap+1"],"picked":"Corpse Explosion","floor":11},{"not_picked":["Cleave+1","Hemokinesis+1"],"picked":"Turbo","floor":13},{"not_picked":["Undo","True Grit"],"picked":"Warcry","floor":14},{"not_picked":["Biased Cognition","Fission"],"picked":"Bullet Time","floor":16},{"not_picked":["Beam Cell+1","Melter+1"],"picked":"Metallicize","floor":18},{"not_picked":["Blizzard+1","Thunderclap+1"],"picked":"Sword Boomerang+1","floor":20}],"player_experience":481819,"relics_obtained":[{"floor":5,"key":"Molten Egg 2"},{"floor":7,"key":"Bronze Scales"},{"floor":9,"key":"Happy Flower"},{"floor":14,"key":"Regal Pillow"}],"event_choices":[{"damage_healed":0,"gold_gain":0,"player_choice":"2 cards matched","damage_taken":0,"max_hp_gain":0,"max_hp_loss":0,"event_name":"Match and Keep!","floor":2,"gold_loss":0,"cards_obtained":["Trip","Sword Boomerang"]},{"damage_healed":0,"gold_gain":0,"player_choice":"Box","damage_taken":0,"relics_obtained":["Bird Faced Urn"],"max_hp_gain":0,"max_hp_loss":0,"event_name":"Big Fish","floor":4,"gold_loss":0,"cards_obtained":["Regret"]},{"damage_healed":0,"gold_gain":100,"player_choice":"Bet on Murderer","damage_taken":0,"max_hp_gain":0,"max_hp_loss":0,"event_name":"The Joust","floor":19,"gold_loss":50}],"is_beta":false,"boss_relics":[{"not_picked":["Runic Pyramid","Lizard Tail"],"picked":"WristBlade"}],"items_purged_floors":[],"is_endless":false,"potions_floor_spawned":[7,13,14,20],"killed_by":"Book of Stabbing","ascension_level":0}