{"gold_per_floor":[117,117,127,77,252,286,286,296,323,19,31,57,57,73,73,175,475,486,41,42,57,57,57,7,7],"floor_reached":25,"playtime":1377,"items_purged":["Normality"],"score":248,"play_id":"e7c54fc4-b2c6-4f52-b3f1-a51c8ff4b8e0","local_time":"20181217153146","is_ascension_mode":true,"campfire_choices":[{"data":"Armaments","floor":7,"key":"SMITH"},{"data":"Seeing Red","floor":13,"key":"SMITH"},{"data":"Pummel","floor":15,"key":"SMITH"},{"floor":23,"key":"REST"}],"neow_cost":"NONE","seed_source_timestamp":350048743084879,"circlet_count":0,"master_deck":["Strike_R","Strike_R","Strike_R","Strike_R","Strike_R","Defend_R","Defend_R","Defend_R","Defend_R","Bash","Armaments+1","Flex","Doubt","Pummel+1","Cleave","Seeing Red+1","Exhume","Havoc","Bludgeon","Pain","Writhe","Perfected Strike","Madness","Pommel Strike+1","Anger","Enlightenment","Bash","Ghostly Armor","Thunderclap"],"relics":["Burning Blood","WarpedTongs","Smiling Mask","Anchor","Lantern","Juzu Bracelet","Peace Pipe","Calling Bell","Omamori","Pantograph","Old Coin","Torii"],"potions_floor_usage":[12,12,16],"damage_taken":[{"damage":7,"enemies":"Small Slimes","floor":1,"turns":4},{"damage":6,"enemies":"Cultist","floor":3,"turns":4},{"damage":33,"enemies":"Lagavulin","floor":6,"turns":9},{"damage":14,"enemies":"2 Louse","floor":8,"turns":3},{"damage":3,"enemies":"2 Fungi Beasts","floor":11,"turns":4},{"damage":0,"enemies":"3 Sentries","floor":12,"turns":1},{"damage":6,"enemies":"Large Slime","floor":14,"turns":6},{"damage":60,"enemies":"The Guardian","floor":16,"turns":13},{"damage":25,"enemies":"Spheric Guardian","floor":18,"turns":4},{"damage":13,"enemies":"2 Thieves","floor":20,"turns":4},{"damage":49,"enemies":"Shelled Parasite and Fungi","floor":21,"turns":8},{"damage":54,"enemies":"Slavers","floor":25,"turns":5}],"seed_played":"-2114564542891755065","potions_obtained":[{"floor":3,"key":"AttackPotion"},{"floor":6,"key":"PowerPotion"},{"floor":8,"key":"LiquidBronze"}],"is_trial":false,"path_per_floor":["M","?","M","?","?","E","R","M","T","$","M","E","R","M","R","B",null,"M","$","M","M","?","R","$","E"],"character_chosen":"IRONCLAD","items_purchased":["Lantern","Juzu Bracelet","Torii","Madness","Thunderclap"],"campfire_rested":1,"item_purchase_floors":[10,10,19,19,24],"current_hp_per_floor":[87,87,87,87,87,60,60,52,52,52,55,61,61,61,61,7,88,69,69,62,19,19,45,45,0],"gold":7,"neow_bonus":"TEN_PERCENT_HP_BONUS","is_prod":false,"is_daily":false,"chose_seed":false,"campfire_upgraded":3,"win_rate":0,"timestamp":1545078706,"path_taken":["M","?","?","?","?","E","R","M","T","$","M","E","R","M","R","BOSS","M","$","M","M","?","R","?","E"],"build_version":"2018-12-13","purchased_purges":1,"victory":false,"max_hp_per_floor":[88,88,88,88,88,88,88,88,88,88,88,88,88,88,88,88,88,88,88,88,88,88,88,88,88],"card_choices":[{"not_picked":["True Grit","Infernal Blade"],"picked":"Armaments","floor":1},{"not_picked":["Headbutt","Body Slam"],"picked":"Flex","floor":3},{"not_picked":["Whirlwind","Clothesline"],"picked":"Pummel","floor":6},{"not_picked":["Corruption","Clothesline"],"picked":"Cleave","floor":8},{"not_picked":["Headbutt","Entrench"],"picked":"Seeing Red","floor":11},{"not_picked":["Disarm","True Grit"],"picked":"Exhume","floor":12},{"not_picked":["Searing Blow","True Grit"],"picked":"Havoc","floor":14},{"not_picked":["Demon Form","Brutality"],"picked":"Bludgeon","floor":16},{"not_picked":["Twin Strike","Spot Weakness"],"picked":"Perfected Strike","floor":18},{"not_picked":["Heavy Blade","Clash+1"],"picked":"Pommel Strike+1","floor":20},{"not_picked":["Flex+1","Heavy Blade"],"picked":"Anger","floor":21}],"player_experience":516270,"relics_obtained":[{"floor":6,"key":"Smiling Mask"},{"floor":9,"key":"Anchor"},{"floor":12,"key":"Peace Pipe"},{"floor":17,"key":"Omamori"},{"floor":17,"key":"Pantograph"},{"floor":17,"key":"Old Coin"}],"event_choices":[{"damage_healed":0,"gold_gain":0,"player_choice":"Rummage","damage_taken":0,"relics_obtained":["WarpedTongs"],"max_hp_gain":0,"max_hp_loss":0,"event_name":"Accursed Blacksmith","floor":2,"gold_loss":0,"cards_obtained":["Pain"]},{"cards_removed":["Pain"],"damage_healed":0,"gold_gain":0,"player_choice":"Card Removal","damage_taken":0,"max_hp_gain":0,"max_hp_loss":0,"event_name":"The Cleric","floor":4,"gold_loss":50},{"damage_healed":0,"gold_gain":175,"player_choice":"AGREE","damage_taken":0,"max_hp_gain":0,"max_hp_loss":0,"event_name":"Liars Game","floor":5,"gold_loss":0,"cards_obtained":["Doubt"]},{"damage_healed":0,"gold_gain":0,"player_choice":"3 cards matched","damage_taken":0,"max_hp_gain":0,"max_hp_loss":0,"event_name":"Match and Keep!","floor":22,"gold_loss":0,"cards_obtained":["Enlightenment","Bash","Ghostly Armor"]}],"is_beta":false,"boss_relics":[{"not_picked":["Black Star","Philosopher\u0027s Stone"],"picked":"Calling Bell"}],"items_purged_floors":[19],"is_endless":false,"potions_floor_spawned":[3,6,8],"killed_by":"Slavers","ascension_level":1}