{"gold_per_floor":[111,111,111,129,140,174,184,184,234,234],"floor_reached":10,"playtime":585,"items_purged":[],"score":68,"play_id":"9c706580-12cc-4fef-a798-ce23bdda4248","local_time":"20190707220003","is_ascension_mode":false,"campfire_choices":[{"data":"Coolheaded","floor":8,"key":"SMITH"}],"neow_cost":"NONE","seed_source_timestamp":138184216309699,"circlet_count":0,"master_deck":["Strike_B","Strike_B","Strike_B","Strike_B","Defend_B","Defend_B","Defend_B","Defend_B","Zap","Dualcast+1","Coolheaded+1","Streamline","Compile Driver","Storm+1","Gash"],"relics":["Cracked Core","Frozen Egg 2","PreservedInsect"],"potions_floor_usage":[],"damage_taken":[{"damage":1,"enemies":"Jaw Worm","floor":1,"turns":4},{"damage":4,"enemies":"2 Louse","floor":4,"turns":2},{"damage":1,"enemies":"Cultist","floor":5,"turns":3},{"damage":31,"enemies":"Lagavulin","floor":6,"turns":6},{"damage":28,"enemies":"Gremlin Gang","floor":7,"turns":5},{"damage":32,"enemies":"Large Slime","floor":10,"turns":4}],"seed_played":"7326196498126902280","potions_obtained":[{"floor":3,"key":"EssenceOfSteel"},{"floor":3,"key":"SneckoOil"},{"floor":3,"key":"GamblersBrew"}],"is_trial":false,"path_per_floor":["M","?","?","M","M","E","M","R","T","M"],"character_chosen":"DEFECT","items_purchased":[],"campfire_rested":0,"item_purchase_floors":[],"current_hp_per_floor":[81,81,81,77,76,45,17,17,17,0],"gold":234,"neow_bonus":"TEN_PERCENT_HP_BONUS","is_prod":false,"is_daily":false,"chose_seed":false,"campfire_upgraded":1,"win_rate":0.0,"timestamp":1562529603,"path_taken":["M","?","?","M","M","E","M","R","T","M"],"build_version":"2019-07-05","purchased_purges":0,"victory":false,"max_hp_per_floor":[82,82,82,82,82,82,82,82,82,82],"card_choices":[{"not_picked":["Leap","Go for the Eyes"],"picked":"Coolheaded","floor":1},{"not_picked":["Beam Cell","Sweeping Beam"],"picked":"Streamline","floor":4},{"not_picked":["BootSequence","Stack"],"picked":"Compile Driver","floor":5},{"not_picked":["Static Discharge","Rip and Tear"],"picked":"Storm","floor":6},{"not_picked":["FTL","Coolheaded"],"picked":"Gash","floor":7}],"player_experience":17044,"relics_obtained":[{"floor":6,"key":"Frozen Egg 2"},{"floor":9,"key":"PreservedInsect"}],"event_choices":[{"damage_healed":0,"gold_gain":0,"player_choice":"Grow","damage_taken":0,"max_hp_gain":0,"max_hp_loss":0,"event_name":"Living Wall","floor":2,"gold_loss":0,"cards_upgraded":["Dualcast"]},{"damage_healed":0,"gold_gain":0,"player_choice":"Got Potions","damage_taken":0,"max_hp_gain":0,"max_hp_loss":0,"event_name":"Lab","floor":3,"gold_loss":0}],"is_beta":false,"boss_relics":[],"items_purged_floors":[],"is_endless":false,"potions_floor_spawned":[6,7],"killed_by":"Large Slime","ascension_level":0}