{"gold_per_floor":[113,113,113,131,131,164,177,206,206,206,206,206,131,152,152,278,278,296,316,340,35,54,54],"floor_reached":23,"playtime":2555,"items_purged":["Injury","Strike_R"],"score":246,"play_id":"21c904f1-52da-4023-ace3-f2794a3ec6de","local_time":"20190709191609","is_ascension_mode":true,"campfire_choices":[{"floor":10,"key":"REST"},{"floor":12,"key":"REST"},{"floor":15,"key":"RECALL"}],"neow_cost":"PERCENT_DAMAGE","seed_source_timestamp":5061575686300,"circlet_count":0,"master_deck":["Strike_R+1","Strike_R","Strike_R","Strike_R","Defend_R+1","Defend_R","Defend_R","Defend_R+1","Bash","Feed+1","Infernal Blade","Twin Strike","Brutality","Headbutt","Impervious","Warcry","Warcry","Warcry+1","Bludgeon","Feed+1"],"relics":["Burning Blood","War Paint","Mummified Hand","Happy Flower","Dream Catcher","Golden Idol","Orrery","DollysMirror"],"potions_floor_usage":[7,20],"damage_taken":[{"damage":9,"enemies":"2 Louse","floor":1,"turns":2},{"damage":3,"enemies":"Small Slimes","floor":4,"turns":3},{"damage":32,"enemies":"Lagavulin","floor":6,"turns":6},{"damage":5,"enemies":"Jaw Worm","floor":7,"turns":3},{"damage":22,"enemies":"3 Sentries","floor":8,"turns":7},{"damage":3,"enemies":"Large Slime","floor":14,"turns":4},{"damage":49,"enemies":"The Guardian","floor":16,"turns":11},{"damage":2,"enemies":"Spheric Guardian","floor":18,"turns":4},{"damage":7,"enemies":"3 Byrds","floor":19,"turns":7},{"damage":19,"enemies":"Snecko","floor":20,"turns":6},{"damage":16,"enemies":"Snake Plant","floor":22,"turns":4},{"damage":85,"enemies":"Gremlin Leader","floor":23,"turns":5}],"seed_played":"4883343852949853552","potions_obtained":[{"floor":6,"key":"Regen Potion"},{"floor":7,"key":"GamblersBrew"},{"floor":14,"key":"BloodPotion"},{"floor":18,"key":"FearPotion"}],"is_trial":false,"path_per_floor":["M","?","?","M","?","E","M","E","T","R","?","R","$","M","R","B",null,"M","M","M","$","M","E"],"character_chosen":"IRONCLAD","items_purchased":["DollysMirror"],"campfire_rested":2,"item_purchase_floors":[21],"current_hp_per_floor":[56,39,66,73,66,44,49,33,33,61,61,89,89,96,96,57,103,103,106,93,93,83,0],"gold":54,"neow_bonus":"THREE_RARE_CARDS","is_prod":false,"is_daily":false,"chose_seed":false,"campfire_upgraded":0,"win_rate":0,"timestamp":1562692569,"path_taken":["M","?","?","M","?","E","M","E","T","R","?","R","$","M","R","BOSS","M","M","M","$","M","E"],"build_version":"2019-07-05","purchased_purges":2,"victory":false,"max_hp_per_floor":[83,83,83,87,87,91,95,95,95,95,95,95,95,99,99,103,103,103,107,107,107,107,107],"card_choices":[{"not_picked":["Limit Break","Impervious"],"picked":"Feed","floor":0},{"not_picked":["Pommel Strike","Havoc"],"picked":"Infernal Blade","floor":1},{"not_picked":["Wild Strike","Thunderclap"],"picked":"Twin Strike","floor":4},{"not_picked":["Blood for Blood","Rupture"],"picked":"Brutality","floor":6},{"not_picked":["Warcry","Twin Strike","Wild Strike"],"picked":"SKIP","floor":7},{"not_picked":["Power Through","Fiend Fire","Twin Strike"],"picked":"SKIP","floor":8},{"not_picked":["Clothesline","Uppercut"],"picked":"Headbutt","floor":10},{"not_picked":["Second Wind","Disarm","Armaments"],"picked":"SKIP","floor":14},{"not_picked":["Barricade","Brutality"],"picked":"Impervious","floor":16},{"not_picked":["Sword Boomerang","Clothesline"],"picked":"Warcry","floor":17},{"not_picked":["Flex","Perfected Strike"],"picked":"Warcry","floor":17},{"not_picked":["Carnage","Headbutt"],"picked":"Warcry+1","floor":18},{"not_picked":["Perfected Strike","Warcry","Inflame"],"picked":"SKIP","floor":19},{"not_picked":["Anger","Warcry"],"picked":"Bludgeon","floor":20},{"not_picked":["Heavy Blade","Metallicize","Headbutt+1"],"picked":"SKIP","floor":22}],"player_experience":95260,"relics_obtained":[{"floor":6,"key":"Mummified Hand"},{"floor":8,"key":"Happy Flower"},{"floor":9,"key":"Dream Catcher"}],"event_choices":[{"damage_healed":0,"gold_gain":0,"player_choice":"Entered Light","damage_taken":17,"max_hp_gain":0,"max_hp_loss":0,"event_name":"Shining Light","floor":2,"gold_loss":0,"cards_upgraded":["Feed","Strike_R"]},{"damage_healed":27,"gold_gain":0,"player_choice":"Banana","damage_taken":0,"max_hp_gain":0,"max_hp_loss":0,"event_name":"Big Fish","floor":3,"gold_loss":0},{"damage_healed":0,"gold_gain":0,"player_choice":"Success","damage_taken":7,"relics_obtained":["War Paint"],"max_hp_gain":0,"max_hp_loss":0,"event_name":"Scrap Ooze","floor":5,"gold_loss":0},{"damage_healed":0,"gold_gain":0,"player_choice":"Take Wound","damage_taken":0,"relics_obtained":["Golden Idol"],"max_hp_gain":0,"max_hp_loss":0,"event_name":"Golden Idol","floor":11,"gold_loss":0,"cards_obtained":["Injury"]}],"is_beta":false,"boss_relics":[{"not_picked":["Runic Pyramid","Ectoplasm"],"picked":"Orrery"}],"items_purged_floors":[13,21],"is_endless":false,"potions_floor_spawned":[6,7,14,18],"killed_by":"Gremlin Leader","ascension_level":2}