{"gold_per_floor":[117,117,135,148,148,179,179,199,199,230,230,248,265,265],"floor_reached":14,"playtime":1113,"items_purged":[],"score":102,"play_id":"db146363-bd79-44a8-9a82-d80a4a37fc10","local_time":"20190707191252","is_ascension_mode":false,"campfire_choices":[{"floor":7,"key":"REST"}],"neow_cost":"NONE","seed_source_timestamp":127625185134600,"circlet_count":0,"master_deck":["Strike_R","Strike_R","Strike_R","Strike_R","Strike_R","Defend_R+1","Defend_R+1","Defend_R","Bash","Pummel","Whirlwind","Anger","Demon Form","Heavy Blade","Infernal Blade","Carnage","Heavy Blade"],"relics":["Black Star","Paper Frog","StoneCalendar","Bottled Flame","Bag of Preparation","War Paint","Matryoshka","Self Forming Clay"],"potions_floor_usage":[],"damage_taken":[{"damage":4,"enemies":"2 Louse","floor":1,"turns":3},{"damage":5,"enemies":"Cultist","floor":3,"turns":4},{"damage":6,"enemies":"Jaw Worm","floor":4,"turns":3},{"damage":30,"enemies":"3 Sentries","floor":6,"turns":6},{"damage":25,"enemies":"Gremlin Gang","floor":8,"turns":3},{"damage":26,"enemies":"Gremlin Nob","floor":10,"turns":5},{"damage":2,"enemies":"Looter","floor":12,"turns":3},{"damage":0,"enemies":"Exordium Thugs","floor":13,"turns":3},{"damage":11,"enemies":"2 Fungi Beasts","floor":14,"turns":2}],"seed_played":"2328283223248220215","potions_obtained":[{"floor":1,"key":"LiquidBronze"},{"floor":4,"key":"AttackPotion"},{"floor":10,"key":"SteroidPotion"},{"floor":13,"key":"Fruit Juice"}],"is_trial":false,"path_per_floor":["M","?","M","M","T","E","R","M","T","E","?","M","M","M"],"character_chosen":"IRONCLAD","items_purchased":[],"campfire_rested":1,"item_purchase_floors":[],"current_hp_per_floor":[76,76,71,65,65,35,59,34,34,8,8,6,6,0],"gold":265,"neow_bonus":"BOSS_RELIC","is_prod":false,"is_daily":false,"chose_seed":false,"campfire_upgraded":0,"win_rate":0.0,"timestamp":1562519572,"path_taken":["M","?","M","?","?","E","R","?","T","E","?","M","M","M"],"build_version":"2019-07-05","purchased_purges":0,"victory":false,"max_hp_per_floor":[80,80,80,80,80,80,80,80,80,80,80,80,80,80],"card_choices":[{"not_picked":["Iron Wave","Perfected Strike"],"picked":"Pummel","floor":1},{"not_picked":["Iron Wave","Armaments"],"picked":"Whirlwind","floor":3},{"not_picked":["Iron Wave","Warcry"],"picked":"Anger","floor":4},{"not_picked":["Iron Wave","Flex"],"picked":"Demon Form","floor":6},{"not_picked":["True Grit","Clash"],"picked":"Heavy Blade","floor":8},{"not_picked":["Ghostly Armor","Pommel Strike"],"picked":"Infernal Blade","floor":10},{"not_picked":["Perfected Strike","Second Wind"],"picked":"Carnage","floor":12},{"not_picked":["Shrug It Off","Rampage"],"picked":"Heavy Blade","floor":13}],"player_experience":6763,"relics_obtained":[{"floor":5,"key":"StoneCalendar"},{"floor":6,"key":"Bottled Flame"},{"floor":6,"key":"Bag of Preparation"},{"floor":9,"key":"War Paint"},{"floor":10,"key":"Matryoshka"},{"floor":10,"key":"Self Forming Clay"}],"event_choices":[{"damage_healed":0,"gold_gain":0,"player_choice":"Gave Potion","damage_taken":0,"relics_obtained":["Paper Frog"],"max_hp_gain":0,"max_hp_loss":0,"event_name":"WeMeetAgain","floor":2,"gold_loss":0},{"cards_removed":["Defend_R"],"damage_healed":0,"gold_gain":0,"player_choice":"Offered Basic","damage_taken":0,"max_hp_gain":0,"max_hp_loss":0,"event_name":"Bonfire Elementals","floor":11,"gold_loss":0}],"is_beta":false,"boss_relics":[],"items_purged_floors":[],"is_endless":false,"potions_floor_spawned":[1,4,10,13],"killed_by":"2 Fungi Beasts","ascension_level":0}