{"gold_per_floor":[118,118,118,118,194,229,229,254,254,278,316,391,55,55,55,55],"floor_reached":16,"playtime":674,"items_purged":[],"score":255,"play_id":"42bcd438-f46b-480d-b8ef-c22d14daada9","local_time":"20190709162057","is_ascension_mode":true,"campfire_choices":[{"data":"Bash","floor":7,"key":"SMITH"},{"data":"Armaments","floor":15,"key":"SMITH"}],"neow_cost":"NONE","seed_source_timestamp":414155137191849,"circlet_count":0,"master_deck":["AscendersBane","Strike_R","Strike_R","Strike_R","Strike_R","Strike_R","Defend_R","Defend_R","Defend_R","Defend_R","Bash+1","Disarm","Twin Strike","Clothesline","Perfected Strike","Perfected Strike","Evolve+1","Armaments+1"],"relics":["Burning Blood","NeowsBlessing","Golden Idol","The Courier","Centennial Puzzle","Pear","Omamori","Frozen Egg 2"],"potions_floor_usage":[16],"damage_taken":[{"damage":0,"enemies":"Small Slimes","floor":1,"turns":1},{"damage":0,"enemies":"Lagavulin","floor":6,"turns":1},{"damage":0,"enemies":"2 Louse","floor":8,"turns":1},{"damage":3,"enemies":"Jaw Worm","floor":10,"turns":5},{"damage":45,"enemies":"3 Sentries","floor":11,"turns":9},{"damage":29,"enemies":"Hexaghost","floor":16,"turns":8}],"seed_played":"43623173998782219","potions_obtained":[{"floor":1,"key":"FairyPotion"},{"floor":6,"key":"PowerPotion"},{"floor":10,"key":"Poison Potion"},{"floor":11,"key":"SteroidPotion"}],"is_trial":false,"path_per_floor":["M","?","?","?","T","E","R","M","T","M","E","?","$","?","R","B"],"character_chosen":"IRONCLAD","items_purchased":["Frozen Egg 2","Evolve+1","Armaments"],"campfire_rested":0,"item_purchase_floors":[13,13,13],"current_hp_per_floor":[74,48,53,53,53,59,59,65,75,78,39,28,28,28,28,0],"gold":55,"neow_bonus":"THREE_ENEMY_KILL","is_prod":false,"is_daily":false,"chose_seed":false,"campfire_upgraded":2,"win_rate":0,"timestamp":1562703657,"path_taken":["M","?","?","?","?","E","R","?","T","M","E","?","$","?","R","BOSS"],"build_version":"2019-07-05","purchased_purges":0,"victory":false,"max_hp_per_floor":[75,75,80,80,80,80,80,80,90,90,90,90,90,90,90,90],"card_choices":[{"not_picked":["Feel No Pain","Pommel Strike"],"picked":"Disarm","floor":1},{"not_picked":["Warcry","Pummel"],"picked":"Twin Strike","floor":6},{"not_picked":["Warcry","True Grit"],"picked":"Clothesline","floor":8},{"not_picked":["Shockwave","Havoc"],"picked":"Perfected Strike","floor":10},{"not_picked":["Sword Boomerang","Flex"],"picked":"Perfected Strike","floor":11}],"player_experience":2430411,"relics_obtained":[{"floor":5,"key":"The Courier"},{"floor":6,"key":"Centennial Puzzle"},{"floor":9,"key":"Pear"},{"floor":11,"key":"Omamori"}],"event_choices":[{"damage_healed":0,"gold_gain":0,"player_choice":"Take Damage","damage_taken":26,"relics_obtained":["Golden Idol"],"max_hp_gain":0,"max_hp_loss":0,"event_name":"Golden Idol","floor":2,"gold_loss":0},{"damage_healed":0,"gold_gain":0,"player_choice":"Donut","damage_taken":0,"max_hp_gain":5,"max_hp_loss":0,"event_name":"Big Fish","floor":3,"gold_loss":0},{"damage_healed":0,"gold_gain":0,"player_choice":"Ignored","damage_taken":0,"max_hp_gain":0,"max_hp_loss":0,"event_name":"Liars Game","floor":4,"gold_loss":0},{"damage_healed":0,"gold_gain":75,"player_choice":"Gather Gold","damage_taken":11,"max_hp_gain":0,"max_hp_loss":0,"event_name":"World of Goop","floor":12,"gold_loss":0},{"damage_healed":0,"gold_gain":0,"player_choice":"Got Potions","damage_taken":0,"max_hp_gain":0,"max_hp_loss":0,"event_name":"Lab","floor":14,"gold_loss":0}],"is_beta":false,"boss_relics":[],"items_purged_floors":[],"is_endless":false,"potions_floor_spawned":[1,6,10,11],"killed_by":"Hexaghost","ascension_level":19}