{"gold_per_floor":[115,132,232,244,260,260,290,303,327,327],"floor_reached":10,"playtime":1166,"items_purged":[],"score":70,"play_id":"77df7c2b-dfa9-44aa-a5e7-1f3d27049717","local_time":"20190706224124","is_ascension_mode":false,"campfire_choices":[{"floor":6,"key":"REST"}],"neow_cost":"NONE","seed_source_timestamp":182705995453710,"circlet_count":0,"master_deck":["Strike_B","Strike_B","Strike_B","Strike_B","Defend_B","Defend_B","Defend_B","Defend_B","Zap","Dualcast","Leap","Steam","Sweeping Beam","Doom and Gloom","Buffer","Redo"],"relics":["Cracked Core","Potion Belt","Oddly Smooth Stone"],"potions_floor_usage":[7,7,7],"damage_taken":[{"damage":2,"enemies":"Small Slimes","floor":1,"turns":4},{"damage":0,"enemies":"Cultist","floor":2,"turns":4},{"damage":0,"enemies":"2 Louse","floor":4,"turns":3},{"damage":3,"enemies":"2 Fungi Beasts","floor":5,"turns":4},{"damage":73,"enemies":"Lagavulin","floor":7,"turns":13},{"damage":5,"enemies":"Looter","floor":8,"turns":3},{"damage":10,"enemies":"Large Slime","floor":10,"turns":4}],"seed_played":"7040470165696696120","potions_obtained":[{"floor":1,"key":"SteroidPotion"},{"floor":2,"key":"GamblersBrew"},{"floor":5,"key":"Block Potion"}],"is_trial":false,"path_per_floor":["M","M","?","M","M","R","E","M","T","M"],"character_chosen":"DEFECT","items_purchased":[],"campfire_rested":1,"item_purchase_floors":[],"current_hp_per_floor":[80,80,80,80,77,82,9,4,4,0],"gold":327,"neow_bonus":"TEN_PERCENT_HP_BONUS","is_prod":false,"is_daily":false,"chose_seed":false,"campfire_upgraded":0,"win_rate":0.0,"timestamp":1562488884,"path_taken":["M","M","?","M","M","R","E","M","T","M"],"build_version":"2019-07-05","purchased_purges":0,"victory":false,"max_hp_per_floor":[82,82,82,82,82,82,82,82,82,82],"card_choices":[{"not_picked":["White Noise","Hologram"],"picked":"Leap","floor":1},{"not_picked":["Go for the Eyes","Chill"],"picked":"Steam","floor":2},{"not_picked":["Steam","Coolheaded"],"picked":"Sweeping Beam","floor":4},{"not_picked":["Barrage","Gash"],"picked":"Doom and Gloom","floor":5},{"not_picked":["Blizzard","Conserve Battery"],"picked":"Buffer","floor":7},{"not_picked":["Sweeping Beam","Reprogram"],"picked":"Redo","floor":8}],"player_experience":2531,"relics_obtained":[{"floor":7,"key":"Potion Belt"},{"floor":9,"key":"Oddly Smooth Stone"}],"event_choices":[{"damage_healed":0,"gold_gain":100,"player_choice":"Pray","damage_taken":0,"max_hp_gain":0,"max_hp_loss":0,"event_name":"Golden Shrine","floor":3,"gold_loss":0}],"is_beta":false,"boss_relics":[],"items_purged_floors":[],"is_endless":false,"potions_floor_spawned":[1,2,5],"killed_by":"Large Slime","ascension_level":0}