{"gold_per_floor":[111,111,121,121,121,121,135,168,168,207,230,230,24,38,38,158,158,178,203,203,203,36,71,96,121,121,144,25,25,48,66,66,66],"floor_reached":33,"playtime":1989,"items_purged":[],"score":289,"play_id":"586ac60a-c679-4131-862e-6cdd0f499941","local_time":"20181114173528","is_ascension_mode":true,"campfire_choices":[{"data":"1","floor":6,"key":"LIFT"},{"floor":15,"key":"REST"},{"data":"2","floor":29,"key":"LIFT"},{"floor":32,"key":"REST"}],"neow_cost":"TEN_PERCENT_HP_LOSS","seed_source_timestamp":25537079783773,"circlet_count":0,"master_deck":["Strike_B","Strike_B","Strike_B","Strike_B","Defend_B","Defend_B","Defend_B","Defend_B","Zap+1","Dualcast","Loop","Coolheaded","Injury","Core Surge","Static Discharge","Auto Shields","Buffer","Electrodynamics","Heatsinks+1","White Noise","Metamorphosis","Rainbow","Turbo","Stack","Steam","Conserve Battery","Sweeping Beam","Go for the Eyes","Steam"],"relics":["Cracked Core","Girya","Golden Idol","Sundial","Dead Branch","Question Card","Blood Vial","Anchor","Toolbox","Eternal Feather","MutagenicStrength","Bag of Marbles","Strawberry","Art of War"],"potions_floor_usage":[10,23,27],"damage_taken":[{"damage":1,"enemies":"Jaw Worm","floor":1,"turns":5},{"damage":0,"enemies":"Small Slimes","floor":3,"turns":2},{"damage":0,"enemies":"Cultist","floor":7,"turns":4},{"damage":31,"enemies":"3 Sentries","floor":8,"turns":7},{"damage":19,"enemies":"Lagavulin","floor":10,"turns":6},{"damage":0,"enemies":"2 Fungi Beasts","floor":14,"turns":3},{"damage":17,"enemies":"Hexaghost","floor":16,"turns":8},{"damage":0,"enemies":"Chosen","floor":18,"turns":4},{"damage":0,"enemies":"3 Byrds","floor":19,"turns":3},{"damage":29,"enemies":"Slavers","floor":23,"turns":4},{"damage":38,"enemies":"Shelled Parasite and Fungi","floor":25,"turns":7},{"damage":4,"enemies":"Centurion and Healer","floor":27,"turns":7},{"damage":6,"enemies":"Snecko","floor":30,"turns":5},{"damage":14,"enemies":"Snake Plant","floor":31,"turns":4},{"damage":50,"enemies":"Collector","floor":33,"turns":3}],"seed_played":"-4519301786590567232","potions_obtained":[{"floor":7,"key":"SteroidPotion"},{"floor":16,"key":"PowerPotion"},{"floor":18,"key":"EssenceOfSteel"},{"floor":19,"key":"Swift Potion"},{"floor":27,"key":"SpeedPotion"}],"is_trial":false,"path_per_floor":["M","?","M","?","?","R","M","E","T","E","T","?","$","M","R","B",null,"M","M","?","?","$","E","T","M","T","M","$","R","M","M","R","B"],"character_chosen":"DEFECT","items_purchased":["Toolbox","Metamorphosis","Steam","Conserve Battery","Sweeping Beam"],"campfire_rested":2,"item_purchase_floors":[13,22,28,28,28],"current_hp_per_floor":[67,67,67,67,67,67,67,36,36,17,17,10,10,12,32,17,68,68,68,68,68,68,39,46,10,10,8,8,23,19,7,44,0],"gold":66,"neow_bonus":"ONE_RARE_RELIC","is_prod":false,"is_daily":false,"chose_seed":false,"campfire_upgraded":0,"win_rate":0,"timestamp":1542234928,"path_taken":["M","?","M","?","?","R","?","E","T","E","?","?","$","M","R","BOSS","M","M","?","?","$","E","?","?","T","M","$","R","M","M","R","BOSS"],"build_version":"2018-11-08","purchased_purges":0,"victory":false,"max_hp_per_floor":[68,68,68,68,68,68,68,68,68,68,68,68,68,68,68,68,68,68,68,68,68,68,68,75,75,75,75,75,75,75,75,75,75],"card_choices":[{"not_picked":["Cold Snap","Stack"],"picked":"Loop","floor":1},{"not_picked":["Barrage","Redo"],"picked":"Coolheaded","floor":3},{"not_picked":["Coolheaded","Lockon"],"picked":"Core Surge","floor":7},{"not_picked":["Darkness","Compile Driver"],"picked":"Static Discharge","floor":8},{"not_picked":["Rebound","Barrage"],"picked":"Auto Shields","floor":10},{"not_picked":["Reprogram","Leap","Stack"],"picked":"Buffer","floor":14},{"not_picked":["Hyperbeam","Seek","Amplify"],"picked":"Electrodynamics","floor":16},{"not_picked":["Consume","Steam","Barrage"],"picked":"Heatsinks+1","floor":18},{"not_picked":["Hologram","Heatsinks","Sweeping Beam+1"],"picked":"White Noise","floor":19},{"not_picked":["Coolheaded","Scrape","Stack+1"],"picked":"Rainbow","floor":23},{"not_picked":["Sunder+1","Hello World","Cold Snap"],"picked":"Turbo","floor":25},{"not_picked":["Redo","Fusion","Force Field+1"],"picked":"Stack","floor":27},{"not_picked":["Stack","Leap","All For One"],"picked":"Go for the Eyes","floor":30},{"not_picked":["Ball Lightning","Barrage","Melter"],"picked":"Steam","floor":31}],"player_experience":486461,"relics_obtained":[{"floor":8,"key":"Sundial"},{"floor":9,"key":"Dead Branch"},{"floor":10,"key":"Question Card"},{"floor":11,"key":"Blood Vial"},{"floor":23,"key":"Bag of Marbles"},{"floor":24,"key":"Strawberry"},{"floor":26,"key":"Art of War"}],"event_choices":[{"damage_healed":0,"gold_gain":0,"player_choice":"Grow","damage_taken":0,"max_hp_gain":0,"max_hp_loss":0,"event_name":"Living Wall","floor":2,"gold_loss":0,"cards_upgraded":["Zap"]},{"damage_healed":0,"gold_gain":0,"player_choice":"Leave","damage_taken":0,"max_hp_gain":0,"max_hp_loss":0,"event_name":"The Cleric","floor":4,"gold_loss":0},{"damage_healed":0,"gold_gain":0,"player_choice":"Take Wound","damage_taken":0,"relics_obtained":["Golden Idol"],"max_hp_gain":0,"max_hp_loss":0,"event_name":"Golden Idol","floor":5,"gold_loss":0,"cards_obtained":["Injury"]},{"damage_healed":0,"gold_gain":0,"player_choice":"Success","damage_taken":7,"relics_obtained":["Anchor"],"max_hp_gain":0,"max_hp_loss":0,"event_name":"Scrap Ooze","floor":12,"gold_loss":0},{"damage_healed":0,"gold_gain":0,"player_choice":"Ignored","damage_taken":0,"max_hp_gain":0,"max_hp_loss":0,"event_name":"Ghosts","floor":20,"gold_loss":0},{"damage_healed":0,"gold_gain":0,"player_choice":"Inject Mutagens","damage_taken":0,"relics_obtained":["MutagenicStrength"],"max_hp_gain":0,"max_hp_loss":0,"event_name":"Drug Dealer","floor":21,"gold_loss":0}],"is_beta":false,"boss_relics":[{"not_picked":["Orrery","Pandora\u0027s Box"],"picked":"Eternal Feather"}],"items_purged_floors":[],"is_endless":false,"potions_floor_spawned":[7,16,18,19,27],"killed_by":"Collector","ascension_level":1}