{"gold_per_floor":[114,129,129,7,7,7,22,37,87,87,87,106,9,28,28,153,153,172,172,191,191,210,210,219,219,219,257,276,276,1,20,20,145,145,164,497,497,5,20,20,20,50,50,4,19,19,49,271,271,271],"floor_reached":50,"playtime":2725,"items_purged":[],"score":858,"play_id":"667e6c9a-4a02-40e6-914c-0f389d468c31","local_time":"20180902164523","daily_mods":["Diverse","Terminal","Hoarder"],"is_ascension_mode":false,"campfire_choices":[{"data":"Blind","floor":6,"key":"SMITH"},{"data":"Mind Blast","floor":15,"key":"SMITH"},{"data":"Hello World","floor":23,"key":"SMITH"},{"data":"Mind Blast","floor":25,"key":"SMITH"},{"data":"Creative AI","floor":32,"key":"SMITH"},{"data":"Mind Blast","floor":40,"key":"SMITH"},{"data":"Aggregate","floor":46,"key":"SMITH"},{"data":"Reaper","floor":49,"key":"SMITH"}],"neow_cost":"","seed_source_timestamp":0,"circlet_count":0,"master_deck":["Defend_G+1","Defend_G+1","Defend_G+1","Defend_G+1","Defend_G+1","Strike_G+1","Strike_G+1","Strike_G+1","Strike_G+1","Strike_G+1","Survivor","Neutralize","Dagger Spray","Dagger Spray","Dagger Spray","Chaos","Chaos","Chaos","Blind+1","Blind","Havoc","Havoc","Havoc","Regret","Regret","Blade Dance","Blade Dance","Blade Dance","Conserve Battery","Conserve Battery","Conserve Battery","Injury","Injury","Injury","Secret Technique","Secret Technique","Secret Technique","Spot Weakness","Spot Weakness","Spot Weakness","Mind Blast+1","Mind Blast+1","Mind Blast+1","Cold Snap","Cold Snap","Cold Snap","Tools of the Trade","Tools of the Trade","Tools of the Trade","Hello World","Hello World","Hello World+1","Gash","Gash","Gash","Sweeping Beam","Sweeping Beam","Sweeping Beam","Infernal Blade","Infernal Blade","Infernal Blade","Bouncing Flask","Bouncing Flask","Bouncing Flask","Creative AI","Creative AI","Creative AI+1","Slice","Slice","Slice","Writhe","Writhe","Writhe","Panache","Panache","Panache","Evolve","Evolve","Evolve","Twin Strike+1","Twin Strike+1","Twin Strike+1","Bullet Time","Bullet Time","Bullet Time","Aggregate+1","Aggregate","Aggregate","Seeing Red","Seeing Red","Seeing Red","Anger+1","Anger+1","Anger+1","Melter","Melter","Melter","Dodge and Roll","Dodge and Roll","Dodge and Roll","Outmaneuver+1","Outmaneuver+1","Outmaneuver+1","Inflame","Inflame","Inflame","The Bomb+1","The Bomb+1","The Bomb+1","Stack+1","Stack+1","Stack+1","Cleave+1","Cleave+1","Cleave+1","Reaper","Reaper","Reaper+1","Go for the Eyes","Go for the Eyes","Go for the Eyes","Heel Hook","Heel Hook","Heel Hook","Steam+1","Steam+1","Steam+1"],"special_seed":17776,"relics":["Ring of the Snake","Dodecahedron","Bronze Scales","WristBlade","Red Mask","Ornamental Fan","Shuriken","Thread and Needle","Orrery","Nunchaku","Toxic Egg 2","Snake Skull","Frozen Egg 2","Ancient Tea Set"],"potions_floor_usage":[22,33,33,42,50],"damage_taken":[{"damage":0,"enemies":"Small Slimes","floor":1,"turns":6},{"damage":0,"enemies":"2 Louse","floor":2,"turns":1},{"damage":6,"enemies":"Cultist","floor":7,"turns":5},{"damage":5,"enemies":"Blue Slaver","floor":8,"turns":4},{"damage":6,"enemies":"2 Fungi Beasts","floor":12,"turns":4},{"damage":5,"enemies":"Lots of Slimes","floor":14,"turns":2},{"damage":2,"enemies":"Hexaghost","floor":16,"turns":7},{"damage":1,"enemies":"Shell Parasite","floor":18,"turns":3},{"damage":0,"enemies":"Chosen","floor":20,"turns":3},{"damage":5,"enemies":"Centurion and Healer","floor":22,"turns":4},{"damage":12,"enemies":"Masked Bandits","floor":24,"turns":3},{"damage":21,"enemies":"Book of Stabbing","floor":27,"turns":4},{"damage":0,"enemies":"Snecko","floor":28,"turns":1},{"damage":0,"enemies":"Snake Plant","floor":31,"turns":1},{"damage":0,"enemies":"Collector","floor":33,"turns":7},{"damage":0,"enemies":"Orb Walker","floor":35,"turns":1},{"damage":0,"enemies":"Mind Bloom Boss Battle","floor":37,"turns":1},{"damage":12,"enemies":"3 Shapes","floor":39,"turns":2},{"damage":18,"enemies":"Giant Head","floor":42,"turns":7},{"damage":0,"enemies":"Spire Growth","floor":45,"turns":1},{"damage":0,"enemies":"2 Orb Walkers","floor":47,"turns":1},{"damage":15,"enemies":"Time Eater","floor":50,"turns":3}],"seed_played":"7770520436414535672","potions_obtained":[{"floor":2,"key":"SteroidPotion"},{"floor":14,"key":"Block Potion"},{"floor":18,"key":"Energy Potion"},{"floor":31,"key":"SkillPotion"},{"floor":39,"key":"GhostInAJar"},{"floor":42,"key":"Explosive Potion"}],"is_trial":false,"path_per_floor":["M","M","?","$","?","R","M","M","T","?","?","M","$","M","R","B",null,"M","?","M","?","M","R","?","R","T","E","M","?","$","M","R","B",null,"M","?","?","$","M","R","?","E","T","$","M","R","E","?","R"],"character_chosen":"THE_SILENT","items_purchased":["Blind","Havoc","Mind Blast","Panache","Evolve","Toxic Egg 2","The Bomb+1","Stack+1","Go for the Eyes"],"campfire_rested":0,"item_purchase_floors":[4,4,13,30,30,38,38,38,44],"current_hp_per_floor":[68,67,66,65,64,63,57,52,52,52,52,46,46,41,41,39,52,51,50,49,48,43,43,31,31,31,10,10,10,10,10,10,10,35,34,33,32,31,19,19,19,1,1,1,1,1,1,1,1,0],"gold":271,"neow_bonus":"","is_prod":false,"is_daily":true,"chose_seed":false,"campfire_upgraded":8,"win_rate":0,"timestamp":1535921123,"path_taken":["M","M","?","?","?","R","M","?","T","?","?","M","?","M","R","BOSS","M","?","M","?","?","R","?","R","T","E","M","?","?","M","R","BOSS","M","?","?","?","M","R","?","E","T","$","?","R","E","?","R","BOSS"],"build_version":"2018-08-30","purchased_purges":0,"victory":false,"max_hp_per_floor":[68,67,66,65,64,63,62,61,60,59,58,57,56,55,54,53,52,51,50,49,48,47,46,45,44,43,42,41,40,39,38,37,36,35,34,33,32,31,30,29,28,27,26,25,24,23,22,21,20,20],"card_choices":[{"not_picked":["Rupture","Clash"],"picked":"Dagger Spray","floor":1},{"not_picked":["Sucker Punch","Blade Dance"],"picked":"Chaos","floor":2},{"not_picked":["Backflip","True Grit"],"picked":"Blade Dance","floor":7},{"not_picked":["Underhanded Strike","Ball Lightning"],"picked":"Conserve Battery","floor":8},{"not_picked":["Poisoned Stab","Beam Cell"],"picked":"Spot Weakness","floor":12},{"not_picked":["Bane","Blade Dance"],"picked":"Cold Snap","floor":14},{"not_picked":["Die Die Die","Immolate"],"picked":"Tools of the Trade","floor":16},{"not_picked":["Infinite Blades+1","Iron Wave"],"picked":"Hello World","floor":18},{"not_picked":["Cloak And Dagger","Hologram"],"picked":"Sweeping Beam","floor":20},{"not_picked":["Second Wind","Clothesline+1"],"picked":"Infernal Blade","floor":22},{"not_picked":["Coolheaded","Clothesline"],"picked":"Bouncing Flask","floor":24},{"not_picked":["Body Slam+1","PiercingWail"],"picked":"Creative AI","floor":27},{"not_picked":["Body Slam","Sweeping Beam+1"],"picked":"Slice","floor":28},{"not_picked":["Deadly Poison","Iron Wave"],"picked":"Twin Strike+1","floor":31},{"not_picked":["Venomology","Exhume"],"picked":"Bullet Time","floor":33},{"not_picked":["Choke+1","Deflect"],"picked":"Aggregate","floor":34},{"not_picked":["Leap","Havoc"],"picked":"Seeing Red","floor":34},{"not_picked":["Defragment+1","Undo+1"],"picked":"Anger+1","floor":34},{"not_picked":["Carnage+1","Havoc"],"picked":"Melter","floor":34},{"not_picked":["Skewer","Bane+1"],"picked":"Dodge and Roll","floor":34},{"not_picked":["Battle Trance","Flying Knee+1"],"picked":"Outmaneuver+1","floor":35},{"not_picked":["Deflect","Chill"],"picked":"Inflame","floor":37},{"not_picked":["Pommel Strike","Combust"],"picked":"Cleave+1","floor":39},{"not_picked":["Offering+1","Heavy Blade"],"picked":"Reaper","floor":42},{"not_picked":["Warcry+1","Loop+1"],"picked":"Heel Hook","floor":45},{"not_picked":["Backstab","Quick Slash+1"],"picked":"Steam+1","floor":47}],"player_experience":340555,"relics_obtained":[{"floor":9,"key":"Bronze Scales"},{"floor":24,"key":"Red Mask"},{"floor":26,"key":"Ornamental Fan"},{"floor":27,"key":"Shuriken"},{"floor":37,"key":"Nunchaku"},{"floor":42,"key":"Snake Skull"},{"floor":43,"key":"Frozen Egg 2"},{"floor":47,"key":"Ancient Tea Set"}],"event_choices":[{"event_name":"Golden Wing","player_choice":"Ignored","floor":3,"damage_taken":0},{"event_name":"Big Fish","player_choice":"Box","floor":5,"damage_taken":0},{"event_name":"Golden Idol","player_choice":"Take Wound","floor":10,"damage_taken":0},{"event_name":"Transmorgrifier","player_choice":"Transform","floor":11,"damage_taken":0},{"event_name":"The Library","player_choice":"Read","floor":19,"damage_taken":0},{"event_name":"Back to Basics","player_choice":"Simplicity","floor":21,"damage_taken":0},{"event_name":"Masked Bandits","player_choice":"Fought Bandits","floor":24,"damage_taken":0},{"event_name":"The Mausoleum","player_choice":"Yes","floor":29,"damage_taken":0},{"event_name":"The Moai Head","player_choice":"Gave Idol","floor":36,"damage_taken":0},{"event_name":"MindBloom","player_choice":"Fight","floor":37,"damage_taken":0},{"event_name":"Purifier","player_choice":"One Purge","floor":41,"damage_taken":0},{"event_name":"Tomb of Lord Red Mask","player_choice":"Wore Mask","floor":48,"damage_taken":0}],"is_beta":false,"boss_relics":[{"not_picked":["Cursed Key","Velvet Choker"],"picked":"WristBlade"},{"not_picked":["HoveringKite","Fusion Hammer"],"picked":"Orrery"}],"items_purged_floors":[],"is_endless":false,"potions_floor_spawned":[2,14,18,31,39,42],"killed_by":"Time Eater","ascension_level":0}