{"gold_per_floor":[12,23,40,51,51,62,62,91,117,147,165,196,208,224,224,326,326,341,341,355,355,355,385,110,139,139,539,552,249,339,62,62,62],"floor_reached":33,"playtime":2258,"items_purged":["Defend_R","Defend_R","Defend_R"],"score":390,"play_id":"c58ad3bc-9664-4d7b-ab72-e50b54611a82","local_time":"20190708140803","is_ascension_mode":true,"campfire_choices":[{"data":"Perfected Strike","floor":7,"key":"SMITH"},{"data":"Headbutt","floor":15,"key":"SMITH"},{"floor":32,"key":"REST"}],"neow_cost":"NO_GOLD","seed_source_timestamp":194594483514500,"circlet_count":0,"master_deck":["Strike_R","Strike_R","Strike_R","Strike_R","Strike_R","Defend_R","Bash","Perfected Strike+1","Headbutt","Headbutt+1","Warcry","Offering","Perfected Strike+1","Thinking Ahead"],"relics":["Burning Blood","Bag of Marbles","Centennial Puzzle","PreservedInsect","Blood Vial","Busted Crown","MutagenicStrength","Regal Pillow","DollysMirror","Ancient Tea Set","Strawberry","Old Coin","Letter Opener","Membership Card","Bottled Flame"],"potions_floor_usage":[16,16,33],"damage_taken":[{"damage":4,"enemies":"Small Slimes","floor":1,"turns":4},{"damage":6,"enemies":"Cultist","floor":2,"turns":3},{"damage":1,"enemies":"2 Louse","floor":3,"turns":2},{"damage":32,"enemies":"Large Slime","floor":4,"turns":7},{"damage":9,"enemies":"Blue Slaver","floor":6,"turns":4},{"damage":6,"enemies":"Gremlin Nob","floor":8,"turns":3},{"damage":18,"enemies":"Lagavulin","floor":10,"turns":3},{"damage":1,"enemies":"2 Fungi Beasts","floor":11,"turns":4},{"damage":0,"enemies":"Gremlin Nob","floor":12,"turns":2},{"damage":0,"enemies":"Large Slime","floor":13,"turns":3},{"damage":17,"enemies":"Exordium Thugs","floor":14,"turns":2},{"damage":69,"enemies":"Hexaghost","floor":16,"turns":9},{"damage":15,"enemies":"Shell Parasite","floor":18,"turns":3},{"damage":7,"enemies":"Chosen","floor":20,"turns":3},{"damage":20,"enemies":"Book of Stabbing","floor":23,"turns":3},{"damage":25,"enemies":"Slavers","floor":25,"turns":3},{"damage":13,"enemies":"Colosseum Slavers","floor":27,"turns":3},{"damage":6,"enemies":"Colosseum Nobs","floor":27,"turns":2},{"damage":1,"enemies":"3 Cultists","floor":28,"turns":3},{"damage":139,"enemies":"Automaton","floor":33,"turns":8}],"seed_played":"5942512912653050139","potions_obtained":[{"floor":1,"key":"SpeedPotion"},{"floor":4,"key":"PowerPotion"},{"floor":12,"key":"SteroidPotion"},{"floor":13,"key":"Fire Potion"},{"floor":23,"key":"BloodPotion"},{"floor":25,"key":"PowerPotion"}],"is_trial":false,"path_per_floor":["M","M","M","M","?","M","R","E","T","E","M","E","M","M","R","B",null,"M","?","M","?","?","E","$","E","T","?","M","$","?","$","R","B"],"character_chosen":"IRONCLAD","items_purchased":["DollysMirror","Membership Card","Thinking Ahead","Bottled Flame"],"campfire_rested":1,"item_purchase_floors":[24,29,31,31],"current_hp_per_floor":[96,96,96,70,96,93,93,93,93,81,86,92,96,85,85,24,96,87,68,69,69,101,87,87,70,77,74,81,81,61,61,108,0],"gold":62,"neow_bonus":"TWENTY_PERCENT_HP_BONUS","is_prod":false,"is_daily":false,"chose_seed":false,"campfire_upgraded":2,"win_rate":0,"timestamp":1562587683,"path_taken":["M","M","M","M","?","M","R","E","T","E","M","E","?","M","R","BOSS","M","?","M","?","?","E","$","E","T","?","M","$","?","$","R","BOSS"],"build_version":"2019-07-05","purchased_purges":3,"victory":false,"max_hp_per_floor":[96,96,96,96,96,96,96,96,96,96,96,96,96,96,96,96,96,96,101,101,101,101,101,101,101,108,108,108,108,108,108,108,108],"card_choices":[{"not_picked":["Rampage","Burning Pact","True Grit"],"picked":"SKIP","floor":1},{"not_picked":["Dropkick","True Grit"],"picked":"Perfected Strike","floor":2},{"not_picked":["Corruption","Shockwave","Sword Boomerang"],"picked":"SKIP","floor":3},{"not_picked":["Carnage","Pummel"],"picked":"Headbutt","floor":4},{"not_picked":["Body Slam","Armaments","Clothesline"],"picked":"SKIP","floor":6},{"not_picked":["Flame Barrier","Burning Pact","Hemokinesis"],"picked":"SKIP","floor":8},{"not_picked":["True Grit","Iron Wave","Evolve"],"picked":"SKIP","floor":10},{"not_picked":["Barricade","Seeing Red","Armaments"],"picked":"SKIP","floor":11},{"not_picked":["Uppercut","Clothesline"],"picked":"Headbutt","floor":12},{"not_picked":["Flex","Armaments","Rage"],"picked":"SKIP","floor":13},{"not_picked":["Sever Soul","Battle Trance"],"picked":"Warcry","floor":14},{"not_picked":["Barricade","Juggernaut"],"picked":"Offering","floor":16},{"not_picked":["Sword Boomerang"],"picked":"SKIP","floor":18},{"not_picked":["Sword Boomerang"],"picked":"SKIP","floor":20},{"not_picked":["Twin Strike"],"picked":"SKIP","floor":23},{"not_picked":["Carnage"],"picked":"SKIP","floor":25},{"not_picked":["Feel No Pain"],"picked":"SKIP","floor":28}],"player_experience":38607,"relics_obtained":[{"floor":8,"key":"Bag of Marbles"},{"floor":9,"key":"Centennial Puzzle"},{"floor":10,"key":"PreservedInsect"},{"floor":12,"key":"Blood Vial"},{"floor":23,"key":"Regal Pillow"},{"floor":25,"key":"Ancient Tea Set"},{"floor":26,"key":"Strawberry"},{"floor":27,"key":"Old Coin"},{"floor":27,"key":"Letter Opener"}],"event_choices":[{"damage_healed":26,"gold_gain":0,"player_choice":"Full Heal","damage_taken":0,"max_hp_gain":0,"max_hp_loss":0,"event_name":"Wheel of Change","floor":5,"gold_loss":0},{"damage_healed":0,"gold_gain":0,"player_choice":"Shed Blood","damage_taken":24,"max_hp_gain":5,"max_hp_loss":0,"event_name":"Forgotten Altar","floor":19,"gold_loss":0},{"damage_healed":0,"gold_gain":0,"player_choice":"Inject Mutagens","damage_taken":0,"relics_obtained":["MutagenicStrength"],"max_hp_gain":0,"max_hp_loss":0,"event_name":"Drug Dealer","floor":21,"gold_loss":0},{"damage_healed":33,"gold_gain":0,"player_choice":"Heal","damage_taken":0,"max_hp_gain":0,"max_hp_loss":0,"event_name":"The Library","floor":22,"gold_loss":0},{"damage_healed":0,"gold_gain":0,"player_choice":"Fight","damage_taken":0,"max_hp_gain":0,"max_hp_loss":0,"event_name":"Colosseum","floor":27,"gold_loss":0},{"damage_healed":0,"gold_gain":0,"player_choice":"Fought Nobs","damage_taken":0,"max_hp_gain":0,"max_hp_loss":0,"event_name":"Colosseum","floor":27,"gold_loss":0},{"damage_healed":0,"gold_gain":90,"player_choice":"GOLD ","damage_taken":20,"max_hp_gain":0,"max_hp_loss":0,"event_name":"Knowing Skull","floor":30,"potions_obtained":[],"gold_loss":0,"cards_obtained":[]}],"is_beta":false,"boss_relics":[{"not_picked":["White Beast Statue","Ectoplasm"],"picked":"Busted Crown"}],"items_purged_floors":[24,29,31],"is_endless":false,"potions_floor_spawned":[1,4,12,13,23,25,27],"killed_by":"Automaton","ascension_level":2}