{"gold_per_floor":[117,92,92,104,124,154,167,167,167,132,132,132,81,91,91,193,193,209,309,329,348,348,123,123,133,133,133,147,159,175,195,195,195],"floor_reached":33,"playtime":3194,"items_purged":["Strike_G"],"score":276,"play_id":"a6b19b74-e8f3-437a-86a0-e9f0872d1570","local_time":"20190706012451","is_ascension_mode":false,"campfire_choices":[{"data":"Noxious Fumes","floor":8,"key":"SMITH"},{"data":"Blade Dance","floor":11,"key":"SMITH"},{"data":"Dodge and Roll","floor":15,"key":"SMITH"},{"data":"Blade Dance","floor":24,"key":"SMITH"},{"floor":27,"key":"REST"},{"floor":32,"key":"REST"}],"neow_cost":"NONE","seed_source_timestamp":104084568329220,"circlet_count":0,"master_deck":["Strike_G","Strike_G","Strike_G","Strike_G","Defend_G","Defend_G","Defend_G","Defend_G","Defend_G","Survivor","Neutralize","Dagger Throw","Slice","Noxious Fumes+1","Flying Knee","Blade Dance+1","Dodge and Roll+1","Masterful Stab","Burst","Deflect","Blade Dance+1","Terror","Leg Sweep","Distraction+1","Footwork","Dodge and Roll+1"],"relics":["Ring of the Snake","Question Card","WristBlade","Nloth\u0027s Gift","Oddly Smooth Stone","Snake Skull"],"potions_floor_usage":[21,31,31,31],"damage_taken":[{"damage":0,"enemies":"Jaw Worm","floor":1,"turns":5},{"damage":0,"enemies":"2 Louse","floor":4,"turns":4},{"damage":2,"enemies":"Small Slimes","floor":5,"turns":5},{"damage":28,"enemies":"Lagavulin","floor":6,"turns":9},{"damage":5,"enemies":"Looter","floor":7,"turns":3},{"damage":4,"enemies":"Blue Slaver","floor":14,"turns":3},{"damage":42,"enemies":"Hexaghost","floor":16,"turns":11},{"damage":17,"enemies":"Spheric Guardian","floor":18,"turns":4},{"damage":0,"enemies":"2 Thieves","floor":20,"turns":4},{"damage":9,"enemies":"Centurion and Healer","floor":21,"turns":6},{"damage":31,"enemies":"Snecko","floor":25,"turns":6},{"damage":21,"enemies":"Snake Plant","floor":28,"turns":5},{"damage":7,"enemies":"Shelled Parasite and Fungi","floor":29,"turns":7},{"damage":18,"enemies":"3 Cultists","floor":30,"turns":5},{"damage":27,"enemies":"Cultist and Chosen","floor":31,"turns":13},{"damage":45,"enemies":"Champ","floor":33,"turns":10}],"seed_played":"-9019811449973886941","potions_obtained":[{"floor":4,"key":"Regen Potion"},{"floor":7,"key":"Strength Potion"},{"floor":14,"key":"GhostInAJar"},{"floor":18,"key":"LiquidBronze"},{"floor":21,"key":"Fruit Juice"},{"floor":28,"key":"GamblersBrew"},{"floor":30,"key":"Regen Potion"}],"is_trial":false,"path_per_floor":["M","?","?","M","M","E","M","R","T","?","R","?","$","M","R","B",null,"M","?","M","M","?","$","R","M","T","R","M","M","M","M","R","B"],"character_chosen":"THE_SILENT","items_purchased":["Dodge and Roll","Oddly Smooth Stone"],"campfire_rested":2,"item_purchase_floors":[13,23],"current_hp_per_floor":[77,77,82,82,80,52,47,47,47,67,67,67,67,63,63,21,82,65,65,65,61,61,61,61,30,30,56,35,28,10,13,39,0],"gold":195,"neow_bonus":"TEN_PERCENT_HP_BONUS","is_prod":false,"is_daily":false,"chose_seed":false,"campfire_upgraded":4,"win_rate":0.0,"timestamp":1562412291,"path_taken":["M","?","?","M","M","E","M","R","T","?","R","?","$","?","R","BOSS","M","?","M","?","?","$","R","M","T","R","M","M","M","M","R","BOSS"],"build_version":"2019-07-05","purchased_purges":1,"victory":false,"max_hp_per_floor":[77,77,82,82,82,82,82,82,82,82,82,82,82,82,82,82,82,82,82,82,87,87,87,87,87,87,87,87,87,87,87,87,87],"card_choices":[{"not_picked":["Dagger Spray","Outmaneuver"],"picked":"Dagger Throw","floor":1},{"not_picked":["Envenom","Deflect"],"picked":"Slice","floor":4},{"not_picked":["Endless Agony","Dagger Throw"],"picked":"Noxious Fumes","floor":5},{"not_picked":["Heel Hook","Footwork"],"picked":"Flying Knee","floor":6},{"not_picked":["Caltrops","Dagger Throw","Well Laid Plans"],"picked":"Blade Dance","floor":7},{"not_picked":["Underhanded Strike","PiercingWail","Prepared"],"picked":"Masterful Stab","floor":14},{"not_picked":["Glass Knife","Malaise","After Image"],"picked":"Burst","floor":16},{"not_picked":["Dagger Spray","Caltrops","Tactician"],"picked":"Deflect","floor":18},{"not_picked":["Endless Agony","PiercingWail+1","Deadly Poison","Prepared"],"picked":"SKIP","floor":20},{"not_picked":["Caltrops","Flying Knee","Deadly Poison"],"picked":"Blade Dance","floor":21},{"not_picked":["Deadly Poison+1","Sucker Punch","Unload"],"picked":"Terror","floor":25},{"not_picked":["Dodge and Roll","Phantasmal Killer","Backflip+1"],"picked":"Leg Sweep","floor":28},{"not_picked":["Leg Sweep","Eviscerate","Heel Hook"],"picked":"Distraction+1","floor":29},{"not_picked":["Deadly Poison+1","Underhanded Strike","Sucker Punch+1"],"picked":"Footwork","floor":30},{"not_picked":["Heel Hook","Deadly Poison","PiercingWail+1"],"picked":"Dodge and Roll+1","floor":31}],"player_experience":2211,"relics_obtained":[{"floor":6,"key":"Question Card"},{"floor":9,"key":"Letter Opener"},{"floor":26,"key":"Snake Skull"}],"event_choices":[{"damage_healed":0,"gold_gain":0,"player_choice":"Left Gold","damage_taken":0,"max_hp_gain":0,"max_hp_loss":0,"event_name":"World of Goop","floor":2,"gold_loss":25},{"damage_healed":0,"gold_gain":0,"player_choice":"Donut","damage_taken":0,"max_hp_gain":5,"max_hp_loss":0,"event_name":"Big Fish","floor":3,"gold_loss":0},{"damage_healed":20,"gold_gain":0,"player_choice":"Healed","damage_taken":0,"max_hp_gain":0,"max_hp_loss":0,"event_name":"The Cleric","floor":10,"gold_loss":35},{"damage_healed":0,"gold_gain":0,"player_choice":"Ignored","damage_taken":0,"max_hp_gain":0,"max_hp_loss":0,"event_name":"Liars Game","floor":12,"gold_loss":0},{"damage_healed":0,"gold_gain":100,"player_choice":"Pray","damage_taken":0,"max_hp_gain":0,"max_hp_loss":0,"event_name":"Golden Shrine","floor":19,"gold_loss":0},{"damage_healed":0,"gold_gain":0,"player_choice":"Traded Relic","damage_taken":0,"relics_obtained":["Nloth\u0027s Gift"],"max_hp_gain":0,"max_hp_loss":0,"event_name":"N\u0027loth","floor":22,"relics_lost":["Letter Opener"],"gold_loss":0}],"is_beta":false,"boss_relics":[{"not_picked":["Black Star","Orrery"],"picked":"WristBlade"}],"items_purged_floors":[23],"is_endless":false,"potions_floor_spawned":[4,7,14,18,21,28,30],"killed_by":"Champ","ascension_level":0}