{"gold_per_floor":[112,37,37,37,14,42,42,57,80,114,114,132,149,149,149,250,250,270,282,282,301,301,328,339,53,53,67,67,78,78,104,104,205,205,224,124,144,144,162,162,175,0,26,41,61,73,73,92,92,92,92,92,92,92],"floor_reached":54,"playtime":4731,"items_purged":["Normality","Sever Soul"],"score":776,"play_id":"f15cfa27-3775-4f26-b504-232cf4f83e36","local_time":"20190709143426","is_ascension_mode":true,"campfire_choices":[{"floor":7,"key":"RECALL"},{"data":"Inflame","floor":11,"key":"SMITH"},{"floor":15,"key":"REST"},{"floor":28,"key":"REST"},{"data":"Apotheosis","floor":32,"key":"SMITH"},{"data":"Limit Break","floor":40,"key":"SMITH"},{"floor":49,"key":"REST"},{"data":"Armaments","floor":52,"key":"SMITH"}],"neow_cost":"CURSE","seed_source_timestamp":409117978362016,"circlet_count":0,"master_deck":["Bash","Entrench+1","Iron Wave","Flex","Inflame+1","Pommel Strike","Heavy Blade","Intimidate","Limit Break","Rampage+1","Headbutt","Limit Break+1","Bandage Up","Impervious","Flame Barrier+1","Shrug It Off","Apotheosis+1","Body Slam","Shrug It Off","Iron Wave","Spot Weakness","Feed","Corruption","Feel No Pain","Sword Boomerang","Fire Breathing","Blood for Blood","Power Through","Bloodletting","Fire Breathing+1","Headbutt","Purity","Heavy Blade+1","Body Slam+1","Disarm","Armaments+1"],"relics":["Burning Blood","Ice Cream","Strawberry","Bronze Scales","Regal Pillow","Runic Pyramid","Kunai","Pantograph","Whetstone","Pandora\u0027s Box","Red Mask"],"potions_floor_usage":[19,21,23,33,48,48,50,50],"damage_taken":[{"damage":5,"enemies":"Cultist","floor":1,"turns":4},{"damage":44,"enemies":"Lagavulin","floor":6,"turns":9},{"damage":0,"enemies":"Jaw Worm","floor":8,"turns":4},{"damage":36,"enemies":"3 Sentries","floor":10,"turns":10},{"damage":2,"enemies":"2 Louse","floor":12,"turns":2},{"damage":6,"enemies":"Red Slaver","floor":13,"turns":4},{"damage":32,"enemies":"The Guardian","floor":16,"turns":10},{"damage":8,"enemies":"3 Byrds","floor":18,"turns":3},{"damage":29,"enemies":"2 Thieves","floor":19,"turns":4},{"damage":15,"enemies":"Snake Plant","floor":21,"turns":3},{"damage":37,"enemies":"Book of Stabbing","floor":23,"turns":5},{"damage":21,"enemies":"Centurion and Healer","floor":24,"turns":5},{"damage":10,"enemies":"Chosen and Byrds","floor":27,"turns":6},{"damage":10,"enemies":"Snake Plant","floor":29,"turns":3},{"damage":46,"enemies":"Slavers","floor":31,"turns":6},{"damage":44,"enemies":"Automaton","floor":33,"turns":10},{"damage":36,"enemies":"3 Darklings","floor":35,"turns":6},{"damage":38,"enemies":"3 Shapes","floor":37,"turns":4},{"damage":16,"enemies":"Maw","floor":39,"turns":5},{"damage":19,"enemies":"Spire Growth","floor":41,"turns":4},{"damage":0,"enemies":"Transient","floor":44,"turns":5},{"damage":29,"enemies":"Writhing Mass","floor":45,"turns":6},{"damage":13,"enemies":"3 Darklings","floor":46,"turns":5},{"damage":43,"enemies":"Jaw Worm Horde","floor":48,"turns":6},{"damage":61,"enemies":"Donu and Deca","floor":50,"turns":7},{"damage":133,"enemies":"Shield and Spear","floor":54,"turns":6}],"seed_played":"2313914803529513110","potions_obtained":[{"floor":6,"key":"FearPotion"},{"floor":8,"key":"Energy Potion"},{"floor":16,"key":"Block Potion"},{"floor":18,"key":"Swift Potion"},{"floor":23,"key":"Fire Potion"},{"floor":31,"key":"SteroidPotion"},{"floor":35,"key":"SkillPotion"},{"floor":44,"key":"BloodPotion"},{"floor":46,"key":"SteroidPotion"},{"floor":48,"key":"Explosive Potion"}],"is_trial":false,"path_per_floor":["M","$","?","?","$","E","R","M","T","E","R","M","M","?","R","B",null,"M","M","?","M","?","E","M","$","T","M","R","M","?","E","R","B",null,"M","$","M","?","M","R","M","?","T","M","M","M","?","M","R","B",null,"R","$","E"],"character_chosen":"IRONCLAD","items_purchased":["Iron Wave","Shrug It Off","Apotheosis","Body Slam"],"campfire_rested":3,"item_purchase_floors":[5,25,25,25],"current_hp_per_floor":[80,80,85,85,85,54,54,60,60,30,30,34,34,16,58,32,92,90,67,67,58,58,31,20,20,20,20,62,58,58,22,22,13,92,62,62,34,34,32,32,29,29,29,39,20,19,19,10,55,35,107,107,107,0],"gold":92,"neow_bonus":"ONE_RARE_RELIC","is_prod":false,"is_daily":false,"chose_seed":false,"campfire_upgraded":4,"win_rate":0,"timestamp":1562718866,"path_taken":["M","$","?","?","$","E","R","M","T","E","R","?","M","?","R","BOSS","M","M","?","?","?","E","?","$","T","M","R","M","?","E","R","BOSS","M","$","M","?","M","R","M","?","T","M","?","M","?","M","R","BOSS","R","$","E"],"build_version":"2019-07-05","purchased_purges":2,"victory":false,"max_hp_per_floor":[80,80,85,85,85,92,92,92,92,92,92,92,92,92,92,92,92,92,92,92,92,92,92,92,92,92,92,92,92,92,92,92,92,92,92,92,92,92,96,96,100,100,100,100,100,100,100,103,103,107,107,107,107,107],"card_choices":[{"not_picked":["Body Slam","Searing Blow"],"picked":"Entrench","floor":1},{"not_picked":["Dual Wield","Headbutt"],"picked":"Flex","floor":6},{"not_picked":["Sword Boomerang","Anger"],"picked":"Inflame","floor":8},{"not_picked":["Sever Soul","Intimidate"],"picked":"Pommel Strike","floor":10},{"not_picked":["Sword Boomerang","Power Through"],"picked":"Heavy Blade","floor":12},{"not_picked":["Burning Pact","Pummel"],"picked":"Intimidate","floor":13},{"not_picked":["Bludgeon","Immolate"],"picked":"Limit Break","floor":16},{"not_picked":["Armaments","Perfected Strike"],"picked":"Rampage+1","floor":18},{"not_picked":["Perfected Strike","Iron Wave"],"picked":"Headbutt","floor":19},{"not_picked":["Wild Strike","Anger+1","Twin Strike+1"],"picked":"SKIP","floor":21},{"not_picked":["Heavy Blade","Clash"],"picked":"Impervious","floor":23},{"not_picked":["Dual Wield","Bloodletting"],"picked":"Flame Barrier+1","floor":24},{"not_picked":["Shockwave+1","Dual Wield"],"picked":"Shrug It Off","floor":27},{"not_picked":["Spot Weakness","Reckless Charge+1"],"picked":"Iron Wave","floor":29},{"not_picked":["Flex","True Grit","Spot Weakness"],"picked":"SKIP","floor":31},{"not_picked":["Offering","Double Tap"],"picked":"Feed","floor":33},{"not_picked":["Feel No Pain+1","Headbutt"],"picked":"Fire Breathing+1","floor":35},{"not_picked":["Thunderclap","Heavy Blade"],"picked":"Headbutt","floor":37},{"not_picked":["Deep Breath","Finesse"],"picked":"Purity","floor":38},{"not_picked":["Clothesline","Perfected Strike+1"],"picked":"Heavy Blade+1","floor":39},{"not_picked":["Warcry","True Grit"],"picked":"Body Slam+1","floor":41},{"not_picked":["Clothesline","Flex","Feel No Pain+1"],"picked":"SKIP","floor":44},{"not_picked":["Bloodletting","Second Wind+1"],"picked":"Disarm","floor":45},{"not_picked":["Burning Pact","Anger+1","Cleave"],"picked":"SKIP","floor":46},{"not_picked":["Thunderclap+1","Ghostly Armor+1"],"picked":"Armaments","floor":48}],"player_experience":72797,"relics_obtained":[{"floor":6,"key":"Strawberry"},{"floor":9,"key":"Bronze Scales"},{"floor":10,"key":"Regal Pillow"},{"floor":23,"key":"Kunai"},{"floor":26,"key":"Pantograph"},{"floor":31,"key":"Whetstone"}],"event_choices":[{"damage_healed":0,"gold_gain":0,"player_choice":"Donut","damage_taken":0,"max_hp_gain":5,"max_hp_loss":0,"event_name":"Big Fish","floor":3,"gold_loss":0},{"damage_healed":0,"gold_gain":0,"player_choice":"Forge","damage_taken":0,"max_hp_gain":0,"max_hp_loss":0,"event_name":"Accursed Blacksmith","floor":4,"gold_loss":0,"cards_upgraded":["Entrench"]},{"damage_healed":0,"gold_gain":0,"player_choice":"Entered Light","damage_taken":18,"max_hp_gain":0,"max_hp_loss":0,"event_name":"Shining Light","floor":14,"gold_loss":0,"cards_upgraded":["Strike_R","Defend_R"]},{"damage_healed":0,"gold_gain":0,"player_choice":"Copied","damage_taken":0,"max_hp_gain":0,"max_hp_loss":0,"event_name":"Duplicator","floor":20,"gold_loss":0,"cards_obtained":["Limit Break"]},{"damage_healed":0,"gold_gain":0,"player_choice":"1 cards matched","damage_taken":0,"max_hp_gain":0,"max_hp_loss":0,"event_name":"Match and Keep!","floor":22,"gold_loss":0,"cards_obtained":["Bandage Up"]},{"damage_healed":0,"gold_gain":0,"cards_transformed":["Strike_R","Strike_R"],"player_choice":"Became Test Subject","damage_taken":0,"max_hp_gain":0,"max_hp_loss":0,"event_name":"Drug Dealer","floor":30,"gold_loss":0,"cards_obtained":["Spot Weakness","Sever Soul"]},{"damage_healed":0,"gold_gain":0,"player_choice":"Memory 1","damage_taken":0,"max_hp_gain":0,"max_hp_loss":0,"event_name":"SensoryStone","floor":38,"gold_loss":0},{"damage_healed":0,"gold_gain":0,"player_choice":"Paid","damage_taken":0,"relics_obtained":["Red Mask"],"max_hp_gain":0,"max_hp_loss":0,"event_name":"Tomb of Lord Red Mask","floor":42,"gold_loss":175},{"damage_healed":0,"gold_gain":0,"player_choice":"Ignored","damage_taken":0,"max_hp_gain":0,"max_hp_loss":0,"event_name":"Mysterious Sphere","floor":47,"gold_loss":0}],"is_beta":false,"boss_relics":[{"not_picked":["White Beast Statue","Snecko Eye"],"picked":"Runic Pyramid"},{"not_picked":["Velvet Choker","Astrolabe"],"picked":"Pandora\u0027s Box"}],"items_purged_floors":[2,36],"is_endless":false,"potions_floor_spawned":[6,8,16,18,23,31,35,44,46,48],"killed_by":"Shield and Spear","ascension_level":1}