{"gold_per_floor":[119,34,34,34,53,53,83,83,107,121,121,131,151,162,162,257,257,276,276,292,7,23,23,38,38,38,38,54,54],"floor_reached":29,"playtime":1666,"items_purged":[],"score":263,"play_id":"dd2d9bfd-1093-4497-849d-75f064408f4f","local_time":"20181108152216","is_ascension_mode":true,"campfire_choices":[{"data":"Zap","floor":6,"key":"SMITH"},{"floor":15,"key":"REST"},{"data":"RitualDagger","floor":23,"key":"SMITH"},{"data":"Rainbow","floor":25,"key":"SMITH"},{"data":"Dramatic Entrance","floor":27,"key":"SMITH"}],"neow_cost":"NONE","seed_source_timestamp":764094444099040,"circlet_count":0,"master_deck":["Strike_B","Strike_B","Strike_B+1","Strike_B","Defend_B","Defend_B+1","Defend_B+1","Defend_B","Zap+1","Dualcast+1","Conserve Battery","Dramatic Entrance+1","Scrape","Beam Cell","Streamline","Doom and Gloom","Gash","Rip and Tear","Rainbow+1","Aggregate+1","RitualDagger+1","Storm","Turbo","Turbo","Genetic Algorithm+1","Loop"],"relics":["Cracked Core","FaceOfCleric","War Paint","Centennial Puzzle","Inserter","Meat on the Bone","Emotion Chip"],"potions_floor_usage":[7,16,16,28],"damage_taken":[{"damage":8,"enemies":"Jaw Worm","floor":1,"turns":3},{"damage":0,"enemies":"Small Slimes","floor":5,"turns":2},{"damage":26,"enemies":"Lagavulin","floor":7,"turns":6},{"damage":1,"enemies":"Cultist","floor":10,"turns":3},{"damage":4,"enemies":"Blue Slaver","floor":12,"turns":2},{"damage":14,"enemies":"Large Slime","floor":13,"turns":4},{"damage":0,"enemies":"Exordium Thugs","floor":14,"turns":3},{"damage":39,"enemies":"Hexaghost","floor":16,"turns":5},{"damage":0,"enemies":"Chosen","floor":18,"turns":4},{"damage":13,"enemies":"2 Thieves","floor":20,"turns":3},{"damage":30,"enemies":"Cultist and Chosen","floor":22,"turns":6},{"damage":46,"enemies":"Snake Plant","floor":24,"turns":5},{"damage":19,"enemies":"Snecko","floor":28,"turns":5},{"damage":25,"enemies":"Chosen and Byrds","floor":29,"turns":5}],"seed_played":"5969850352385132806","potions_obtained":[{"floor":5,"key":"PowerPotion"},{"floor":10,"key":"Poison Potion"},{"floor":12,"key":"Strength Potion"},{"floor":18,"key":"Regen Potion"},{"floor":20,"key":"Energy Potion"}],"is_trial":false,"path_per_floor":["M","$","?","?","M","R","E","?","T","M","?","M","M","M","R","B",null,"M","?","M","$","M","R","M","R","T","R","M","M"],"character_chosen":"DEFECT","items_purchased":["Dramatic Entrance","Meat on the Bone","Turbo"],"campfire_rested":1,"item_purchase_floors":[2,21,21],"current_hp_per_floor":[74,74,58,58,59,59,34,55,55,55,55,52,39,40,65,27,86,87,81,69,69,52,52,19,19,19,19,25,0],"gold":54,"neow_bonus":"TEN_PERCENT_HP_BONUS","is_prod":false,"is_daily":false,"chose_seed":false,"campfire_upgraded":4,"win_rate":0,"timestamp":1541708536,"path_taken":["M","$","?","?","?","R","E","?","T","M","?","?","M","M","R","BOSS","M","?","M","$","M","R","M","R","T","R","M","M"],"build_version":"2018-11-01","purchased_purges":0,"victory":false,"max_hp_per_floor":[82,82,82,82,83,83,84,84,84,85,82,83,84,85,85,86,86,87,87,88,88,89,89,90,90,90,90,91,91],"card_choices":[{"not_picked":["Steam","Tempest"],"picked":"Conserve Battery","floor":1},{"not_picked":["Stack","Barrage"],"picked":"Scrape","floor":5},{"not_picked":["Loop","Amplify"],"picked":"Beam Cell","floor":7},{"not_picked":["Recycle","Compile Driver"],"picked":"Streamline","floor":10},{"not_picked":["Darkness","Consume"],"picked":"Doom and Gloom","floor":12},{"not_picked":["Ball Lightning","Redo"],"picked":"Gash","floor":13},{"not_picked":["Ball Lightning","Heatsinks"],"picked":"Rip and Tear","floor":14},{"not_picked":["Fission","Multi-Cast"],"picked":"Rainbow","floor":16},{"not_picked":["Genetic Algorithm","Storm+1"],"picked":"Aggregate+1","floor":18},{"not_picked":["Coolheaded","Redo"],"picked":"Storm","floor":20},{"not_picked":["Coolheaded","Beam Cell"],"picked":"Turbo","floor":22},{"not_picked":["Aggregate","Heatsinks+1"],"picked":"Genetic Algorithm+1","floor":24},{"not_picked":["Doom and Gloom+1","Rip and Tear"],"picked":"Loop","floor":28}],"player_experience":479503,"relics_obtained":[{"floor":7,"key":"War Paint"},{"floor":9,"key":"Centennial Puzzle"},{"floor":26,"key":"Emotion Chip"}],"event_choices":[{"damage_healed":0,"gold_gain":0,"player_choice":"Entered Light","damage_taken":16,"max_hp_gain":0,"max_hp_loss":0,"event_name":"Shining Light","floor":3,"gold_loss":0,"cards_upgraded":["Defend_B","Strike_B"]},{"damage_healed":0,"gold_gain":0,"player_choice":"Trade","damage_taken":0,"relics_obtained":["FaceOfCleric"],"max_hp_gain":0,"max_hp_loss":0,"event_name":"FaceTrader","floor":4,"gold_loss":0},{"damage_healed":21,"gold_gain":0,"player_choice":"Healed and dodged fight","damage_taken":0,"max_hp_gain":0,"max_hp_loss":0,"event_name":"Mushrooms","floor":8,"gold_loss":0,"cards_obtained":["Parasite"]},{"cards_removed":["Parasite"],"damage_healed":0,"gold_gain":0,"player_choice":"Removed Curses","damage_taken":0,"max_hp_gain":0,"max_hp_loss":0,"event_name":"Fountain of Cleansing","floor":11,"gold_loss":0},{"damage_healed":0,"gold_gain":0,"player_choice":"Joined the Cult","damage_taken":6,"max_hp_gain":0,"max_hp_loss":0,"event_name":"Nest","floor":19,"gold_loss":0,"cards_obtained":["RitualDagger"]}],"is_beta":false,"boss_relics":[{"not_picked":["Coffee Dripper","White Beast Statue"],"picked":"Inserter"}],"items_purged_floors":[],"is_endless":false,"potions_floor_spawned":[5,10,12,16,18,20],"killed_by":"Chosen and Byrds","ascension_level":1}