{"gold_per_floor":[119,132,148,148,33,33,43,43,43,63,120,134,165,38,38,136,136,155,155,174,174,174,174,9,22,22,22,22,48,75,75,75,174,174,188,234,234,234,334,334,334],"floor_reached":41,"playtime":2902,"items_purged":[],"score":477,"play_id":"cbbceacc-bd81-47d8-925c-9b3ece8f05be","local_time":"20190329183530","is_ascension_mode":true,"campfire_choices":[{"data":"Hello World","floor":6,"key":"SMITH"},{"data":"Aggregate","floor":8,"key":"SMITH"},{"floor":15,"key":"REST"},{"data":"Creative AI","floor":23,"key":"SMITH"},{"data":"Apotheosis","floor":28,"key":"SMITH"},{"floor":32,"key":"REST"},{"floor":40,"key":"REST"}],"neow_cost":"NONE","seed_source_timestamp":358293735163853,"circlet_count":0,"master_deck":["Strike_B","Strike_B","Strike_B","Defend_B","Defend_B","Defend_B","Defend_B","Zap","Dualcast","Aggregate+1","Leap","Hello World+1","Fusion","Deep Breath","Coolheaded","Beam Cell","Gash","Sweeping Beam","FTL","Electrodynamics","Dark Shackles","Loop","Go for the Eyes","Creative AI+1","Beam Cell","Reboot","Static Discharge","Turbo","BootSequence","White Noise+1","Go for the Eyes","Shame","Apotheosis+1","Streamline","Writhe","Sweeping Beam","Static Discharge","Echo Form","Sunder","Blizzard+1","Mayhem","Jack Of All Trades","Loop+1","Darkness+1"],"relics":["Cracked Core","NeowsBlessing","Shuriken","Dream Catcher","Lantern","Orrery","Enchiridion","Gambling Chip","Mummified Hand","Ornamental Fan","Pocketwatch","Happy Flower","Boot","Philosopher\u0027s Stone","Calipers","StoneCalendar"],"potions_floor_usage":[11,13,33,39],"damage_taken":[{"damage":0,"enemies":"Cultist","floor":1,"turns":1},{"damage":0,"enemies":"Small Slimes","floor":2,"turns":1},{"damage":0,"enemies":"2 Louse","floor":3,"turns":1},{"damage":19,"enemies":"Blue Slaver","floor":7,"turns":3},{"damage":4,"enemies":"Red Slaver","floor":10,"turns":4},{"damage":17,"enemies":"3 Sentries","floor":11,"turns":8},{"damage":0,"enemies":"Large Slime","floor":12,"turns":5},{"damage":16,"enemies":"Gremlin Nob","floor":13,"turns":3},{"damage":36,"enemies":"The Guardian","floor":16,"turns":11},{"damage":23,"enemies":"Spheric Guardian","floor":18,"turns":4},{"damage":0,"enemies":"Shell Parasite","floor":20,"turns":6},{"damage":0,"enemies":"Snake Plant","floor":25,"turns":3},{"damage":0,"enemies":"Gremlin Leader","floor":30,"turns":4},{"damage":2,"enemies":"Champ","floor":33,"turns":7},{"damage":10,"enemies":"3 Shapes","floor":35,"turns":2},{"damage":58,"enemies":"2 Orb Walkers","floor":36,"turns":4},{"damage":0,"enemies":"Mind Bloom Boss Battle","floor":39,"turns":6},{"damage":55,"enemies":"Reptomancer","floor":41,"turns":2}],"seed_played":"1148548271571909461","potions_obtained":[{"floor":1,"key":"SmokeBomb"},{"floor":7,"key":"SkillPotion"},{"floor":12,"key":"AttackPotion"},{"floor":18,"key":"LiquidBronze"},{"floor":35,"key":"Block Potion"}],"is_trial":false,"path_per_floor":["M","M","M","?","$","R","M","R","T","M","?","M","E","$","R","B",null,"M","?","M","?","T","R","$","M","T","?","R","T","E","?","R","B",null,"M","?","?","?","?","R","E"],"character_chosen":"DEFECT","items_purchased":["Deep Breath","Coolheaded","Dark Shackles","Loop","Apotheosis"],"campfire_rested":3,"item_purchase_floors":[5,5,14,14,24],"current_hp_per_floor":[75,75,75,75,75,75,56,56,56,52,35,35,19,19,41,5,75,52,36,36,36,36,36,36,36,36,36,36,36,36,22,46,44,80,70,12,7,7,7,31,0],"gold":334,"neow_bonus":"THREE_ENEMY_KILL","is_prod":false,"is_daily":false,"chose_seed":false,"campfire_upgraded":4,"win_rate":0,"timestamp":1553898930,"path_taken":["M","M","M","?","?","R","M","R","T","M","?","M","E","$","R","BOSS","M","?","M","?","?","R","$","?","T","?","R","?","E","?","R","BOSS","M","?","?","?","?","R","E"],"build_version":"2019-01-23","purchased_purges":0,"victory":false,"max_hp_per_floor":[75,75,75,75,75,75,75,75,75,75,75,75,75,75,75,75,75,75,75,75,75,75,75,75,75,75,75,75,75,75,80,80,80,80,80,80,80,80,80,80,80],"card_choices":[{"not_picked":["Steam Power","Ball Lightning"],"picked":"Aggregate","floor":1},{"not_picked":["Compile Driver","Steam Power"],"picked":"Leap","floor":2},{"not_picked":["Sweeping Beam","Rebound"],"picked":"Hello World","floor":3},{"not_picked":["Chaos","Consume"],"picked":"Beam Cell","floor":7},{"not_picked":["Rebound","Scrape"],"picked":"Gash","floor":10},{"not_picked":["Steam","Leap"],"picked":"Sweeping Beam","floor":11},{"not_picked":["Darkness","Go for the Eyes"],"picked":"FTL","floor":12},{"not_picked":["Reinforced Body","Go for the Eyes"],"picked":"Electrodynamics","floor":13},{"not_picked":["Coolheaded","Double Energy"],"picked":"Go for the Eyes","floor":15},{"not_picked":["Electrodynamics","Fission"],"picked":"Creative AI","floor":16},{"not_picked":["Conserve Battery","Barrage"],"picked":"Beam Cell","floor":17},{"not_picked":["Leap","Blizzard"],"picked":"Reboot","floor":17},{"not_picked":["Glacier","Sweeping Beam"],"picked":"Static Discharge","floor":17},{"not_picked":["Compile Driver","Capacitor"],"picked":"Turbo","floor":17},{"not_picked":["Hello World","Reinforced Body"],"picked":"BootSequence","floor":17},{"not_picked":["Stack","Cold Snap"],"picked":"White Noise+1","floor":18},{"not_picked":["Lockon","Amplify"],"picked":"Go for the Eyes","floor":20},{"not_picked":["Loop+1","Leap"],"picked":"Streamline","floor":25},{"not_picked":["Steam","Barrage"],"picked":"Sweeping Beam","floor":30},{"not_picked":["Redo+1","Coolheaded"],"picked":"Static Discharge","floor":32},{"not_picked":["Machine Learning","Electrodynamics"],"picked":"Echo Form","floor":33},{"not_picked":["Ball Lightning","Hologram+1"],"picked":"Sunder","floor":35},{"not_picked":["Genetic Algorithm+1","Turbo+1"],"picked":"Blizzard+1","floor":36},{"not_picked":["Secret Weapon","Panacea"],"picked":"Mayhem","floor":37},{"not_picked":["Panacea","Dark Shackles"],"picked":"Jack Of All Trades","floor":37},{"not_picked":["Sweeping Beam+1","Hologram"],"picked":"Loop+1","floor":39},{"not_picked":["Conserve Battery+1","Sunder+1"],"picked":"Darkness+1","floor":40}],"player_experience":591553,"relics_obtained":[{"floor":9,"key":"Shuriken"},{"floor":11,"key":"Dream Catcher"},{"floor":13,"key":"Lantern"},{"floor":19,"key":"Enchiridion"},{"floor":22,"key":"Mummified Hand"},{"floor":26,"key":"Ornamental Fan"},{"floor":29,"key":"Happy Flower"},{"floor":30,"key":"Boot"},{"floor":36,"key":"Calipers"},{"floor":39,"key":"StoneCalendar"}],"event_choices":[{"damage_healed":0,"gold_gain":0,"cards_transformed":["Strike_B"],"player_choice":"Transformed","damage_taken":0,"max_hp_gain":0,"max_hp_loss":0,"event_name":"Transmorgrifier","floor":4,"gold_loss":0,"cards_obtained":["Fusion"]},{"damage_healed":0,"gold_gain":30,"player_choice":"Searched \u00272\u0027 times","damage_taken":0,"max_hp_gain":0,"max_hp_loss":0,"event_name":"Dead Adventurer","floor":11,"gold_loss":0},{"damage_healed":0,"gold_gain":0,"player_choice":"Obtained Book","damage_taken":16,"max_hp_gain":0,"max_hp_loss":0,"event_name":"Cursed Tome","floor":19,"gold_loss":0},{"damage_healed":0,"gold_gain":0,"player_choice":"Stole Relic","damage_taken":0,"relics_obtained":["Gambling Chip"],"max_hp_gain":0,"max_hp_loss":0,"event_name":"Addict","floor":21,"gold_loss":0,"cards_obtained":["Shame"]},{"damage_healed":0,"gold_gain":0,"player_choice":"Opened","damage_taken":0,"relics_obtained":["Pocketwatch"],"max_hp_gain":0,"max_hp_loss":0,"event_name":"The Mausoleum","floor":27,"gold_loss":0,"cards_obtained":["Writhe"]},{"damage_healed":0,"gold_gain":0,"player_choice":"Shed Blood","damage_taken":19,"max_hp_gain":5,"max_hp_loss":0,"event_name":"Forgotten Altar","floor":31,"gold_loss":0},{"damage_healed":0,"gold_gain":0,"player_choice":"Fight","damage_taken":0,"max_hp_gain":0,"max_hp_loss":0,"event_name":"Mysterious Sphere","floor":36,"gold_loss":0},{"damage_healed":0,"gold_gain":0,"player_choice":"Memory 2","damage_taken":5,"max_hp_gain":0,"max_hp_loss":0,"event_name":"SensoryStone","floor":37,"gold_loss":0},{"damage_healed":0,"gold_gain":0,"player_choice":"Ignored","damage_taken":0,"max_hp_gain":0,"max_hp_loss":0,"event_name":"Tomb of Lord Red Mask","floor":38,"gold_loss":0},{"damage_healed":0,"gold_gain":0,"player_choice":"Fight","damage_taken":0,"max_hp_gain":0,"max_hp_loss":0,"event_name":"MindBloom","floor":39,"gold_loss":0}],"is_beta":false,"boss_relics":[{"not_picked":["Empty Cage","Runic Dome"],"picked":"Orrery"},{"not_picked":["Snecko Eye","Astrolabe"],"picked":"Philosopher\u0027s Stone"}],"items_purged_floors":[],"is_endless":false,"potions_floor_spawned":[1,7,12,18,35],"killed_by":"Reptomancer","ascension_level":1}