{"gold_per_floor":[119,119,139,159,172,172,233,233,259,259,273,273,284,304,304,304],"floor_reached":16,"playtime":445,"items_purged":[],"score":203,"play_id":"c3bec2a0-1433-48a7-8627-458e666d69d8","local_time":"20190523222201","is_ascension_mode":true,"campfire_choices":[{"data":"Zap","floor":6,"key":"SMITH"},{"data":"Loop","floor":8,"key":"SMITH"},{"data":"Loop","floor":10,"key":"SMITH"},{"floor":15,"key":"REST"}],"neow_cost":"NONE","seed_source_timestamp":127367179143488,"circlet_count":0,"master_deck":["AscendersBane","Strike_B","Strike_B","Defend_B","Defend_B","Defend_B","Defend_B","Zap+1","Dualcast","Loop+1","Ball Lightning","Steam","Loop+1","Compile Driver","Undo","Chaos","Force Field"],"relics":["Cracked Core","NeowsBlessing","Tiny Chest","Oddly Smooth Stone"],"potions_floor_usage":[11,16,16],"damage_taken":[{"damage":0,"enemies":"Jaw Worm","floor":1,"turns":1},{"damage":0,"enemies":"Cultist","floor":3,"turns":1},{"damage":0,"enemies":"Small Slimes","floor":4,"turns":1},{"damage":10,"enemies":"Exordium Thugs","floor":5,"turns":4},{"damage":25,"enemies":"Lagavulin","floor":7,"turns":7},{"damage":0,"enemies":"Exordium Wildlife","floor":11,"turns":3},{"damage":12,"enemies":"Lots of Slimes","floor":13,"turns":3},{"damage":0,"enemies":"Large Slime","floor":14,"turns":4},{"damage":38,"enemies":"Slime Boss","floor":16,"turns":3}],"seed_played":"-4694259077663318893","potions_obtained":[{"floor":4,"key":"SkillPotion"},{"floor":5,"key":"Swift Potion"},{"floor":13,"key":"Dexterity Potion"}],"is_trial":false,"path_per_floor":["M","?","M","M","M","R","E","R","T","R","M","?","M","M","R","B"],"character_chosen":"DEFECT","items_purchased":[],"campfire_rested":1,"item_purchase_floors":[],"current_hp_per_floor":[64,64,64,64,54,54,29,29,29,29,29,29,17,17,38,0],"gold":304,"neow_bonus":"THREE_ENEMY_KILL","is_prod":false,"is_daily":false,"chose_seed":false,"campfire_upgraded":3,"win_rate":0,"timestamp":1558675321,"path_taken":["M","?","?","M","M","R","E","R","T","R","M","?","M","M","R","BOSS"],"build_version":"2019-01-23","purchased_purges":0,"victory":false,"max_hp_per_floor":[71,71,71,71,71,71,71,71,71,71,71,71,71,71,71,71],"card_choices":[{"not_picked":["Sweeping Beam","Steam"],"picked":"Loop","floor":1},{"not_picked":["Go for the Eyes","Darkness"],"picked":"Ball Lightning","floor":3},{"not_picked":["Skim","Turbo"],"picked":"Steam","floor":4},{"not_picked":["Go for the Eyes","Heatsinks"],"picked":"Loop","floor":5},{"not_picked":["Reinforced Body","Streamline"],"picked":"Compile Driver","floor":7},{"not_picked":["Hello World","Redo"],"picked":"Undo","floor":11},{"not_picked":["Hologram","Beam Cell"],"picked":"Chaos","floor":13},{"not_picked":["Gash","Barrage"],"picked":"Force Field","floor":14}],"player_experience":756513,"relics_obtained":[{"floor":7,"key":"Tiny Chest"},{"floor":9,"key":"Oddly Smooth Stone"}],"event_choices":[{"cards_removed":["Strike_B"],"damage_healed":0,"gold_gain":0,"player_choice":"Purged","damage_taken":0,"max_hp_gain":0,"max_hp_loss":0,"event_name":"Purifier","floor":2,"gold_loss":0},{"cards_removed":["Strike_B"],"damage_healed":0,"gold_gain":0,"player_choice":"Offered Basic","damage_taken":0,"max_hp_gain":0,"max_hp_loss":0,"event_name":"Bonfire Elementals","floor":12,"gold_loss":0}],"is_beta":false,"boss_relics":[],"items_purged_floors":[],"is_endless":false,"potions_floor_spawned":[4,5,13],"killed_by":"Slime Boss","ascension_level":19}