{"gold_per_floor":[114,129,304,319,334,364,364,379,379,23,23,23,38,53,53,173,173,188,203,218,5,5,35,35,8,33,45,57,84,111,138,150,262,274,301,413,440,795,822,834,861,873,910,23,53,68,68,83,83,83],"floor_reached":51,"playtime":3285,"items_purged":[],"score":878,"play_id":"ff346416-e3b5-4eb9-af6d-c5217701c74a","local_time":"20181103171230","daily_mods":["Cursed Run","Uncertain Future","Terminal"],"is_ascension_mode":false,"campfire_choices":[{"data":"Neutralize","floor":7,"key":"SMITH"},{"data":"Dramatic Entrance","floor":12,"key":"SMITH"},{"data":"Predator","floor":15,"key":"SMITH"},{"data":"After Image","floor":24,"key":"SMITH"},{"data":"Prepared","floor":27,"key":"SMITH"},{"data":"A Thousand Cuts","floor":32,"key":"SMITH"},{"floor":40,"key":"DIG"},{"floor":47,"key":"DIG"},{"floor":49,"key":"DIG"}],"neow_cost":"","seed_source_timestamp":0,"circlet_count":0,"master_deck":["Survivor","Neutralize+1","Distraction","Crippling Poison","Doubt","Tactician","Dagger Throw","Dash","Deflect","Clumsy","Dramatic Entrance+1","Poisoned Stab","Blade Dance","Dagger Throw","Predator+1","Neutralize","Dodge and Roll","Acrobatics","Decay","After Image+1","Accuracy","Prepared+1","Deadly Poison","A Thousand Cuts+1","Dagger Spray","Underhanded Strike","Riddle With Holes+1","Backflip","Injury","Terror+1","Backstab","All Out Attack","Pain","Envenom","Calculated Gamble","Reflex","Slice","Underhanded Strike","Deadly Poison","Underhanded Strike","Footwork","Blade Dance","Eviscerate","Acrobatics","Prepared+1","Slice","Slice+1","Infinite Blades+1","Backstab","Quick Slash+1","Blur","Writhe","Parasite","Dramatic Entrance+1","Noxious Fumes","Thinking Ahead","Dagger Spray","Slice","Bane+1","Heel Hook","Prepared+1","Tools of the Trade","Regret"],"special_seed":17838,"relics":["Cursed Key","Darkstone Periapt","Du-Vu Doll","Strawberry","Bird Faced Urn","Toolbox","Lizard Tail","Tingsha","MawBank","Pandora\u0027s Box","Shovel","Old Coin","Prayer Wheel","Bag of Preparation","DollysMirror","Singing Bowl","Juzu Bracelet","Bronze Scales","Toxic Egg 2","Unceasing Top"],"potions_floor_usage":[6,16,19,33,33,38,50,50,50],"damage_taken":[{"damage":0,"enemies":"2 Louse","floor":1,"turns":3},{"damage":0,"enemies":"Jaw Worm","floor":2,"turns":5},{"damage":0,"enemies":"Cultist","floor":4,"turns":3},{"damage":0,"enemies":"Red Slaver","floor":5,"turns":4},{"damage":22,"enemies":"Gremlin Nob","floor":6,"turns":4},{"damage":0,"enemies":"Exordium Wildlife","floor":8,"turns":5},{"damage":0,"enemies":"Large Slime","floor":13,"turns":3},{"damage":0,"enemies":"3 Louse","floor":14,"turns":2},{"damage":17,"enemies":"Slime Boss","floor":16,"turns":8},{"damage":0,"enemies":"Shell Parasite","floor":18,"turns":4},{"damage":7,"enemies":"Spheric Guardian","floor":19,"turns":5},{"damage":7,"enemies":"Snecko","floor":20,"turns":6},{"damage":24,"enemies":"Book of Stabbing","floor":23,"turns":6},{"damage":0,"enemies":"Snake Plant","floor":29,"turns":4},{"damage":8,"enemies":"Sentry and Sphere","floor":30,"turns":4},{"damage":0,"enemies":"Cultist and Chosen","floor":31,"turns":6},{"damage":17,"enemies":"Collector","floor":33,"turns":7},{"damage":1,"enemies":"Orb Walker","floor":35,"turns":3},{"damage":13,"enemies":"Mind Bloom Boss Battle","floor":36,"turns":5},{"damage":10,"enemies":"3 Shapes","floor":37,"turns":3},{"damage":10,"enemies":"2 Orb Walkers","floor":38,"turns":2},{"damage":1,"enemies":"Spire Growth","floor":39,"turns":3},{"damage":6,"enemies":"3 Darklings","floor":41,"turns":3},{"damage":13,"enemies":"Reptomancer","floor":45,"turns":3},{"damage":0,"enemies":"Jaw Worm Horde","floor":46,"turns":1},{"damage":20,"enemies":"Writhing Mass","floor":48,"turns":3},{"damage":84,"enemies":"Awakened One","floor":50,"turns":8}],"seed_played":"-2706670259643309342","potions_obtained":[{"floor":4,"key":"Strength Potion"},{"floor":8,"key":"Weak Potion"},{"floor":14,"key":"Energy Potion"},{"floor":19,"key":"Dexterity Potion"},{"floor":30,"key":"AttackPotion"},{"floor":31,"key":"Explosive Potion"},{"floor":36,"key":"Dexterity Potion"},{"floor":37,"key":"Swift Potion"},{"floor":45,"key":"SteroidPotion"},{"floor":48,"key":"Block Potion"}],"is_trial":false,"path_per_floor":["M","M","?","M","M","E","R","M","T","$","?","R","M","M","R","B",null,"M","M","M","$","?","E","R","$","T","R","$","M","M","M","R","B",null,"M","?","M","?","M","R","M","?","T","$","E","M","R","M","R","B",null],"character_chosen":"THE_SILENT","items_purchased":["Toolbox","Dramatic Entrance","Poisoned Stab","Blade Dance","A Thousand Cuts","Dagger Spray","Underhanded Strike","Backflip","DollysMirror","Singing Bowl","Juzu Bracelet","Noxious Fumes","Thinking Ahead","Dagger Spray"],"campfire_rested":0,"item_purchase_floors":[10,10,10,10,21,21,21,25,44,44,44,44,44,44],"current_hp_per_floor":[68,67,72,71,70,55,55,55,61,61,61,61,61,61,61,50,77,76,71,68,68,68,48,48,48,54,54,54,56,52,58,58,53,72,71,60,56,50,55,55,55,70,75,74,61,65,65,55,55,30],"gold":83,"neow_bonus":"","is_prod":false,"is_daily":true,"chose_seed":false,"campfire_upgraded":6,"win_rate":0,"timestamp":1541279550,"path_taken":["M","M","?","M","M","E","R","M","T","$","?","R","M","?","R","BOSS","M","M","M","?","?","E","R","$","T","R","?","M","M","M","R","BOSS","M","?","M","?","M","R","M","?","T","$","E","M","R","M","R","BOSS"],"build_version":"2018-11-01","purchased_purges":0,"victory":true,"max_hp_per_floor":[68,67,72,71,70,76,75,74,79,78,77,76,75,74,73,78,77,76,75,74,73,72,71,70,69,74,73,72,71,70,69,68,73,72,71,70,69,68,67,66,65,70,75,74,73,72,71,70,69,74],"card_choices":[{"not_picked":["Bane","Eviscerate"],"picked":"Distraction","floor":1},{"not_picked":["Poisoned Stab","Quick Slash"],"picked":"Crippling Poison","floor":2},{"not_picked":["Reflex","Cloak And Dagger"],"picked":"Tactician","floor":4},{"not_picked":["Cloak And Dagger","Flying Knee"],"picked":"Dagger Throw","floor":5},{"not_picked":["Distraction","Blade Dance"],"picked":"Dash","floor":6},{"not_picked":["Outmaneuver","Tools of the Trade"],"picked":"Deflect","floor":8},{"not_picked":["Escape Plan","Cloak And Dagger"],"picked":"Dodge and Roll","floor":13},{"not_picked":["Finisher","Slice"],"picked":"Acrobatics","floor":14},{"not_picked":["Doppelganger","Phantasmal Killer"],"picked":"After Image","floor":16},{"not_picked":["Dagger Spray","Skewer+1"],"picked":"Accuracy","floor":18},{"not_picked":["Outmaneuver","Flying Knee+1"],"picked":"Prepared","floor":19},{"not_picked":["Dodge and Roll","Blade Dance"],"picked":"Deadly Poison","floor":20},{"not_picked":["Choke","PiercingWail+1"],"picked":"Riddle With Holes+1","floor":23},{"not_picked":["Dodge and Roll+1","Predator"],"picked":"Terror+1","floor":29},{"not_picked":["Slice","Well Laid Plans"],"picked":"Backstab","floor":30},{"not_picked":["Grand Finale","Poisoned Stab+1"],"picked":"All Out Attack","floor":31},{"not_picked":["A Thousand Cuts","Tools of the Trade"],"picked":"Envenom","floor":33},{"not_picked":["Footwork","Setup"],"picked":"Prepared+1","floor":35},{"not_picked":["Cloak And Dagger+1","Flying Knee"],"picked":"Slice","floor":36},{"not_picked":["Well Laid Plans","Tactician"],"picked":"Slice+1","floor":37},{"not_picked":["Bane","Slice+1"],"picked":"Infinite Blades+1","floor":38},{"not_picked":["Dodge and Roll","Sucker Punch"],"picked":"Backstab","floor":39},{"not_picked":["Infinite Blades+1","Footwork"],"picked":"Quick Slash+1","floor":41},{"not_picked":["Night Terror","Flechettes"],"picked":"Blur","floor":41},{"not_picked":["Calculated Gamble+1","Backstab"],"picked":"Slice","floor":45},{"not_picked":["Dagger Spray","Dodge and Roll"],"picked":"Bane+1","floor":46},{"not_picked":["Deadly Poison","Finisher"],"picked":"Heel Hook","floor":46},{"not_picked":["Predator","Flechettes"],"picked":"Prepared+1","floor":48},{"not_picked":["Prepared+1","Well Laid Plans+1"],"picked":"Tools of the Trade","floor":48}],"player_experience":475795,"relics_obtained":[{"floor":6,"key":"Strawberry"},{"floor":9,"key":"Bird Faced Urn"},{"floor":23,"key":"Tingsha"},{"floor":26,"key":"MawBank"},{"floor":36,"key":"Shovel"},{"floor":38,"key":"Old Coin"},{"floor":40,"key":"Prayer Wheel"},{"floor":43,"key":"Bag of Preparation"},{"floor":45,"key":"Bronze Scales"},{"floor":47,"key":"Toxic Egg 2"},{"floor":49,"key":"Unceasing Top"}],"event_choices":[{"damage_healed":0,"gold_gain":175,"player_choice":"AGREE","damage_taken":0,"max_hp_gain":0,"max_hp_loss":0,"event_name":"Liars Game","floor":3,"gold_loss":0,"cards_obtained":["Doubt"]},{"damage_healed":0,"gold_gain":0,"player_choice":"3 cards matched","damage_taken":0,"max_hp_gain":0,"max_hp_loss":0,"event_name":"Match and Keep!","floor":11,"gold_loss":0,"cards_obtained":["Dagger Throw","Predator","Neutralize"]},{"damage_healed":0,"gold_gain":0,"player_choice":"Ignored","damage_taken":0,"max_hp_gain":0,"max_hp_loss":0,"event_name":"Beggar","floor":22,"gold_loss":0},{"damage_healed":0,"gold_gain":0,"player_choice":"Fight","damage_taken":0,"max_hp_gain":0,"max_hp_loss":0,"event_name":"MindBloom","floor":36,"gold_loss":0},{"damage_healed":0,"gold_gain":0,"player_choice":"Fight","damage_taken":0,"max_hp_gain":0,"max_hp_loss":0,"event_name":"Mysterious Sphere","floor":38,"gold_loss":0},{"damage_healed":16,"gold_gain":0,"player_choice":"Writhe","damage_taken":0,"max_hp_gain":0,"max_hp_loss":0,"event_name":"Winding Halls","floor":42,"gold_loss":0,"cards_obtained":["Writhe"]}],"is_beta":false,"boss_relics":[{"not_picked":["Philosopher\u0027s Stone","Sozu"],"picked":"Lizard Tail"},{"not_picked":["White Beast Statue","Velvet Choker"],"picked":"Pandora\u0027s Box"}],"items_purged_floors":[],"is_endless":false,"potions_floor_spawned":[4,8,14,19,30,31,36,37,45,48],"ascension_level":0}