{"gold_per_floor":[114,189,9,24,80,80,80,80,80,26,26,56,6,21,21,121,171,186,186,186,286,286],"floor_reached":22,"playtime":1384,"items_purged":[],"score":203,"play_id":"f94dd668-77a8-4f6e-9999-5705626599b0","local_time":"20180917160218","daily_mods":["Specialized","Lethality","Terminal"],"is_ascension_mode":false,"campfire_choices":[{"data":"Zap","floor":6,"key":"SMITH"},{"data":"Dualcast","floor":11,"key":"SMITH"},{"data":"Turbo","floor":15,"key":"SMITH"}],"neow_cost":"","seed_source_timestamp":0,"circlet_count":0,"master_deck":["Strike_B","Strike_B","Strike_B","Strike_B","Defend_B","Defend_B","Defend_B","Defend_B","Zap+1","Dualcast+1","All For One","All For One","All For One","All For One","All For One","Steam","Dramatic Entrance","Loop+1","Gash","Regret","Coolheaded","Turbo+1","Leap","Buffer","BootSequence","Capacitor+1","Ball Lightning"],"special_seed":17791,"relics":["Cracked Core","Cables","Happy Flower","WarpedTongs","Gambling Chip","Ice Cream","Tiny House","FossilizedHelix","Du-Vu Doll","Dodecahedron"],"potions_floor_usage":[21,21],"damage_taken":[{"damage":0,"enemies":"Cultist","floor":1,"turns":3},{"damage":0,"enemies":"2 Louse","floor":4,"turns":2},{"damage":11,"enemies":"Gremlin Nob","floor":12,"turns":3},{"damage":3,"enemies":"Small Slimes","floor":14,"turns":2},{"damage":26,"enemies":"Hexaghost","floor":16,"turns":4},{"damage":11,"enemies":"2 Thieves","floor":18,"turns":4},{"damage":0,"enemies":"Colosseum Slavers","floor":21,"turns":2},{"damage":37,"enemies":"Colosseum Nobs","floor":21,"turns":4},{"damage":5,"enemies":"3 Byrds","floor":22,"turns":2}],"seed_played":"2472854970281595153","potions_obtained":[{"floor":4,"key":"Block Potion"},{"floor":12,"key":"SteroidPotion"},{"floor":17,"key":"GamblersBrew"},{"floor":18,"key":"AttackPotion"}],"is_trial":false,"path_per_floor":["M","T","$","M","?","R","?","?","T","$","R","E","?","M","R","B",null,"M","?","?","?"],"character_chosen":"DEFECT","items_purchased":["Dramatic Entrance","Loop","Coolheaded"],"campfire_rested":0,"item_purchase_floors":[3,3,10],"current_hp_per_floor":[73,72,71,70,69,68,67,66,65,64,63,52,52,49,49,23,62,51,51,41,4,0],"gold":286,"neow_bonus":"","is_prod":false,"is_daily":true,"chose_seed":false,"campfire_upgraded":3,"win_rate":0,"timestamp":1537214538,"path_taken":["M","?","$","M","?","R","?","?","T","$","R","E","?","?","R","BOSS","M","?","?","?","?"],"build_version":"2018-09-06","purchased_purges":0,"victory":false,"max_hp_per_floor":[73,72,71,70,69,68,67,66,65,64,63,62,61,60,59,58,62,61,60,64,63,63],"card_choices":[{"not_picked":["Leap","Undo"],"picked":"Steam","floor":1},{"not_picked":["Chaos","Hello World"],"picked":"Gash","floor":4},{"not_picked":["Double Energy","Leap"],"picked":"Turbo","floor":12},{"not_picked":["Defragment","Reinforced Body"],"picked":"Leap","floor":14},{"not_picked":["Seek","Thunder Strike"],"picked":"Buffer","floor":16},{"not_picked":["Chaos","Stack"],"picked":"BootSequence","floor":17},{"not_picked":["Stack","Recycle"],"picked":"Capacitor+1","floor":18},{"not_picked":["Rebound","Redo"],"picked":"Ball Lightning","floor":21}],"player_experience":359962,"relics_obtained":[{"floor":2,"key":"Cables"},{"floor":9,"key":"Gambling Chip"},{"floor":12,"key":"Ice Cream"},{"floor":21,"key":"Du-Vu Doll"},{"floor":21,"key":"Dodecahedron"}],"event_choices":[{"event_name":"Golden Wing","player_choice":"Gained Gold","floor":5,"damage_taken":0},{"event_name":"Big Fish","player_choice":"Box","floor":7,"damage_taken":0},{"event_name":"Accursed Blacksmith","player_choice":"Rummage","floor":8,"damage_taken":0},{"event_name":"The Cleric","player_choice":"Card Removal","floor":13,"damage_taken":0},{"event_name":"The Mausoleum","player_choice":"Yes","floor":19,"damage_taken":0},{"event_name":"Forgotten Altar","player_choice":"Shed Blood","floor":20,"damage_taken":0},{"event_name":"Colosseum","player_choice":"Fight","floor":21,"damage_taken":0},{"event_name":"Colosseum","player_choice":"Fought Nobs","floor":21,"damage_taken":0}],"is_beta":false,"boss_relics":[{"not_picked":["Empty Cage","Runic Pyramid"],"picked":"Tiny House"}],"items_purged_floors":[],"is_endless":false,"potions_floor_spawned":[4,12,18,21],"killed_by":"3 Byrds","ascension_level":0}