{"gold_per_floor":[114,129,129,146,146,179,179,179,179,192,192,192],"floor_reached":12,"playtime":571,"items_purged":[],"score":152,"play_id":"fadddf04-f461-4d78-8ab7-2f17c18ebe4a","local_time":"20190527105008","is_ascension_mode":true,"campfire_choices":[{"data":"Injury","floor":7,"key":"PURGE"},{"data":"Strike_B","floor":11,"key":"PURGE"}],"neow_cost":"CURSE","seed_source_timestamp":143433219103477,"circlet_count":0,"master_deck":["AscendersBane","Strike_B","Strike_B","Strike_B","Defend_B","Defend_B","Defend_B","Defend_B","Zap","Dualcast","Cold Snap","Leap","Chill","Leap","Gash+1"],"special_seed":0,"relics":["Cracked Core","Peace Pipe","Golden Idol","Singing Bowl","Molten Egg 2"],"potions_floor_usage":[6,12],"damage_taken":[{"damage":3.0,"enemies":"Small Slimes","floor":1.0,"turns":3.0},{"damage":15.0,"enemies":"2 Louse","floor":2.0,"turns":3.0},{"damage":0,"enemies":"Cultist","floor":4,"turns":3},{"damage":15,"enemies":"3 Sentries","floor":6,"turns":13},{"damage":7,"enemies":"Large Slime","floor":10,"turns":8},{"damage":31,"enemies":"Lagavulin","floor":12,"turns":8}],"seed_played":"-725846263744808937","potions_obtained":[{"floor":2.0,"key":"SteroidPotion"},{"floor":4,"key":"Fruit Juice"},{"floor":10,"key":"LiquidBronze"}],"is_trial":false,"path_per_floor":["M","M","?","M","?","E","R","?","T","M","R","E"],"character_chosen":"DEFECT","items_purchased":[],"campfire_rested":0,"item_purchase_floors":[],"current_hp_per_floor":[61,46,46,46,46,36,36,36,36,29,29,0],"gold":192,"neow_bonus":"ONE_RARE_RELIC","is_prod":false,"is_daily":false,"chose_seed":false,"campfire_upgraded":0,"win_rate":0,"timestamp":1558979408,"path_taken":["M","M","?","M","?","E","R","?","T","M","R","E"],"build_version":"2019-01-23","purchased_purges":0,"victory":false,"max_hp_per_floor":[71,71,71,71,71,76,76,73,73,73,73,73],"card_choices":[{"not_picked":["Lockon","Compile Driver"],"picked":"Cold Snap","floor":1.0},{"not_picked":["Blizzard","Stack"],"picked":"Leap","floor":2.0},{"not_picked":["Rebound","Steam"],"picked":"Chill","floor":4},{"not_picked":["Buffer","Rebound"],"picked":"Leap","floor":6},{"not_picked":["Steam","Beam Cell+1"],"picked":"Gash+1","floor":10}],"player_experience":774185,"relics_obtained":[{"floor":6,"key":"Singing Bowl"},{"floor":9,"key":"Molten Egg 2"}],"event_choices":[{"damage_healed":0,"gold_gain":0,"player_choice":"Fled","damage_taken":0,"max_hp_gain":0,"max_hp_loss":0,"event_name":"Scrap Ooze","floor":3,"gold_loss":0},{"damage_healed":0,"gold_gain":0,"player_choice":"Take Wound","damage_taken":0,"relics_obtained":["Golden Idol"],"max_hp_gain":0,"max_hp_loss":0,"event_name":"Golden Idol","floor":5,"gold_loss":0,"cards_obtained":["Injury"]},{"cards_removed":["Parasite"],"damage_healed":0,"gold_gain":0,"player_choice":"Purged","damage_taken":0,"max_hp_gain":0,"max_hp_loss":0,"event_name":"Purifier","floor":8,"gold_loss":0}],"is_beta":false,"boss_relics":[],"items_purged_floors":[],"is_endless":false,"potions_floor_spawned":[2,4,10],"killed_by":"Lagavulin","ascension_level":19}