{"gold_per_floor":[114,129,204,379,394,409,409,15,15,15,15,95,110,41,41,141,141,156,6,31,46,46,61,61,76,101,101,51,66,66,81,81,81],"floor_reached":33,"playtime":1847,"items_purged":[],"score":287,"play_id":"df015e3f-717a-4c0d-8c36-c22e1eef1bd0","local_time":"20181211143348","daily_mods":["Shiny","Blue Cards","Lethality"],"is_ascension_mode":false,"campfire_choices":[{"data":"Buffer","floor":15,"key":"SMITH"},{"data":"Barricade","floor":24,"key":"SMITH"},{"data":"Creative AI","floor":27,"key":"SMITH"},{"data":"Aggregate","floor":32,"key":"SMITH"}],"neow_cost":"","seed_source_timestamp":0,"circlet_count":0,"master_deck":["Multi-Cast","Hyperbeam","Thunder Strike","Biased Cognition","Machine Learning","Electrodynamics","Buffer+1","Rainbow","Seek","Meteor Strike","Echo Form","All For One","Reboot","Amplify","Creative AI+1","Fission","Core Surge","Double Tap","Demon Form","Bludgeon","Feed","Limit Break","Barricade+1","Fiend Fire+1","Dark Embrace","Berserk","Impervious","Juggernaut","Brutality","Reaper","Exhume","Offering","Immolate","Sweeping Beam+1","Iron Wave","Doubt","Self Repair","Chill","Swift Strike","Regret","Pommel Strike","Turbo","Twin Strike","Fiend Fire","Aggregate+1","Cold Snap+1","RitualDagger","Dropkick","Twin Strike+1","Thunderclap+1","Shame","Sword Boomerang"],"special_seed":17876,"relics":["Burning Blood","Lantern","Charon\u0027s Ashes","Self Forming Clay","Vajra","Tiny Chest","Sozu","Pen Nib","Whetstone","Anchor","Omamori"],"potions_floor_usage":[16,16,33],"damage_taken":[{"damage":37,"enemies":"Small Slimes","floor":1,"turns":5},{"damage":14,"enemies":"Jaw Worm","floor":2,"turns":2},{"damage":0,"enemies":"2 Louse","floor":5,"turns":3},{"damage":28,"enemies":"Red Slaver","floor":6,"turns":3},{"damage":0,"enemies":"3 Louse","floor":13,"turns":1},{"damage":63,"enemies":"The Guardian","floor":16,"turns":9},{"damage":15,"enemies":"Chosen","floor":18,"turns":4},{"damage":0,"enemies":"Spheric Guardian","floor":21,"turns":3},{"damage":0,"enemies":"Snake Plant","floor":23,"turns":2},{"damage":7,"enemies":"3 Cultists","floor":25,"turns":3},{"damage":12,"enemies":"Cultist and Chosen","floor":29,"turns":5},{"damage":6,"enemies":"Chosen and Byrds","floor":31,"turns":3},{"damage":94,"enemies":"Collector","floor":33,"turns":3}],"seed_played":"7445985323297054017","potions_obtained":[{"floor":6,"key":"Strength Potion"},{"floor":13,"key":"SteroidPotion"},{"floor":16,"key":"Dexterity Potion"}],"is_trial":false,"path_per_floor":["M","M","?","?","M","M","?","$","T","$","?","T","M","$","R","B",null,"M","$","T","M","?","M","R","M","T","R","?","M","?","M","R","B"],"character_chosen":"IRONCLAD","items_purchased":["Charon\u0027s Ashes","Swift Strike","Turbo","Twin Strike","Pen Nib"],"campfire_rested":0,"item_purchase_floors":[8,8,14,14,19],"current_hp_per_floor":[52,47,36,36,55,47,35,35,35,35,35,35,65,65,65,26,89,87,87,87,89,83,89,89,89,89,89,89,83,83,83,83,0],"gold":81,"neow_bonus":"","is_prod":false,"is_daily":true,"chose_seed":false,"campfire_upgraded":4,"win_rate":0,"timestamp":1544556828,"path_taken":["M","M","?","?","M","M","?","$","T","?","?","?","M","?","R","BOSS","M","$","?","M","?","M","R","M","T","R","?","?","?","M","R","BOSS"],"build_version":"2018-12-06","purchased_purges":0,"victory":false,"max_hp_per_floor":[83,86,86,86,89,89,89,89,89,89,89,89,89,89,89,89,89,89,89,89,89,89,89,89,89,89,89,89,89,89,89,89,89],"card_choices":[{"not_picked":["Warcry","Feel No Pain"],"picked":"Sweeping Beam","floor":1},{"not_picked":["Rebound","Conserve Battery"],"picked":"Iron Wave","floor":2},{"not_picked":["Cleave","Reprogram"],"picked":"Self Repair","floor":5},{"not_picked":["Barrage","Berserk"],"picked":"Chill","floor":6},{"not_picked":["Heavy Blade","Fusion"],"picked":"Pommel Strike","floor":13},{"not_picked":["Multi-Cast","Double Tap"],"picked":"Fiend Fire","floor":16},{"not_picked":["Flex+1","Cleave"],"picked":"Aggregate","floor":18},{"not_picked":["Heavy Blade","Lockon"],"picked":"Cold Snap+1","floor":21},{"not_picked":["Havoc","Rebound"],"picked":"Dropkick","floor":23},{"not_picked":["Clash","True Grit"],"picked":"Twin Strike+1","floor":25},{"not_picked":["Amplify","Rampage+1"],"picked":"Thunderclap+1","floor":29},{"not_picked":["Blizzard","Body Slam"],"picked":"Sword Boomerang","floor":31}],"player_experience":506367,"relics_obtained":[{"floor":9,"key":"Self Forming Clay"},{"floor":12,"key":"Tiny Chest"},{"floor":20,"key":"Whetstone"},{"floor":26,"key":"Anchor"}],"event_choices":[{"damage_healed":0,"gold_gain":75,"player_choice":"Gather Gold","damage_taken":11,"max_hp_gain":0,"max_hp_loss":0,"event_name":"World of Goop","floor":3,"gold_loss":0},{"damage_healed":0,"gold_gain":175,"player_choice":"AGREE","damage_taken":0,"max_hp_gain":0,"max_hp_loss":0,"event_name":"Liars Game","floor":4,"gold_loss":0,"cards_obtained":["Doubt"]},{"damage_healed":0,"gold_gain":0,"player_choice":"Success","damage_taken":12,"relics_obtained":["Lantern"],"max_hp_gain":0,"max_hp_loss":0,"event_name":"Scrap Ooze","floor":7,"gold_loss":0},{"damage_healed":0,"gold_gain":0,"player_choice":"Box","damage_taken":0,"relics_obtained":["Vajra"],"max_hp_gain":0,"max_hp_loss":0,"event_name":"Big Fish","floor":11,"gold_loss":0,"cards_obtained":["Regret"]},{"damage_healed":0,"gold_gain":0,"player_choice":"Joined the Cult","damage_taken":6,"max_hp_gain":0,"max_hp_loss":0,"event_name":"Nest","floor":22,"gold_loss":0,"cards_obtained":["RitualDagger"]},{"damage_healed":0,"gold_gain":0,"player_choice":"Bet on Murderer","damage_taken":0,"max_hp_gain":0,"max_hp_loss":0,"event_name":"The Joust","floor":28,"gold_loss":50},{"damage_healed":0,"gold_gain":0,"player_choice":"Stole Relic","damage_taken":0,"relics_obtained":["Omamori"],"max_hp_gain":0,"max_hp_loss":0,"event_name":"Addict","floor":30,"gold_loss":0,"cards_obtained":["Shame"]}],"is_beta":false,"boss_relics":[{"not_picked":["Philosopher\u0027s Stone","Coffee Dripper"],"picked":"Sozu"}],"items_purged_floors":[],"is_endless":false,"potions_floor_spawned":[6,13,16,18,23,29],"killed_by":"Collector","ascension_level":0}