{"gold_per_floor":[112,127,146,160,160,160,175,175,246,275,27,37,55,55,55,159,159,175,193,211,18,18,18,52,62,62,62,72,72,72,82,82,82],"floor_reached":33,"playtime":2476,"items_purged":["Strike_R","Defend_R"],"score":323,"play_id":"a53c5687-781a-4dcd-9a1e-dd9e7565502f","local_time":"20190709204209","is_ascension_mode":true,"campfire_choices":[{"data":"Perfected Strike","floor":6,"key":"SMITH"},{"data":"Bloodletting","floor":8,"key":"SMITH"},{"data":"Offering","floor":15,"key":"SMITH"},{"floor":23,"key":"REST"},{"floor":27,"key":"REST"},{"floor":30,"key":"REST"},{"floor":32,"key":"REST"}],"neow_cost":"NONE","seed_source_timestamp":10299930128000,"circlet_count":0,"master_deck":["Strike_R","Defend_R","Defend_R","Defend_R","Bash","Perfected Strike+1","Pommel Strike","Bloodletting+1","Pommel Strike","Pommel Strike","Thinking Ahead","Offering+1","Perfected Strike","Immolate","Bandage Up","Headbutt"],"relics":["Burning Blood","Mango","Empty Cage","Pen Nib","Bottled Flame","Letter Opener"],"potions_floor_usage":[16,24,31,31,31,33],"damage_taken":[{"damage":6,"enemies":"Cultist","floor":1,"turns":3},{"damage":9,"enemies":"Jaw Worm","floor":2,"turns":3},{"damage":1,"enemies":"2 Louse","floor":3,"turns":2},{"damage":17,"enemies":"Lots of Slimes","floor":4,"turns":5},{"damage":6,"enemies":"Looter","floor":7,"turns":2},{"damage":12,"enemies":"3 Sentries","floor":10,"turns":7},{"damage":0,"enemies":"3 Louse","floor":12,"turns":3},{"damage":6,"enemies":"Exordium Thugs","floor":13,"turns":3},{"damage":83,"enemies":"The Guardian","floor":16,"turns":13},{"damage":21,"enemies":"Shell Parasite","floor":18,"turns":2},{"damage":9,"enemies":"Spheric Guardian","floor":19,"turns":2},{"damage":26,"enemies":"3 Cultists","floor":20,"turns":4},{"damage":42,"enemies":"Gremlin Leader","floor":24,"turns":5},{"damage":27,"enemies":"Snake Plant","floor":25,"turns":2},{"damage":21,"enemies":"Chosen and Byrds","floor":28,"turns":3},{"damage":38,"enemies":"Centurion and Healer","floor":31,"turns":2},{"damage":107,"enemies":"Collector","floor":33,"turns":6}],"seed_played":"9081751911339373854","potions_obtained":[{"floor":3,"key":"Strength Potion"},{"floor":7,"key":"Weak Potion"},{"floor":10,"key":"SpeedPotion"},{"floor":12,"key":"LiquidBronze"},{"floor":19,"key":"Energy Potion"},{"floor":24,"key":"FearPotion"},{"floor":31,"key":"Regen Potion"}],"is_trial":false,"path_per_floor":["M","M","M","M","?","R","M","R","T","E","$","M","M","?","R","B",null,"M","M","M","$","$","R","E","M","T","R","M","?","R","M","R","B"],"character_chosen":"IRONCLAD","items_purchased":["Thinking Ahead","Bandage Up"],"campfire_rested":4,"item_purchase_floors":[11,21],"current_hp_per_floor":[88,85,88,77,77,77,77,77,77,85,85,91,91,91,91,14,102,87,84,64,64,64,94,62,41,41,71,60,60,90,62,92,0],"gold":82,"neow_bonus":"TEN_PERCENT_HP_BONUS","is_prod":false,"is_daily":false,"chose_seed":false,"campfire_upgraded":3,"win_rate":0,"timestamp":1562697729,"path_taken":["M","M","M","M","?","R","M","R","T","E","$","M","M","?","R","BOSS","M","M","M","?","$","R","E","M","T","R","M","?","R","M","R","BOSS"],"build_version":"2019-07-05","purchased_purges":2,"victory":false,"max_hp_per_floor":[88,88,88,88,88,88,88,88,88,102,102,102,102,102,102,102,102,102,102,102,102,102,102,102,102,102,102,102,102,102,102,102,102],"card_choices":[{"not_picked":["Twin Strike","Entrench"],"picked":"Perfected Strike","floor":1},{"not_picked":["Infernal Blade","Thunderclap"],"picked":"Pommel Strike","floor":2},{"not_picked":["Wild Strike","Anger"],"picked":"Bloodletting","floor":3},{"not_picked":["Sword Boomerang","Searing Blow"],"picked":"Pommel Strike","floor":4},{"not_picked":["Spot Weakness","Burning Pact","Flex"],"picked":"SKIP","floor":7},{"not_picked":["Entrench","Twin Strike"],"picked":"Pommel Strike","floor":10},{"not_picked":["Armaments","Pommel Strike"],"picked":"Offering","floor":12},{"not_picked":["Reckless Charge","Entrench"],"picked":"Perfected Strike","floor":13},{"not_picked":["Dark Embrace","Demon Form"],"picked":"Immolate","floor":16},{"not_picked":["Spot Weakness+1","Flame Barrier","Clothesline"],"picked":"SKIP","floor":18},{"not_picked":["Body Slam+1","Sword Boomerang","Warcry"],"picked":"SKIP","floor":19},{"not_picked":["Shrug It Off","Clothesline","Feel No Pain"],"picked":"SKIP","floor":20},{"not_picked":["Heavy Blade","Combust","Berserk"],"picked":"SKIP","floor":24},{"not_picked":["Infernal Blade","True Grit","Power Through"],"picked":"SKIP","floor":25},{"not_picked":["Clash","Hemokinesis","Seeing Red"],"picked":"SKIP","floor":28},{"not_picked":["Shrug It Off+1","Wild Strike+1"],"picked":"Headbutt","floor":31}],"player_experience":100414,"relics_obtained":[{"floor":10,"key":"Mango"},{"floor":24,"key":"Pen Nib"},{"floor":26,"key":"Bottled Flame"}],"event_choices":[{"cards_removed":["Strike_R"],"damage_healed":0,"gold_gain":0,"player_choice":"Forget","damage_taken":0,"max_hp_gain":0,"max_hp_loss":0,"event_name":"Living Wall","floor":5,"gold_loss":0},{"damage_healed":0,"gold_gain":0,"player_choice":"Bought 0 Potions","damage_taken":0,"max_hp_gain":0,"max_hp_loss":0,"event_name":"The Woman in Blue","floor":14,"gold_loss":0},{"damage_healed":0,"gold_gain":0,"player_choice":"Opened","damage_taken":0,"relics_obtained":["Letter Opener"],"max_hp_gain":0,"max_hp_loss":0,"event_name":"The Mausoleum","floor":29,"gold_loss":0}],"is_beta":false,"boss_relics":[{"not_picked":["Coffee Dripper","Snecko Eye"],"picked":"Empty Cage"}],"items_purged_floors":[11,21],"is_endless":false,"potions_floor_spawned":[3,7,10,12,19,24,31],"killed_by":"Collector","ascension_level":2}