{"gold_per_floor":[119,119,0,0,18,18,43,43,66,81,81,81,109,124,124,124],"floor_reached":16,"playtime":632,"items_purged":[],"score":98,"play_id":"fc43562d-ea0f-4aa3-8143-4335698e1d8e","local_time":"20190708140137","is_ascension_mode":false,"campfire_choices":[{"data":"Defragment","floor":6,"key":"SMITH"},{"data":"Zap","floor":11,"key":"SMITH"},{"data":"Genetic Algorithm","floor":15,"key":"SMITH"}],"neow_cost":"NONE","seed_source_timestamp":324852884967201,"circlet_count":0,"master_deck":["Strike_B","Strike_B","Strike_B","Strike_B","Defend_B","Defend_B","Defend_B","Zap+1","Dualcast","Conserve Battery","Defragment+1","Redo","Capacitor","BootSequence","Conserve Battery","Genetic Algorithm+1","Conserve Battery"],"relics":["Cracked Core","Juzu Bracelet","Vajra","Odd Mushroom"],"potions_floor_usage":[],"damage_taken":[{"damage":2,"enemies":"2 Louse","floor":1,"turns":2},{"damage":0,"enemies":"Jaw Worm","floor":5,"turns":2},{"damage":16,"enemies":"Lagavulin","floor":7,"turns":6},{"damage":0,"enemies":"Cultist","floor":10,"turns":4},{"damage":17,"enemies":"The Mushroom Lair","floor":13,"turns":4},{"damage":8,"enemies":"Lots of Slimes","floor":14,"turns":4},{"damage":44,"enemies":"Slime Boss","floor":16,"turns":8}],"seed_played":"-1757234477874217736","potions_obtained":[{"floor":5,"key":"Dexterity Potion"},{"floor":7,"key":"Weak Potion"}],"is_trial":false,"path_per_floor":["M","?","$","?","M","R","E","$","T","M","R","?","?","M","R","B"],"character_chosen":"DEFECT","items_purchased":["Defragment","Redo"],"campfire_rested":0,"item_purchase_floors":[3,3],"current_hp_per_floor":[80,80,80,80,80,80,64,64,64,64,64,69,52,44,44,0],"gold":124,"neow_bonus":"TEN_PERCENT_HP_BONUS","is_prod":false,"is_daily":false,"chose_seed":false,"campfire_upgraded":3,"win_rate":0.0,"timestamp":1562630497,"path_taken":["M","?","$","?","?","R","E","?","T","M","R","?","?","M","R","BOSS"],"build_version":"2019-07-05","purchased_purges":0,"victory":false,"max_hp_per_floor":[82,82,82,82,82,82,82,82,82,82,82,82,82,82,82,82],"card_choices":[{"not_picked":["Gash","Auto Shields"],"picked":"Conserve Battery","floor":1},{"not_picked":["Force Field","Recycle"],"picked":"BootSequence","floor":5},{"not_picked":["Go for the Eyes","Coolheaded"],"picked":"Conserve Battery","floor":7},{"not_picked":["Beam Cell","BootSequence"],"picked":"Cold Snap","floor":10},{"not_picked":["Skim","Redo"],"picked":"Genetic Algorithm","floor":13},{"not_picked":["Beam Cell","Reinforced Body"],"picked":"Conserve Battery","floor":14}],"player_experience":50416,"relics_obtained":[{"floor":7,"key":"Juzu Bracelet"},{"floor":9,"key":"Vajra"},{"floor":13,"key":"Odd Mushroom"}],"event_choices":[{"damage_healed":0,"gold_gain":0,"player_choice":"Leave","damage_taken":0,"max_hp_gain":0,"max_hp_loss":0,"event_name":"The Cleric","floor":2,"gold_loss":0},{"damage_healed":0,"gold_gain":0,"cards_transformed":["Defend_B"],"player_choice":"Transformed","damage_taken":0,"max_hp_gain":0,"max_hp_loss":0,"event_name":"Transmorgrifier","floor":4,"gold_loss":0,"cards_obtained":["Capacitor"]},{"cards_removed":["Cold Snap"],"damage_healed":5,"gold_gain":0,"player_choice":"Offered Common","damage_taken":0,"max_hp_gain":0,"max_hp_loss":0,"event_name":"Bonfire Elementals","floor":12,"gold_loss":0},{"cards_removed":["Cold Snap"],"damage_healed":5,"gold_gain":0,"player_choice":"Offered Special","damage_taken":0,"max_hp_gain":0,"max_hp_loss":0,"event_name":"Bonfire Elementals","floor":12,"gold_loss":0},{"damage_healed":0,"gold_gain":0,"player_choice":"Fought Mushrooms","damage_taken":0,"max_hp_gain":0,"max_hp_loss":0,"event_name":"Mushrooms","floor":13,"gold_loss":0}],"is_beta":false,"boss_relics":[],"items_purged_floors":[],"is_endless":false,"potions_floor_spawned":[5,7],"killed_by":"Slime Boss","ascension_level":0}