{"gold_per_floor":[119,119,139,104,29,29,55,67,120,143,171,171,186,201,201,273,273,285,285,210,228,228,245,160,210,210,210,242,260,260,278,278,278],"floor_reached":33,"playtime":1580,"items_purged":["Parasite"],"score":550,"play_id":"78d18de9-df12-4113-bed5-78652722d4a1","local_time":"20190616180336","is_ascension_mode":true,"campfire_choices":[{"data":"Neutralize","floor":6.0,"key":"SMITH"},{"floor":12.0,"key":"REST"},{"floor":15.0,"key":"REST"},{"floor":27.0,"key":"REST"},{"floor":30.0,"key":"REST"},{"floor":32,"key":"REST"}],"neow_cost":"CURSE","seed_source_timestamp":314967010467959,"circlet_count":0,"master_deck":["AscendersBane","Defend_G+1","Defend_G+1","Defend_G+1","Defend_G+1","Strike_G+1","Strike_G+1","Survivor","Neutralize+1","Corpse Explosion","Deadly Poison","Dash","Burst","Poisoned Stab","Dodge and Roll","Backflip","Cloak And Dagger","Corpse Explosion","Leg Sweep+1","Sucker Punch+1","Well Laid Plans+1","Flying Knee","Deadly Poison","Riddle With Holes","Venomology","Backstab+1","Deflect","Escape Plan","Dash","Accuracy","Deadly Poison","Unload"],"special_seed":0,"relics":["Ring of the Snake","Dream Catcher","Vajra","Juzu Bracelet","Mercury Hourglass","Astrolabe","Oddly Smooth Stone","Bottled Tornado","Ancient Tea Set"],"potions_floor_usage":[31,33],"damage_taken":[{"damage":12.0,"enemies":"Jaw Worm","floor":1.0,"turns":5.0},{"damage":3.0,"enemies":"2 Louse","floor":3.0,"turns":2.0},{"damage":28.0,"enemies":"Lagavulin","floor":7.0,"turns":9.0},{"damage":0.0,"enemies":"Small Slimes","floor":8.0,"turns":2.0},{"damage":15.0,"enemies":"3 Sentries","floor":11.0,"turns":4.0},{"damage":1.0,"enemies":"Blue Slaver","floor":13.0,"turns":3.0},{"damage":0.0,"enemies":"Lots of Slimes","floor":14.0,"turns":1.0},{"damage":31.0,"enemies":"Hexaghost","floor":16.0,"turns":10.0},{"damage":10.0,"enemies":"Spheric Guardian","floor":18.0,"turns":6.0},{"damage":16.0,"enemies":"3 Byrds","floor":21.0,"turns":3.0},{"damage":0.0,"enemies":"3 Cultists","floor":23.0,"turns":3.0},{"damage":9.0,"enemies":"Gremlin Leader","floor":28.0,"turns":8.0},{"damage":19.0,"enemies":"Snake Plant","floor":29.0,"turns":4.0},{"damage":8,"enemies":"Sentry and Sphere","floor":31,"turns":6},{"damage":45,"enemies":"Collector","floor":33,"turns":3}],"seed_played":"6664646026432530682","potions_obtained":[{"floor":8.0,"key":"EssenceOfSteel"},{"floor":13.0,"key":"AttackPotion"},{"floor":14.0,"key":"Energy Potion"},{"floor":16.0,"key":"SpeedPotion"},{"floor":28.0,"key":"AttackPotion"},{"floor":31,"key":"Dexterity Potion"}],"is_trial":false,"path_per_floor":["M","?","M","?","$","R","E","M","T","T","E","R","M","M","R","B",null,"M","?","?","M","?","M","?","?","T","R","E","M","R","M","R","B"],"character_chosen":"THE_SILENT","items_purchased":[],"campfire_rested":5,"item_purchase_floors":[],"current_hp_per_floor":[47,47,44,60,60,60,32,32,32,32,17,35,34,34,52,21,53,43,43,43,27,27,27,27,21,21,39,30,11,29,21,39,0],"gold":278,"neow_bonus":"THREE_RARE_CARDS","is_prod":false,"is_daily":false,"chose_seed":false,"campfire_upgraded":1,"win_rate":0,"timestamp":1560733416,"path_taken":["M","?","M","?","$","R","E","M","T","?","E","R","M","M","R","BOSS","M","?","?","M","?","M","?","?","T","R","E","M","R","M","R","BOSS"],"build_version":"2019-01-23","purchased_purges":1,"victory":false,"max_hp_per_floor":[66,66,66,66,63,63,63,63,63,63,63,63,63,63,63,63,63,63,63,63,63,63,63,63,63,63,63,63,63,63,63,63,63],"card_choices":[{"not_picked":["Burst","Malaise"],"picked":"Corpse Explosion","floor":0.0},{"not_picked":["Blade Dance","Escape Plan"],"picked":"Backflip","floor":1.0},{"not_picked":["Outmaneuver","Poisoned Stab"],"picked":"Deadly Poison","floor":3.0},{"not_picked":["Acrobatics","Backflip"],"picked":"Slice","floor":7.0},{"not_picked":["Predator","Bouncing Flask"],"picked":"Dash","floor":8.0},{"not_picked":["PiercingWail","Deadly Poison"],"picked":"Burst","floor":11.0},{"not_picked":["Quick Slash","Flying Knee"],"picked":"Poisoned Stab","floor":12.0},{"not_picked":["Tactician","Flechettes"],"picked":"Dodge and Roll","floor":13.0},{"not_picked":["Acrobatics","Eviscerate"],"picked":"Backflip","floor":14.0},{"not_picked":["Deflect","Distraction"],"picked":"Cloak And Dagger","floor":15.0},{"not_picked":["Venomology","Doppelganger"],"picked":"Corpse Explosion","floor":16.0},{"not_picked":["Dodge and Roll","Terror"],"picked":"Flying Knee","floor":18.0},{"not_picked":["All Out Attack","Finisher"],"picked":"Deadly Poison","floor":21.0},{"not_picked":["Sucker Punch","Dagger Spray"],"picked":"Backstab+1","floor":23.0},{"not_picked":["Slice","Dagger Spray"],"picked":"Deflect","floor":27.0},{"not_picked":["Dagger Throw","Sucker Punch"],"picked":"Escape Plan","floor":28.0},{"not_picked":["Infinite Blades","Quick Slash"],"picked":"Dash","floor":29.0},{"not_picked":["Skewer+1","Backflip"],"picked":"Accuracy","floor":30.0},{"not_picked":["Bane","Poisoned Stab"],"picked":"Deadly Poison","floor":31},{"not_picked":["Deflect+1","Blade Dance"],"picked":"Unload","floor":32}],"player_experience":836998,"relics_obtained":[{"floor":7.0,"key":"Dream Catcher"},{"floor":9.0,"key":"Vajra"},{"floor":10.0,"key":"Juzu Bracelet"},{"floor":11.0,"key":"Mercury Hourglass"},{"floor":26.0,"key":"Bottled Tornado"},{"floor":28.0,"key":"Ancient Tea Set"}],"event_choices":[{"damage_healed":0.0,"max_hp_gain":0.0,"max_hp_loss":0.0,"gold_gain":0.0,"cards_transformed":["Strike_G"],"event_name":"Living Wall","player_choice":"Change","floor":2.0,"gold_loss":0.0,"damage_taken":0.0,"cards_obtained":["Acrobatics"]},{"damage_healed":16.0,"max_hp_gain":0.0,"max_hp_loss":0.0,"gold_gain":0.0,"event_name":"The Cleric","player_choice":"Healed","floor":4.0,"gold_loss":35.0,"damage_taken":0.0},{"damage_healed":0.0,"max_hp_gain":0.0,"max_hp_loss":0.0,"gold_gain":0.0,"event_name":"Back to Basics","player_choice":"Simplicity","floor":19.0,"gold_loss":0.0,"damage_taken":0.0,"cards_upgraded":["Defend_G","Defend_G","Defend_G","Defend_G","Strike_G","Strike_G"]},{"cards_removed":["Acrobatics"],"damage_healed":0.0,"max_hp_gain":0.0,"max_hp_loss":0.0,"gold_gain":0.0,"event_name":"Beggar","player_choice":"Gave Gold","floor":20.0,"gold_loss":75.0,"damage_taken":0.0},{"damage_healed":0.0,"max_hp_gain":0.0,"max_hp_loss":0.0,"gold_gain":0.0,"cards_transformed":["Slice","Backflip"],"event_name":"Drug Dealer","player_choice":"Became Test Subject","floor":22.0,"gold_loss":0.0,"damage_taken":0.0,"cards_obtained":["Riddle With Holes","Venomology"]},{"damage_healed":0.0,"max_hp_gain":0.0,"max_hp_loss":0.0,"gold_gain":0.0,"event_name":"Addict","player_choice":"Obtained Relic","floor":24.0,"gold_loss":85.0,"damage_taken":0.0,"relics_obtained":["Oddly Smooth Stone"]},{"damage_healed":0.0,"max_hp_gain":0.0,"max_hp_loss":0.0,"gold_gain":50.0,"event_name":"FaceTrader","player_choice":"Touch","floor":25.0,"gold_loss":0.0,"damage_taken":6.0}],"is_beta":false,"boss_relics":[{"not_picked":["Runic Pyramid","Snecko Eye"],"picked":"Astrolabe"}],"items_purged_floors":[5],"is_endless":false,"potions_floor_spawned":[8,13,14,16,28,31],"killed_by":"Collector","ascension_level":20}