{"gold_per_floor":[119,52,52,67,81,81,112,112,112,112,112,129,304,161,161,259,259,279,294,141,157,173,173,189,223,223,24,24,35,35,35,35,135,135,153,172,172,1,1,1,26,26,72,90,110,110,110,125,125,125],"floor_reached":51,"playtime":1000,"items_purged":["Pain","Doubt"],"score":720,"play_id":"8521a853-80cd-4993-8f22-1b591276a2fd","local_time":"20190702220630","is_ascension_mode":false,"campfire_choices":[{"data":"Inflame","floor":6,"key":"SMITH"},{"data":"Uppercut","floor":8,"key":"SMITH"},{"data":"Twin Strike","floor":10,"key":"SMITH"},{"data":"Thunderclap","floor":15,"key":"SMITH"},{"floor":23,"key":"REST"},{"floor":28,"key":"REST"},{"floor":32,"key":"REST"},{"floor":40,"key":"REST"},{"floor":47,"key":"REST"},{"floor":49,"key":"REST"}],"neow_cost":"NONE","seed_source_timestamp":2448023451090,"circlet_count":0,"master_deck":["Strike_R+1","Strike_R+1","Strike_R+1","Strike_R+1","Strike_R+1","Defend_R+1","Defend_R+1","Defend_R+1","Defend_R+1","Bash+1","Thunderclap+1","Uppercut+1","Twin Strike+1","Inflame+1","Thunderclap","Inflame+1","Juggernaut+1","Heavy Blade+1","Shrug It Off","Heavy Blade","Shrug It Off+1","Heavy Blade+1","Pummel+1","Juggernaut+1","Demon Form+1","Immolate","Discovery+1","Thunderclap","Armaments+1"],"relics":["Burning Blood","Whetstone","WarpedTongs","Frozen Egg 2","Strawberry","Fusion Hammer","The Courier","Bottled Tornado","Mummified Hand","Busted Crown","Potion Belt","Red Skull","Dodecahedron"],"potions_floor_usage":[18,25,25,33,50,50],"damage_taken":[{"damage":0,"enemies":"Cultist","floor":1,"turns":3},{"damage":1,"enemies":"2 Louse","floor":4,"turns":3},{"damage":7,"enemies":"Jaw Worm","floor":5,"turns":3},{"damage":8,"enemies":"Gremlin Nob","floor":7,"turns":3},{"damage":20,"enemies":"Lots of Slimes","floor":12,"turns":4},{"damage":39,"enemies":"Hexaghost","floor":16,"turns":7},{"damage":22,"enemies":"2 Thieves","floor":18,"turns":3},{"damage":10,"enemies":"Shell Parasite","floor":19,"turns":5},{"damage":12,"enemies":"Snake Plant","floor":21,"turns":4},{"damage":0,"enemies":"Chosen and Byrds","floor":22,"turns":4},{"damage":17,"enemies":"Sentry and Sphere","floor":24,"turns":4},{"damage":36,"enemies":"Slavers","floor":25,"turns":5},{"damage":0,"enemies":"Snecko","floor":29,"turns":3},{"damage":38,"enemies":"Champ","floor":33,"turns":7},{"damage":1,"enemies":"3 Shapes","floor":35,"turns":3},{"damage":10,"enemies":"Orb Walker","floor":36,"turns":2},{"damage":30,"enemies":"Reptomancer","floor":41,"turns":4},{"damage":8,"enemies":"Spire Growth","floor":44,"turns":3},{"damage":8,"enemies":"4 Shapes","floor":45,"turns":5},{"damage":0,"enemies":"Transient","floor":48,"turns":5},{"damage":50,"enemies":"Donu and Deca","floor":50,"turns":5}],"seed_played":"2471339056331819636","potions_obtained":[{"floor":4,"key":"Dexterity Potion"},{"floor":7,"key":"Strength Potion"},{"floor":16,"key":"BloodPotion"},{"floor":18,"key":"Dexterity Potion"},{"floor":33,"key":"GamblersBrew"},{"floor":35,"key":"SpeedPotion"},{"floor":36,"key":"Weak Potion"},{"floor":41,"key":"LiquidBronze"}],"is_trial":false,"path_per_floor":["M","$","?","M","M","R","E","R","T","R","?","M","?","$","R","B",null,"M","M","$","M","M","R","M","E","T","$","R","M","?","$","R","B",null,"M","M","?","$","?","R","E","?","T","M","M","T","R","M","R","B",null],"character_chosen":"IRONCLAD","items_purchased":["Uppercut","Inflame+1","Shrug It Off","Mummified Hand","Demon Form+1","Immolate"],"campfire_rested":6,"item_purchase_floors":[2,14,20,27,38,38],"current_hp_per_floor":[80,80,80,80,79,79,77,77,84,84,89,75,75,75,75,42,92,92,88,88,82,88,92,81,51,51,51,78,84,84,84,92,60,92,92,88,87,87,77,87,63,63,63,61,59,59,85,87,87,43],"gold":125,"neow_bonus":"RANDOM_COMMON_RELIC","is_prod":false,"is_daily":false,"chose_seed":false,"campfire_upgraded":4,"win_rate":0,"timestamp":1562126790,"path_taken":["M","$","?","M","?","R","E","R","T","R","?","M","?","?","R","BOSS","M","M","$","M","M","R","M","E","T","$","R","?","?","$","R","BOSS","M","M","?","$","?","R","E","?","T","?","M","?","R","M","R","BOSS"],"build_version":"2019-07-01","purchased_purges":2,"victory":true,"max_hp_per_floor":[80,80,80,80,80,80,80,80,87,87,92,92,92,92,92,92,92,92,92,92,92,92,92,92,92,92,92,92,92,92,92,92,92,92,92,92,87,87,87,87,87,87,87,87,87,87,87,87,87,87],"card_choices":[{"not_picked":["Wild Strike","Evolve"],"picked":"Thunderclap","floor":1},{"not_picked":["Bloodletting","Wild Strike"],"picked":"Twin Strike","floor":4},{"not_picked":["Wild Strike","Clash"],"picked":"Inflame","floor":5},{"not_picked":["Body Slam","Wild Strike","Sever Soul"],"picked":"SKIP","floor":7},{"not_picked":["Anger","Body Slam"],"picked":"Thunderclap","floor":12},{"not_picked":["Fiend Fire","Feed"],"picked":"Juggernaut+1","floor":16},{"not_picked":["Clothesline","True Grit","Wild Strike+1"],"picked":"SKIP","floor":18},{"not_picked":["Flex","Bloodletting"],"picked":"Heavy Blade+1","floor":19},{"not_picked":["Anger","Disarm","Evolve+1"],"picked":"SKIP","floor":21},{"not_picked":["Berserk+1","Pummel"],"picked":"Heavy Blade","floor":22},{"not_picked":["Iron Wave","Carnage+1"],"picked":"Shrug It Off+1","floor":24},{"not_picked":["Headbutt+1","Body Slam"],"picked":"Heavy Blade+1","floor":25},{"not_picked":["Feel No Pain+1","Clash+1"],"picked":"Pummel+1","floor":29},{"not_picked":["Double Tap","Offering"],"picked":"Juggernaut+1","floor":33},{"not_picked":["Pommel Strike"],"picked":"SKIP","floor":35},{"not_picked":["Havoc"],"picked":"SKIP","floor":36},{"not_picked":[],"picked":"Discovery","floor":39},{"not_picked":[],"picked":"Thunderclap","floor":41},{"not_picked":["Iron Wave"],"picked":"SKIP","floor":44},{"not_picked":[],"picked":"Armaments+1","floor":45},{"not_picked":["Sentinel+1"],"picked":"SKIP","floor":48}],"player_experience":1533031,"relics_obtained":[{"floor":7,"key":"Frozen Egg 2"},{"floor":9,"key":"Strawberry"},{"floor":25,"key":"The Courier"},{"floor":26,"key":"Bottled Tornado"},{"floor":41,"key":"Potion Belt"},{"floor":43,"key":"Red Skull"},{"floor":46,"key":"Dodecahedron"}],"event_choices":[{"damage_healed":0,"gold_gain":0,"player_choice":"Rummage","damage_taken":0,"relics_obtained":["WarpedTongs"],"max_hp_gain":0,"max_hp_loss":0,"event_name":"Accursed Blacksmith","floor":3,"gold_loss":0,"cards_obtained":["Pain"]},{"damage_healed":0,"gold_gain":0,"player_choice":"Donut","damage_taken":0,"max_hp_gain":5,"max_hp_loss":0,"event_name":"Big Fish","floor":11,"gold_loss":0},{"damage_healed":0,"gold_gain":175,"player_choice":"AGREE","damage_taken":0,"max_hp_gain":0,"max_hp_loss":0,"event_name":"Liars Game","floor":13,"gold_loss":0,"cards_obtained":["Doubt"]},{"damage_healed":0,"gold_gain":0,"player_choice":"Simplicity","damage_taken":0,"max_hp_gain":0,"max_hp_loss":0,"event_name":"Back to Basics","floor":30,"gold_loss":0,"cards_upgraded":["Strike_R","Strike_R","Strike_R","Strike_R","Defend_R","Defend_R","Defend_R","Defend_R"]},{"damage_healed":0,"gold_gain":0,"player_choice":"Max HP","damage_taken":0,"max_hp_gain":0,"max_hp_loss":5,"event_name":"Winding Halls","floor":37,"gold_loss":0},{"damage_healed":0,"gold_gain":0,"player_choice":"Memory 3","damage_taken":10,"max_hp_gain":0,"max_hp_loss":0,"event_name":"SensoryStone","floor":39,"gold_loss":0},{"damage_healed":0,"gold_gain":0,"player_choice":"Upgraded","damage_taken":0,"max_hp_gain":0,"max_hp_loss":0,"event_name":"Upgrade Shrine","floor":42,"gold_loss":0,"cards_upgraded":["Discovery"]}],"is_beta":false,"boss_relics":[{"not_picked":["Pandora\u0027s Box","Astrolabe"],"picked":"Fusion Hammer"},{"not_picked":["Lizard Tail","Orrery"],"picked":"Busted Crown"}],"items_purged_floors":[14,20],"is_endless":false,"potions_floor_spawned":[4,7,16,18,22,24,33,35,36,41],"ascension_level":0}