{"gold_per_floor":[109,35,53,53,71,71,89,89,89,264,274,291,306,341,341,441,441,456,469,37,37,37,72,72,86,111,137,137,155,155,0,0,105,105,124,135,146,164,164,183,201,201,247,278,288,308,319,34,34,34],"floor_reached":51,"playtime":1917,"items_purged":["Doubt"],"score":850,"play_id":"dbf07124-0426-487d-a4fd-f29c661d0956","local_time":"20190710031133","is_ascension_mode":false,"campfire_choices":[{"data":"Zap","floor":6.0,"key":"SMITH"},{"data":"Chaos","floor":8.0,"key":"SMITH"},{"data":"Rip and Tear","floor":15.0,"key":"SMITH"},{"data":"Self Repair","floor":24.0,"key":"SMITH"},{"data":"Hello World","floor":28.0,"key":"SMITH"},{"data":"Seek","floor":32.0,"key":"SMITH"},{"floor":49,"key":"REST"}],"neow_cost":"NONE","seed_source_timestamp":2732789713257,"circlet_count":0,"master_deck":["Strike_B","Strike_B","Strike_B+1","Strike_B","Defend_B+1","Defend_B+1","Defend_B","Defend_B","Zap+1","Dualcast","Rip and Tear+1","Chaos+1","Cold Snap","Self Repair+1","Compile Driver","Beam Cell","Seek+1","Blizzard","Self Repair","Electrodynamics","Rebound","Blizzard+1","Rainbow","Blizzard","Electrodynamics","FTL","Compile Driver","Leap+1","Ball Lightning","Defragment","Hello World+1","Auto Shields+1","Stack","Stack","Reinforced Body","Conserve Battery","Rainbow","Leap+1","Leap+1","Hologram","White Noise","Madness","Madness","Cold Snap+1","Auto Shields+1","Hello World+1","Conserve Battery+1","Blizzard+1","Cold Snap+1","FTL","Turbo","Storm","Conserve Battery"],"special_seed":0,"relics":["Cracked Core","Orichalcum","Bottled Flame","The Courier","Runic Dome","Vajra","FossilizedHelix","DataDisk","Blood Vial","Fusion Hammer","War Paint","Cables","Bag of Preparation"],"potions_floor_usage":[50],"damage_taken":[{"damage":2.0,"enemies":"Small Slimes","floor":1.0,"turns":2.0},{"damage":1.0,"enemies":"2 Louse","floor":3.0,"turns":2.0},{"damage":1.0,"enemies":"Jaw Worm","floor":5.0,"turns":3.0},{"damage":2.0,"enemies":"2 Fungi Beasts","floor":7.0,"turns":3.0},{"damage":4.0,"enemies":"Lots of Slimes","floor":11.0,"turns":2.0},{"damage":3.0,"enemies":"Looter","floor":12.0,"turns":3.0},{"damage":10.0,"enemies":"Gremlin Gang","floor":13.0,"turns":4.0},{"damage":0.0,"enemies":"Gremlin Nob","floor":14.0,"turns":3.0},{"damage":46.0,"enemies":"Hexaghost","floor":16.0,"turns":11.0},{"damage":3.0,"enemies":"Chosen","floor":18.0,"turns":4.0},{"damage":25.0,"enemies":"Shell Parasite","floor":19.0,"turns":5.0},{"damage":36.0,"enemies":"Slavers","floor":23.0,"turns":3.0},{"damage":0.0,"enemies":"3 Cultists","floor":25.0,"turns":3.0},{"damage":6.0,"enemies":"Gremlin Leader","floor":27.0,"turns":5.0},{"damage":0.0,"enemies":"Centurion and Healer","floor":29.0,"turns":4.0},{"damage":47,"enemies":"Automaton","floor":33,"turns":9},{"damage":0,"enemies":"3 Shapes","floor":35,"turns":3},{"damage":0,"enemies":"Orb Walker","floor":36,"turns":3},{"damage":0,"enemies":"Transient","floor":37,"turns":5},{"damage":0,"enemies":"Maw","floor":38,"turns":7},{"damage":36,"enemies":"Writhing Mass","floor":40,"turns":8},{"damage":0,"enemies":"Sphere and 2 Shapes","floor":41,"turns":5},{"damage":0,"enemies":"Nemesis","floor":44,"turns":8},{"damage":11,"enemies":"Jaw Worm Horde","floor":45,"turns":3},{"damage":17,"enemies":"3 Darklings","floor":46,"turns":3},{"damage":4,"enemies":"Writhing Mass","floor":47,"turns":6},{"damage":6,"enemies":"Time Eater","floor":50,"turns":12}],"seed_played":"-7086149702515023423","potions_obtained":[{"floor":1.0,"key":"Swift Potion"},{"floor":5.0,"key":"PowerPotion"},{"floor":12.0,"key":"SpeedPotion"},{"floor":14.0,"key":"SteroidPotion"},{"floor":16.0,"key":"AttackPotion"},{"floor":23.0,"key":"Strength Potion"}],"is_trial":false,"path_per_floor":["M","$","M","?","M","R","M","R","T","?","M","M","M","E","R","B",null,"M","M","$","?","?","E","R","M","T","E","R","M","?","$","R","B",null,"M","M","M","M","?","M","M","?","T","E","M","M","M","$","R","B",null],"character_chosen":"DEFECT","items_purchased":["Chaos","Rainbow","Blizzard","Electrodynamics","FTL","Compile Driver","Leap","Stack","Stack","Reinforced Body","Conserve Battery","Bag of Preparation","FTL","Turbo","Storm","Conserve Battery"],"campfire_rested":1,"item_purchase_floors":[2,20,20,20,20,20,20,31,31,31,31,48,48,48,48,48],"current_hp_per_floor":[73,73,72,57,56,56,61,61,61,61,57,61,58,65,65,33,75,75,64,64,64,57,28,28,45,45,56,56,75,75,75,75,38,75,75,75,75,75,66,39,41,41,41,53,54,39,54,54,75,69],"gold":34,"neow_bonus":"RANDOM_COMMON_RELIC","is_prod":false,"is_daily":false,"chose_seed":false,"campfire_upgraded":6,"win_rate":0,"timestamp":1562749893,"path_taken":["M","$","M","?","M","R","M","R","T","?","M","M","M","E","R","BOSS","M","M","$","?","?","E","R","M","T","E","R","?","?","$","R","BOSS","M","M","?","M","?","M","M","?","T","E","M","M","?","$","R","BOSS"],"build_version":"2019-07-05","purchased_purges":1,"victory":true,"max_hp_per_floor":[75,75,75,75,75,75,75,75,75,75,75,75,75,75,75,75,75,75,75,75,75,75,75,75,75,75,75,75,75,75,75,75,75,75,75,75,75,75,75,75,75,75,75,75,75,75,75,75,75,75],"card_choices":[{"not_picked":["Doom and Gloom","Redo"],"picked":"Rip and Tear","floor":1.0},{"not_picked":["Gash","Hologram"],"picked":"Cold Snap","floor":3.0},{"not_picked":["FTL","Barrage"],"picked":"Self Repair","floor":5.0},{"not_picked":["Skim","Stack"],"picked":"Compile Driver","floor":7.0},{"not_picked":["Conserve Battery","Consume"],"picked":"Beam Cell","floor":11.0},{"not_picked":["Doom and Gloom","Coolheaded"],"picked":"Seek","floor":12.0},{"not_picked":["Aggregate","Storm"],"picked":"Blizzard","floor":13.0},{"not_picked":["Double Energy","Redo"],"picked":"Self Repair","floor":14.0},{"not_picked":["Multi-Cast","Amplify"],"picked":"Electrodynamics","floor":16.0},{"not_picked":["Redo","Coolheaded"],"picked":"Rebound","floor":18.0},{"not_picked":["Hologram","Go for the Eyes"],"picked":"Blizzard+1","floor":19.0},{"not_picked":["Leap","Beam Cell"],"picked":"Ball Lightning","floor":23.0},{"not_picked":["Steam Power","Gash"],"picked":"Defragment","floor":25.0},{"not_picked":["White Noise","Turbo+1"],"picked":"Hello World","floor":27.0},{"not_picked":["Storm","Go for the Eyes"],"picked":"Auto Shields+1","floor":29.0},{"not_picked":["Buffer","Machine Learning"],"picked":"Rainbow","floor":33},{"not_picked":["Stack","FTL+1"],"picked":"Leap+1","floor":35},{"not_picked":["Conserve Battery","Ball Lightning"],"picked":"Leap+1","floor":36},{"not_picked":["Beam Cell","Turbo+1"],"picked":"Hologram","floor":37},{"not_picked":["Go for the Eyes","Static Discharge"],"picked":"White Noise","floor":38},{"not_picked":["Storm","Doom and Gloom"],"picked":"Cold Snap+1","floor":40},{"not_picked":["Sweeping Beam","Hello World"],"picked":"Auto Shields+1","floor":41},{"not_picked":["Doom and Gloom+1","Barrage"],"picked":"Hello World+1","floor":44},{"not_picked":["Multi-Cast","Fusion"],"picked":"Conserve Battery+1","floor":45},{"not_picked":["Steam","Gash"],"picked":"Blizzard+1","floor":46},{"not_picked":["Recycle","Leap+1"],"picked":"Cold Snap+1","floor":47}],"player_experience":1550320,"relics_obtained":[{"floor":9.0,"key":"Bottled Flame"},{"floor":14.0,"key":"The Courier"},{"floor":23.0,"key":"FossilizedHelix"},{"floor":26.0,"key":"DataDisk"},{"floor":27.0,"key":"Blood Vial"},{"floor":43,"key":"War Paint"},{"floor":44,"key":"Cables"}],"event_choices":[{"damage_healed":0.0,"max_hp_gain":0.0,"max_hp_loss":0.0,"gold_gain":0.0,"event_name":"Shining Light","player_choice":"Entered Light","floor":4.0,"gold_loss":0.0,"damage_taken":15.0,"cards_upgraded":["Strike_B","Defend_B"]},{"damage_healed":0.0,"max_hp_gain":0.0,"max_hp_loss":0.0,"gold_gain":175.0,"event_name":"Liars Game","player_choice":"AGREE","floor":10.0,"gold_loss":0.0,"damage_taken":0.0,"cards_obtained":["Doubt"]},{"damage_healed":0.0,"max_hp_gain":0.0,"max_hp_loss":0.0,"gold_gain":0.0,"event_name":"The Mausoleum","player_choice":"Opened","floor":21.0,"gold_loss":0.0,"damage_taken":0.0,"relics_obtained":["Vajra"],"cards_obtained":["Writhe"]},{"damage_healed":0.0,"max_hp_gain":0.0,"max_hp_loss":0.0,"gold_gain":0.0,"event_name":"Wheel of Change","player_choice":"Damaged","floor":22.0,"gold_loss":0.0,"damage_taken":7.0},{"damage_healed":0.0,"max_hp_gain":0.0,"max_hp_loss":0.0,"gold_gain":0.0,"event_name":"The Woman in Blue","player_choice":"Bought 0 Potions","floor":30.0,"gold_loss":0.0,"damage_taken":0.0},{"damage_healed":0,"gold_gain":0,"player_choice":"Embrace Madness","damage_taken":9,"max_hp_gain":0,"max_hp_loss":0,"event_name":"Winding Halls","floor":39,"gold_loss":0,"cards_obtained":["Madness","Madness"]},{"cards_removed":["Writhe"],"damage_healed":0,"gold_gain":0,"player_choice":"Removed Curses","damage_taken":0,"max_hp_gain":0,"max_hp_loss":0,"event_name":"Fountain of Cleansing","floor":42,"gold_loss":0}],"is_beta":false,"boss_relics":[{"not_picked":["Eternal Feather","Empty Cage"],"picked":"Runic Dome"},{"not_picked":["Astrolabe","Black Star"],"picked":"Fusion Hammer"}],"items_purged_floors":[20],"is_endless":false,"potions_floor_spawned":[1,5,12,14,16,19,23,29,35,36,45],"ascension_level":0}