{"gold_per_floor":[110,125,50,65,82,82,157,187,187,187,187,203,203,219,219,323,373,393,12,22,22,33,33,49,49,49,69,81,112,112,129,129,227,227,245,345,358,29,45,45,45],"floor_reached":41,"playtime":6174,"items_purged":["Strike_B","Strike_B","Defend_B"],"score":467,"play_id":"afc87840-d820-4280-8fdf-660bbe81f194","local_time":"20190709123205","is_ascension_mode":false,"campfire_choices":[{"data":"Chill","floor":6.0,"key":"SMITH"},{"floor":10.0,"key":"REST"},{"data":"Defragment","floor":13.0,"key":"SMITH"},{"floor":15.0,"key":"REST"},{"data":"Rainbow","floor":23.0,"key":"SMITH"},{"data":"Genetic Algorithm","floor":25.0,"key":"SMITH"},{"floor":32.0,"key":"REST"},{"data":"Machine Learning","floor":40,"key":"SMITH"}],"neow_cost":"NONE","seed_source_timestamp":0,"circlet_count":0,"master_deck":["Strike_B","Strike_B","Defend_B+1","Defend_B","Defend_B","Zap+1","Dualcast","Cold Snap","Chill+1","Defragment+1","Self Repair","Rainbow+1","Steam","Skim+1","Genetic Algorithm+1","Redo","Ball Lightning","White Noise+1","Machine Learning+1","Redo+1","Writhe","Defragment+1","Echo Form","Static Discharge","Consume+1","Parasite","Coolheaded+1"],"special_seed":0,"relics":["Cracked Core","Question Card","Meat on the Bone","Tiny House","Strange Spoon","Letter Opener","Oddly Smooth Stone","Darkstone Periapt","Nuclear Battery","Prayer Wheel","ClockworkSouvenir"],"potions_floor_usage":[],"damage_taken":[{"damage":1.0,"enemies":"2 Louse","floor":1.0,"turns":2.0},{"damage":1.0,"enemies":"Jaw Worm","floor":2.0,"turns":3.0},{"damage":0.0,"enemies":"Small Slimes","floor":4.0,"turns":3.0},{"damage":3.0,"enemies":"Looter","floor":5.0,"turns":3.0},{"damage":29.0,"enemies":"Lagavulin","floor":8.0,"turns":9.0},{"damage":14.0,"enemies":"Exordium Wildlife","floor":12.0,"turns":6.0},{"damage":0.0,"enemies":"3 Louse","floor":14.0,"turns":3.0},{"damage":14.0,"enemies":"The Guardian","floor":16.0,"turns":15.0},{"damage":6.0,"enemies":"Chosen","floor":18.0,"turns":6.0},{"damage":9.0,"enemies":"Shell Parasite","floor":20.0,"turns":9.0},{"damage":14.0,"enemies":"Snake Plant","floor":22.0,"turns":5.0},{"damage":4.0,"enemies":"Chosen and Byrds","floor":24.0,"turns":5.0},{"damage":32.0,"enemies":"3 Cultists","floor":27.0,"turns":7.0},{"damage":8.0,"enemies":"Snecko","floor":28.0,"turns":6.0},{"damage":18.0,"enemies":"Book of Stabbing","floor":29.0,"turns":6.0},{"damage":41.0,"enemies":"Cultist and Chosen","floor":31.0,"turns":7.0},{"damage":26.0,"enemies":"Collector","floor":33.0,"turns":11.0},{"damage":36.0,"enemies":"3 Darklings","floor":35.0,"turns":9.0},{"damage":5,"enemies":"Mind Bloom Boss Battle","floor":36,"turns":7},{"damage":22,"enemies":"3 Shapes","floor":37,"turns":5},{"damage":10,"enemies":"Writhing Mass","floor":39,"turns":4},{"damage":71,"enemies":"4 Shapes","floor":41,"turns":3}],"seed_played":"7310806553926651045","potions_obtained":[{"floor":1.0,"key":"Fire Potion"},{"floor":5.0,"key":"SpeedPotion"},{"floor":8.0,"key":"Regen Potion"},{"floor":14.0,"key":"EssenceOfSteel"},{"floor":17.0,"key":"SmokeBomb"},{"floor":28.0,"key":"AttackPotion"},{"floor":31.0,"key":"Block Potion"},{"floor":36,"key":"PowerPotion"},{"floor":39,"key":"EssenceOfSteel"}],"is_trial":false,"path_per_floor":["M","M","$","M","M","R","?","E","T","R","?","M","R","M","R","B",null,"M","$","M","?","M","R","M","R","T","M","M","E","?","M","R","B",null,"M","?","M","$","M","R","M"],"character_chosen":"DEFECT","items_purchased":["Strange Spoon","Genetic Algorithm","ClockworkSouvenir"],"campfire_rested":3,"item_purchase_floors":[19,19,38],"current_hp_per_floor":[74,73,73,73,70,70,59,30,30,52,57,43,43,43,67,60,85,85,85,83,83,76,76,79,79,79,54,53,54,60,38,65,58,91,62,57,47,47,62,62,0],"gold":45,"neow_bonus":"UPGRADE_CARD","is_prod":false,"is_daily":false,"chose_seed":false,"campfire_upgraded":5,"win_rate":0.0,"timestamp":1562668325,"path_taken":["M","M","$","M","M","R","?","E","T","R","?","M","R","M","R","BOSS","M","$","M","?","M","R","M","R","T","M","M","E","?","M","R","BOSS","M","?","M","$","M","R","M"],"build_version":"2019-07-05","purchased_purges":3,"victory":false,"max_hp_per_floor":[75,75,75,75,75,75,75,75,75,75,80,80,80,80,80,80,85,85,85,85,85,85,85,85,85,85,85,85,85,91,91,91,91,91,91,91,91,91,97,97,97],"card_choices":[{"not_picked":["Compile Driver","Reprogram","Rebound"],"picked":"SKIP","floor":1.0},{"not_picked":["Gash","Sweeping Beam","Compile Driver"],"picked":"SKIP","floor":2.0},{"not_picked":["Scrape","Sweeping Beam"],"picked":"Cold Snap","floor":4.0},{"not_picked":["Hologram","Go for the Eyes"],"picked":"Chill","floor":5.0},{"not_picked":["Go for the Eyes","Barrage","Redo"],"picked":"SKIP","floor":8.0},{"not_picked":["Steam","Coolheaded","Reprogram"],"picked":"Defragment","floor":12.0},{"not_picked":["Multi-Cast","Streamline","Sweeping Beam"],"picked":"Self Repair","floor":14.0},{"not_picked":["Reboot","Creative AI","All For One"],"picked":"Rainbow","floor":16.0},{"not_picked":["Aggregate","Beam Cell","Streamline"],"picked":"Steam","floor":17.0},{"not_picked":["Compile Driver","Heatsinks","Barrage+1"],"picked":"Skim+1","floor":18.0},{"not_picked":["Chill","Compile Driver","Streamline","Gash"],"picked":"SKIP","floor":20.0},{"not_picked":["Gash+1","Darkness","Stack"],"picked":"Redo","floor":22.0},{"not_picked":["Barrage","Static Discharge","Gash"],"picked":"Ball Lightning","floor":24.0},{"not_picked":["Rebound","Scrape","Leap"],"picked":"White Noise+1","floor":27.0},{"not_picked":["Barrage+1","Sweeping Beam+1","Hologram"],"picked":"Machine Learning","floor":28.0},{"not_picked":["Creative AI","Hello World","Cold Snap"],"picked":"Redo+1","floor":29.0},{"not_picked":["Leap+1","Stack+1","Coolheaded+1"],"picked":"Defragment+1","floor":31.0},{"not_picked":["Biased Cognition","Seek","Creative AI"],"picked":"Echo Form","floor":33.0},{"not_picked":["Stack+1","Steam+1","Self Repair+1","Streamline"],"picked":"SKIP","floor":35.0},{"not_picked":["Fusion","Gash+1","Steam"],"picked":"Static Discharge","floor":37},{"not_picked":["Beam Cell+1","Coolheaded","Self Repair+1"],"picked":"Consume+1","floor":37},{"not_picked":["Conserve Battery","Aggregate+1","Streamline"],"picked":"Coolheaded+1","floor":39},{"not_picked":["Thunder Strike","Hologram","Fusion","Beam Cell"],"picked":"SKIP","floor":39}],"player_experience":77524,"relics_obtained":[{"floor":8.0,"key":"Question Card"},{"floor":9.0,"key":"Meat on the Bone"},{"floor":26.0,"key":"Letter Opener"},{"floor":29.0,"key":"Oddly Smooth Stone"},{"floor":36,"key":"Prayer Wheel"}],"event_choices":[{"damage_healed":0.0,"max_hp_gain":0.0,"max_hp_loss":0.0,"gold_gain":75.0,"event_name":"World of Goop","player_choice":"Gather Gold","floor":7.0,"gold_loss":0.0,"damage_taken":11.0},{"damage_healed":0.0,"max_hp_gain":5.0,"max_hp_loss":0.0,"gold_gain":0.0,"event_name":"Big Fish","player_choice":"Donut","floor":11.0,"gold_loss":0.0,"damage_taken":0.0},{"damage_healed":0.0,"max_hp_gain":0.0,"max_hp_loss":0.0,"gold_gain":0.0,"event_name":"Ghosts","player_choice":"Ignored","floor":21.0,"gold_loss":0.0,"damage_taken":0.0},{"damage_healed":0.0,"max_hp_gain":0.0,"max_hp_loss":0.0,"gold_gain":0.0,"event_name":"The Mausoleum","player_choice":"Opened","floor":30.0,"gold_loss":0.0,"damage_taken":0.0,"relics_obtained":["Darkstone Periapt"],"cards_obtained":["Writhe"]},{"damage_healed":0,"gold_gain":0,"player_choice":"Fight","damage_taken":0,"max_hp_gain":0,"max_hp_loss":0,"event_name":"MindBloom","floor":36,"gold_loss":0}],"is_beta":false,"boss_relics":[{"not_picked":["Orrery","Fusion Hammer"],"picked":"Tiny House"},{"not_picked":["Eternal Feather","White Beast Statue"],"picked":"Nuclear Battery"}],"items_purged_floors":[3,19,38],"is_endless":false,"potions_floor_spawned":[1,5,8,14,18,22,28,31,36,39],"killed_by":"4 Shapes","ascension_level":0}