{"gold_per_floor":[114,129,144,1,1,1,31,46,46,76,91,106,106,106,106,106],"floor_reached":16,"playtime":827,"items_purged":[],"score":187,"play_id":"095a005d-a6fc-4bdf-9adc-0fc3332c687c","local_time":"20181130010810","daily_mods":["Insanity","Diverse","Lethality"],"is_ascension_mode":false,"campfire_choices":[{"data":"Aggregate","floor":15,"key":"SMITH"}],"neow_cost":"","seed_source_timestamp":0,"circlet_count":0,"master_deck":["Aggregate+1","Acrobatics","Barrage","Chill","Leap","Glacier","Flying Knee","Burning Pact","Armaments","Reckless Charge","Sword Boomerang","Go for the Eyes","Rupture","Accuracy","Conserve Battery","Bloodletting","Anger","Genetic Algorithm","Chaos","Streamline","Rupture","Predator","Hemokinesis","Dash","Clash","Armaments","Stack","Clash","Sucker Punch","Perfected Strike","Twin Strike","Stack","Flying Knee","Dropkick","Dodge and Roll","Dagger Spray","Blade Dance","Clash","Finisher","Bane","Streamline","Flechettes","Perfected Strike","Uppercut","Underhanded Strike","Auto Shields","Blood for Blood","Perfected Strike","Turbo","Dodge and Roll","Sword Boomerang","Self Repair","Flying Knee","Loop","Prepared","Redo","Evolve","Perfected Strike","Prepared","Seek","Reprogram"],"special_seed":17865,"relics":["Cracked Core","Art of War","Letter Opener","Blue Candle","SsserpentHead"],"potions_floor_usage":[10,16,16],"damage_taken":[{"damage":0,"enemies":"Cultist","floor":1,"turns":2},{"damage":0,"enemies":"Small Slimes","floor":2,"turns":2},{"damage":16,"enemies":"Jaw Worm","floor":3,"turns":2},{"damage":24,"enemies":"Lagavulin","floor":7,"turns":4},{"damage":10,"enemies":"Blue Slaver","floor":8,"turns":2},{"damage":10,"enemies":"3 Sentries","floor":10,"turns":5},{"damage":8,"enemies":"Exordium Thugs","floor":11,"turns":4},{"damage":11,"enemies":"Looter","floor":12,"turns":2},{"damage":47,"enemies":"Slime Boss","floor":16,"turns":6}],"seed_played":"-379525432082753387","potions_obtained":[{"floor":1,"key":"Regen Potion"},{"floor":3,"key":"SteroidPotion"},{"floor":12,"key":"AttackPotion"}],"is_trial":false,"path_per_floor":["M","M","M","$","?","$","E","M","T","E","M","M","?","?","R","B"],"character_chosen":"DEFECT","items_purchased":["Loop","Prepared","Redo"],"campfire_rested":0,"item_purchase_floors":[4,4,4],"current_hp_per_floor":[75,75,59,59,75,75,58,48,48,52,44,33,33,33,33,0],"gold":106,"neow_bonus":"","is_prod":false,"is_daily":true,"chose_seed":false,"campfire_upgraded":1,"win_rate":0,"timestamp":1543558090,"path_taken":["M","M","?","$","?","?","E","M","T","E","M","?","?","?","R","BOSS"],"build_version":"2018-11-15","purchased_purges":0,"victory":false,"max_hp_per_floor":[75,75,75,75,75,75,75,75,75,75,75,75,75,75,75,75],"card_choices":[{"not_picked":["Warcry","Shrug It Off"],"picked":"Sword Boomerang","floor":1},{"not_picked":["Redo","Leg Sweep"],"picked":"Self Repair","floor":2},{"not_picked":["Sucker Punch","Stack"],"picked":"Flying Knee","floor":3},{"not_picked":["Barrage","Skim"],"picked":"Evolve","floor":7},{"not_picked":["Cleave","PiercingWail"],"picked":"Perfected Strike","floor":8},{"not_picked":["Cloak And Dagger","Lockon"],"picked":"Prepared","floor":10},{"not_picked":["Clothesline","Underhanded Strike"],"picked":"Seek","floor":11},{"not_picked":["Infernal Blade","Armaments"],"picked":"Reprogram","floor":12}],"player_experience":497818,"relics_obtained":[{"floor":7,"key":"Art of War"},{"floor":9,"key":"Letter Opener"},{"floor":10,"key":"Blue Candle"}],"event_choices":[{"damage_healed":16,"gold_gain":0,"player_choice":"Full Heal","damage_taken":0,"max_hp_gain":0,"max_hp_loss":0,"event_name":"Wheel of Change","floor":5,"gold_loss":0},{"damage_healed":0,"gold_gain":0,"player_choice":"Leave","damage_taken":0,"max_hp_gain":0,"max_hp_loss":0,"event_name":"The Cleric","floor":13,"gold_loss":0},{"damage_healed":0,"gold_gain":0,"player_choice":"Trade","damage_taken":0,"relics_obtained":["SsserpentHead"],"max_hp_gain":0,"max_hp_loss":0,"event_name":"FaceTrader","floor":14,"gold_loss":0}],"is_beta":false,"boss_relics":[],"items_purged_floors":[],"is_endless":false,"potions_floor_spawned":[1,3,12],"killed_by":"Slime Boss","ascension_level":0}