{"gold_per_floor":[116,116,135,149,167,167,193,208,282,282,247,266,266,266,266,368,368,387,399,399],"floor_reached":20,"playtime":1724,"items_purged":[],"score":176,"play_id":"aafdbaa1-dae0-4145-8283-62cbc15147b6","local_time":"20190708093354","is_ascension_mode":false,"campfire_choices":[{"data":"Creative AI","floor":6.0,"key":"SMITH"},{"floor":10.0,"key":"REST"},{"data":"Self Repair","floor":13.0,"key":"SMITH"},{"floor":15.0,"key":"REST"}],"neow_cost":"NONE","seed_source_timestamp":0,"circlet_count":0,"master_deck":["Strike_B","Strike_B","Strike_B","Strike_B","Defend_B","Defend_B","Defend_B","Defend_B","Zap","Dualcast+1","Ball Lightning","Creative AI+1","All For One","Self Repair+1","Multi-Cast","Auto Shields","White Noise+1"],"special_seed":0,"relics":["Cracked Core","Matryoshka","Blood Vial","Letter Opener","Oddly Smooth Stone","Black Star"],"potions_floor_usage":[],"damage_taken":[{"damage":0.0,"enemies":"2 Louse","floor":1.0,"turns":4.0},{"damage":0.0,"enemies":"Cultist","floor":3.0,"turns":3.0},{"damage":6.0,"enemies":"Jaw Worm","floor":4.0,"turns":2.0},{"damage":5.0,"enemies":"Looter","floor":5.0,"turns":3.0},{"damage":39.0,"enemies":"Lagavulin","floor":7.0,"turns":6.0},{"damage":3.0,"enemies":"Red Slaver","floor":8.0,"turns":3.0},{"damage":5.0,"enemies":"2 Fungi Beasts","floor":12.0,"turns":5.0},{"damage":70.0,"enemies":"The Guardian","floor":16.0,"turns":12.0},{"damage":17,"enemies":"Chosen","floor":18,"turns":6},{"damage":19,"enemies":"3 Byrds","floor":19,"turns":5},{"damage":72,"enemies":"Masked Bandits","floor":20,"turns":5}],"seed_played":"-4713234445451736000","potions_obtained":[{"floor":3.0,"key":"Ancient Potion"},{"floor":8.0,"key":"GamblersBrew"},{"floor":12.0,"key":"EssenceOfSteel"},{"floor":16.0,"key":"Weak Potion"}],"is_trial":false,"path_per_floor":["M","?","M","M","M","R","E","M","T","R","?","M","R","?","R","B",null,"M","M","?"],"character_chosen":"DEFECT","items_purchased":[],"campfire_rested":2,"item_purchase_floors":[],"current_hp_per_floor":[82,82,82,76,71,71,32,29,29,53,73,70,70,70,82,22,82,75,68,0],"gold":399,"neow_bonus":"TEN_PERCENT_HP_BONUS","is_prod":false,"is_daily":false,"chose_seed":false,"campfire_upgraded":2,"win_rate":0.0,"timestamp":1562571234,"path_taken":["M","?","M","M","?","R","E","M","T","R","?","M","R","?","R","BOSS","M","M","?"],"build_version":"2019-07-05","purchased_purges":0,"victory":false,"max_hp_per_floor":[82,82,82,82,82,82,82,82,82,82,82,82,82,82,82,82,82,82,82,82],"card_choices":[{"not_picked":["Beam Cell","Barrage","Sweeping Beam"],"picked":"SKIP","floor":1.0},{"not_picked":["Sweeping Beam","Streamline"],"picked":"Ball Lightning","floor":3.0},{"not_picked":["Cold Snap","Beam Cell","Sweeping Beam"],"picked":"SKIP","floor":4.0},{"not_picked":["Fusion","Ball Lightning"],"picked":"Creative AI","floor":5.0},{"not_picked":["Cold Snap","Coolheaded","Leap"],"picked":"SKIP","floor":7.0},{"not_picked":["Redo","Darkness"],"picked":"All For One","floor":8.0},{"not_picked":["Leap","Tempest"],"picked":"Self Repair","floor":12.0},{"not_picked":["Buffer","Seek"],"picked":"Multi-Cast","floor":16.0},{"not_picked":["Leap","Hello World"],"picked":"Auto Shields","floor":18},{"not_picked":["Loop","Cold Snap"],"picked":"White Noise+1","floor":19}],"player_experience":26846,"relics_obtained":[{"floor":7.0,"key":"Matryoshka"},{"floor":9.0,"key":"Blood Vial"},{"floor":9.0,"key":"Letter Opener"},{"floor":14.0,"key":"Oddly Smooth Stone"}],"event_choices":[{"damage_healed":0.0,"max_hp_gain":0.0,"max_hp_loss":0.0,"gold_gain":0.0,"event_name":"Accursed Blacksmith","player_choice":"Forge","floor":2.0,"gold_loss":0.0,"damage_taken":0.0,"cards_upgraded":["Dualcast"]},{"damage_healed":20.0,"max_hp_gain":0.0,"max_hp_loss":0.0,"gold_gain":0.0,"event_name":"The Cleric","player_choice":"Healed","floor":11.0,"gold_loss":35.0,"damage_taken":0.0},{"damage_healed":0.0,"max_hp_gain":0.0,"max_hp_loss":0.0,"gold_gain":0.0,"event_name":"Wheel of Change","player_choice":"Relic","floor":14.0,"gold_loss":0.0,"damage_taken":0.0},{"damage_healed":0,"gold_gain":0,"player_choice":"Fought Bandits","damage_taken":0,"max_hp_gain":0,"max_hp_loss":0,"event_name":"Masked Bandits","floor":20,"gold_loss":0}],"is_beta":false,"boss_relics":[{"not_picked":["Empty Cage","Coffee Dripper"],"picked":"Black Star"}],"items_purged_floors":[],"is_endless":false,"potions_floor_spawned":[3,8,12,16,19],"killed_by":"Masked Bandits","ascension_level":0}