{"gold_per_floor":[117,117,132,57,76,102,2,35,35,35],"floor_reached":10,"playtime":646,"items_purged":["Strike_R","Strike_R"],"score":84,"play_id":"bebaf5eb-947b-49a3-bbe2-874e093f31b9","local_time":"20190710145655","is_ascension_mode":true,"campfire_choices":[],"neow_cost":"NONE","seed_source_timestamp":13369038400100,"circlet_count":0,"master_deck":["Strike_R","Strike_R","Strike_R","Defend_R","Defend_R","Defend_R","Defend_R","Bash","Whirlwind","Pummel","Warcry","Flex","Dark Embrace"],"relics":["Burning Blood","Mummified Hand","Girya","Calipers"],"potions_floor_usage":[6],"damage_taken":[{"damage":8,"enemies":"Small Slimes","floor":1,"turns":4},{"damage":1,"enemies":"Cultist","floor":3,"turns":3},{"damage":0,"enemies":"2 Louse","floor":5,"turns":1},{"damage":47,"enemies":"3 Sentries","floor":6,"turns":9},{"damage":54,"enemies":"Lagavulin","floor":8,"turns":6},{"damage":17,"enemies":"The Mushroom Lair","floor":10,"turns":2}],"seed_played":"6266038784526043606","potions_obtained":[{"floor":3,"key":"FairyPotion"},{"floor":5,"key":"Poison Potion"}],"is_trial":false,"path_per_floor":["M","?","M","$","M","E","$","E","T","?"],"character_chosen":"IRONCLAD","items_purchased":[],"campfire_rested":0,"item_purchase_floors":[],"current_hp_per_floor":[86,88,88,88,88,47,47,14,14,0],"gold":35,"neow_bonus":"TEN_PERCENT_HP_BONUS","is_prod":false,"is_daily":false,"chose_seed":false,"campfire_upgraded":0,"win_rate":0,"timestamp":1562763415,"path_taken":["M","?","?","$","M","E","$","E","T","?"],"build_version":"2019-07-05","purchased_purges":2,"victory":false,"max_hp_per_floor":[88,88,88,88,88,88,88,88,88,88],"card_choices":[{"not_picked":["Havoc","Anger"],"picked":"Whirlwind","floor":1},{"not_picked":["Battle Trance","Pommel Strike"],"picked":"Pummel","floor":3},{"not_picked":["Perfected Strike","Corruption"],"picked":"Warcry","floor":5},{"not_picked":["Havoc","Iron Wave"],"picked":"Flex","floor":6},{"not_picked":["Rupture","True Grit"],"picked":"Dark Embrace","floor":8}],"player_experience":127025,"relics_obtained":[{"floor":6,"key":"Mummified Hand"},{"floor":8,"key":"Girya"},{"floor":9,"key":"Calipers"}],"event_choices":[{"damage_healed":2,"gold_gain":0,"player_choice":"Full Heal","damage_taken":0,"max_hp_gain":0,"max_hp_loss":0,"event_name":"Wheel of Change","floor":2,"gold_loss":0},{"damage_healed":0,"gold_gain":0,"player_choice":"Fought Mushrooms","damage_taken":0,"max_hp_gain":0,"max_hp_loss":0,"event_name":"Mushrooms","floor":10,"gold_loss":0}],"is_beta":false,"boss_relics":[],"items_purged_floors":[4,7],"is_endless":false,"potions_floor_spawned":[3,5],"killed_by":"The Mushroom Lair","ascension_level":2}