{"gold_per_floor":[116,136,152,171,171,171,171,191,191,226,226,151,151,174,174,295,295,318,333,233,258,282,282,282,282,282,0,0,0,10,30,30,128,128,138,138,138,156,256,256,270,270,270,287,319,319,28,28,28,28],"floor_reached":51,"playtime":7360,"items_purged":["Defend_G","Strike_G","Defend_G"],"score":627,"play_id":"e54a7dcc-6384-46d4-acfd-8803b5742289","local_time":"20190708235503","is_ascension_mode":false,"campfire_choices":[{"floor":7,"key":"REST"},{"data":"Skewer","floor":11,"key":"SMITH"},{"data":"Neutralize","floor":13,"key":"SMITH"},{"floor":15,"key":"REST"},{"floor":23,"key":"REST"},{"floor":25,"key":"REST"},{"data":"Doppelganger","floor":28,"key":"SMITH"},{"floor":32,"key":"REST"},{"floor":40,"key":"DIG"},{"floor":46,"key":"REST"},{"floor":49,"key":"REST"}],"neow_cost":"NONE","seed_source_timestamp":224671779022100,"circlet_count":0,"master_deck":["Strike_G","Strike_G","Defend_G","Defend_G","Defend_G+1","Survivor","Neutralize+1","Venomology","Skewer+1","Deflect+1","All Out Attack","Deflect","Backstab","Doppelganger+1","Footwork+1","Slice","Deflect","Choke+1","Footwork+1","A Thousand Cuts+1","Terror+1","Malaise","Footwork+1","Magnetism+1"],"relics":["Ring of the Snake","Frozen Egg 2","Blood Vial","Orrery","Nloth\u0027s Gift","Pear","Oddly Smooth Stone","Philosopher\u0027s Stone","Shovel","Shuriken","Gremlin Horn","Bottled Tornado"],"potions_floor_usage":[1,3,4,10,10,10,16,16,16,18,22,30,30,31,33,33,38,39,44,45,50,50],"damage_taken":[{"damage":0,"enemies":"Small Slimes","floor":1,"turns":4},{"damage":2,"enemies":"2 Louse","floor":2,"turns":4},{"damage":2,"enemies":"Cultist","floor":3,"turns":5},{"damage":0,"enemies":"2 Fungi Beasts","floor":4,"turns":4},{"damage":0,"enemies":"Exordium Thugs","floor":8,"turns":7},{"damage":19,"enemies":"Gremlin Nob","floor":10,"turns":5},{"damage":1,"enemies":"Gremlin Gang","floor":14,"turns":5},{"damage":20,"enemies":"The Guardian","floor":16,"turns":15},{"damage":6,"enemies":"Spheric Guardian","floor":18,"turns":3},{"damage":0,"enemies":"Chosen","floor":19,"turns":5},{"damage":32,"enemies":"3 Cultists","floor":21,"turns":7},{"damage":22,"enemies":"Sentry and Sphere","floor":22,"turns":11},{"damage":2,"enemies":"Chosen and Byrds","floor":30,"turns":5},{"damage":15,"enemies":"Snake Plant","floor":31,"turns":4},{"damage":41,"enemies":"Champ","floor":33,"turns":29},{"damage":3,"enemies":"3 Darklings","floor":35,"turns":4},{"damage":0,"enemies":"Orb Walker","floor":38,"turns":3},{"damage":0,"enemies":"Mind Bloom Boss Battle","floor":39,"turns":9},{"damage":12,"enemies":"Maw","floor":41,"turns":7},{"damage":6,"enemies":"Sphere and 2 Shapes","floor":44,"turns":5},{"damage":54,"enemies":"Reptomancer","floor":45,"turns":5},{"damage":24,"enemies":"Awakened One","floor":50,"turns":15}],"seed_played":"741500848957799734","potions_obtained":[{"floor":3,"key":"Block Potion"},{"floor":4,"key":"PowerPotion"},{"floor":8,"key":"AttackPotion"},{"floor":16,"key":"Strength Potion"},{"floor":18,"key":"EssenceOfSteel"},{"floor":33,"key":"Ancient Potion"},{"floor":44,"key":"GhostInAJar"}],"is_trial":false,"path_per_floor":["M","M","M","M","?","?","R","M","T","E","R","$","R","M","R","B",null,"M","M","$","M","M","R","?","R","T","$","R","$","M","M","R","B",null,"M","?","$","M","?","R","M","?","T","M","E","R","$","?","R","B",null],"character_chosen":"THE_SILENT","items_purchased":["Oddly Smooth Stone","Footwork+1","Magnetism+1","SkillPotion"],"campfire_rested":7,"item_purchase_floors":[27,47,47,47],"current_hp_per_floor":[70,68,66,66,52,35,56,56,56,37,37,37,37,38,59,41,70,64,66,66,36,16,37,37,58,68,68,68,68,68,55,79,39,80,77,77,77,79,80,80,68,68,68,64,12,34,34,34,56,34],"gold":28,"neow_bonus":"TRANSFORM_CARD","is_prod":false,"is_daily":false,"chose_seed":false,"campfire_upgraded":3,"win_rate":0.0,"timestamp":1562622903,"path_taken":["M","M","M","M","?","?","R","M","T","E","R","$","R","M","R","BOSS","M","M","$","M","M","R","?","R","T","?","R","$","M","M","R","BOSS","M","?","?","?","?","R","M","?","T","M","E","R","$","?","R","BOSS"],"build_version":"2019-07-05","purchased_purges":3,"victory":true,"max_hp_per_floor":[70,70,70,70,70,70,70,70,70,70,70,70,70,70,70,70,70,70,70,70,70,70,70,70,70,80,80,80,80,80,80,80,80,80,80,80,80,80,80,80,80,76,76,76,76,76,76,76,76,76],"card_choices":[{"not_picked":["Dodge and Roll","Sucker Punch"],"picked":"Skewer","floor":1},{"not_picked":["Quick Slash","Blade Dance","Deadly Poison"],"picked":"SKIP","floor":2},{"not_picked":["Sucker Punch","Quick Slash"],"picked":"Deflect","floor":3},{"not_picked":["Backflip","Deadly Poison","Flying Knee"],"picked":"SKIP","floor":4},{"not_picked":["Adrenaline","Dagger Spray"],"picked":"All Out Attack","floor":8},{"not_picked":["Dagger Throw","Dagger Spray"],"picked":"Deflect","floor":10},{"not_picked":["Reflex","PiercingWail"],"picked":"Backstab","floor":14},{"not_picked":["Burst","Malaise"],"picked":"Doppelganger","floor":16},{"not_picked":["Doppelganger","Bane"],"picked":"Footwork+1","floor":17},{"not_picked":["Calculated Gamble","PiercingWail"],"picked":"Slice","floor":17},{"not_picked":["Quick Slash","Deadly Poison"],"picked":"Deflect","floor":17},{"not_picked":["Catalyst","Dagger Throw"],"picked":"Choke","floor":17},{"not_picked":["Finisher","Blade Dance+1","Quick Slash"],"picked":"SKIP","floor":18},{"not_picked":["Riddle With Holes","Reflex+1","Backflip"],"picked":"SKIP","floor":19},{"not_picked":["Caltrops+1","PiercingWail","Heel Hook"],"picked":"SKIP","floor":21},{"not_picked":["Prepared","Deflect","Dodge and Roll"],"picked":"SKIP","floor":22},{"not_picked":["Adrenaline","Quick Slash"],"picked":"Footwork+1","floor":30},{"not_picked":["Blade Dance","Dash","Flying Knee"],"picked":"SKIP","floor":31},{"not_picked":["Bullet Time","Venomology"],"picked":"A Thousand Cuts+1","floor":33},{"not_picked":["Bane","Predator","Underhanded Strike"],"picked":"SKIP","floor":35},{"not_picked":["Catalyst","Backflip","Reflex+1"],"picked":"SKIP","floor":38},{"not_picked":["Underhanded Strike+1","Deadly Poison"],"picked":"Terror+1","floor":39},{"not_picked":["Distraction","Prepared"],"picked":"Malaise","floor":41},{"not_picked":["Poisoned Stab+1","Sucker Punch+1","All Out Attack"],"picked":"SKIP","floor":44},{"not_picked":["Riddle With Holes+1","Unload","Dash"],"picked":"SKIP","floor":45}],"player_experience":62369,"relics_obtained":[{"floor":9,"key":"Frozen Egg 2"},{"floor":10,"key":"Blood Vial"},{"floor":26,"key":"Pear"},{"floor":39,"key":"Shovel"},{"floor":40,"key":"Shuriken"},{"floor":43,"key":"Gremlin Horn"},{"floor":45,"key":"Bottled Tornado"}],"event_choices":[{"damage_healed":0,"gold_gain":0,"player_choice":"Entered Light","damage_taken":14,"max_hp_gain":0,"max_hp_loss":0,"event_name":"Shining Light","floor":5,"gold_loss":0,"cards_upgraded":["Defend_G","Deflect"]},{"damage_healed":0,"gold_gain":0,"player_choice":"Take Damage","damage_taken":17,"relics_obtained":["Golden Idol"],"max_hp_gain":0,"max_hp_loss":0,"event_name":"Golden Idol","floor":6,"gold_loss":0},{"damage_healed":0,"gold_gain":0,"player_choice":"Traded Relic","damage_taken":0,"relics_obtained":["Nloth\u0027s Gift"],"max_hp_gain":0,"max_hp_loss":0,"event_name":"N\u0027loth","floor":24,"relics_lost":["Golden Idol"],"gold_loss":0},{"damage_healed":0,"gold_gain":0,"player_choice":"Forge","damage_taken":0,"max_hp_gain":0,"max_hp_loss":0,"event_name":"Accursed Blacksmith","floor":36,"gold_loss":0,"cards_upgraded":["Choke"]},{"damage_healed":0,"gold_gain":0,"player_choice":"Fight","damage_taken":0,"max_hp_gain":0,"max_hp_loss":0,"event_name":"MindBloom","floor":39,"gold_loss":0},{"damage_healed":0,"gold_gain":0,"player_choice":"Max HP","damage_taken":0,"max_hp_gain":0,"max_hp_loss":4,"event_name":"Winding Halls","floor":42,"gold_loss":0},{"cards_removed":["Strike_G"],"damage_healed":0,"gold_gain":0,"player_choice":"Removed Attack","damage_taken":0,"max_hp_gain":0,"max_hp_loss":0,"event_name":"Falling","floor":48,"gold_loss":0}],"is_beta":false,"boss_relics":[{"not_picked":["Velvet Choker","Busted Crown"],"picked":"Orrery"},{"not_picked":["Coffee Dripper","Lizard Tail"],"picked":"Philosopher\u0027s Stone"}],"items_purged_floors":[12,20,27],"is_endless":false,"potions_floor_spawned":[3,4,8,16,18,33,44],"ascension_level":0}