{"gold_per_floor":[119,119,194,194,208,208,236,236,236,267,281,295,295,470,470,572,572,585,585,367,378,388,388],"floor_reached":23,"playtime":2310,"items_purged":["Doubt"],"score":209,"play_id":"fc38b223-c028-4576-bc21-e766ab69b68d","local_time":"20190709233359","is_ascension_mode":true,"campfire_choices":[{"data":"Zap","floor":6,"key":"SMITH"},{"data":"Fusion","floor":8,"key":"SMITH"},{"floor":15,"key":"REST"}],"neow_cost":"NONE","seed_source_timestamp":20773257781500,"circlet_count":0,"master_deck":["Strike_B","Strike_B","Strike_B","Defend_B","Defend_B","Defend_B","Zap+1","Dualcast","Glacier","Hologram","Blizzard","Go for the Eyes","Fusion+1","White Noise","Defragment+1","Static Discharge","Chaos","Electrodynamics","Double Energy","Sunder+1","Steam+1"],"relics":["Cracked Core","Prayer Wheel","Blood Vial","Blue Candle","Eternal Feather","PreservedInsect"],"potions_floor_usage":[7],"damage_taken":[{"damage":0,"enemies":"Cultist","floor":1,"turns":4},{"damage":0,"enemies":"Jaw Worm","floor":5,"turns":3},{"damage":11,"enemies":"Lagavulin","floor":7,"turns":8},{"damage":49,"enemies":"Gremlin Nob","floor":10,"turns":6},{"damage":1,"enemies":"2 Louse","floor":11,"turns":3},{"damage":14,"enemies":"Lots of Slimes","floor":12,"turns":5},{"damage":32,"enemies":"Slime Boss","floor":16,"turns":10},{"damage":12,"enemies":"3 Byrds","floor":18,"turns":3},{"damage":19,"enemies":"Chosen","floor":21,"turns":6},{"damage":22,"enemies":"Sentry and Sphere","floor":22,"turns":5},{"damage":15,"enemies":"Gremlin Leader","floor":23,"turns":2}],"seed_played":"-3703360998434243502","potions_obtained":[{"floor":1,"key":"Regen Potion"},{"floor":7,"key":"SteroidPotion"},{"floor":11,"key":"Strength Potion"},{"floor":21,"key":"SpeedPotion"}],"is_trial":false,"path_per_floor":["M","T","?","?","M","R","E","R","T","E","M","M","?","?","R","B",null,"M","?","$","M","M","E"],"character_chosen":"DEFECT","items_purchased":["PreservedInsect"],"campfire_rested":1,"item_purchase_floors":[20],"current_hp_per_floor":[75,75,64,64,64,64,68,68,68,21,22,10,10,10,32,2,75,63,49,49,32,12,0],"gold":388,"neow_bonus":"TRANSFORM_CARD","is_prod":false,"is_daily":false,"chose_seed":false,"campfire_upgraded":2,"win_rate":0,"timestamp":1562708039,"path_taken":["M","?","?","?","?","R","E","R","T","E","M","M","?","?","R","BOSS","M","?","$","M","M","E"],"build_version":"2019-07-05","purchased_purges":1,"victory":false,"max_hp_per_floor":[75,75,75,75,75,75,75,75,75,75,75,75,75,75,75,75,75,75,80,80,80,80,80],"card_choices":[{"not_picked":["Reprogram","Rip and Tear"],"picked":"Hologram","floor":1},{"not_picked":["Streamline","Beam Cell"],"picked":"Blizzard","floor":5},{"not_picked":["Barrage","Consume"],"picked":"Go for the Eyes","floor":5},{"not_picked":["Storm","Reboot"],"picked":"Fusion","floor":7},{"not_picked":["Stack","Conserve Battery"],"picked":"White Noise","floor":10},{"not_picked":["Rebound","Recycle"],"picked":"Defragment","floor":11},{"not_picked":["Redo","Sweeping Beam","Barrage"],"picked":"SKIP","floor":11},{"not_picked":["Turbo","Streamline"],"picked":"Static Discharge","floor":12},{"not_picked":["Go for the Eyes","Cold Snap"],"picked":"Chaos","floor":12},{"not_picked":["Thunder Strike","Meteor Strike"],"picked":"Electrodynamics","floor":16},{"not_picked":["Hologram","Compile Driver+1"],"picked":"Double Energy","floor":18},{"not_picked":["Leap","Turbo","Compile Driver+1"],"picked":"SKIP","floor":18},{"not_picked":["Reinforced Body","Turbo"],"picked":"Sunder+1","floor":21},{"not_picked":["Streamline","Force Field"],"picked":"Steam+1","floor":21},{"not_picked":["Genetic Algorithm","Coolheaded","Hologram"],"picked":"SKIP","floor":22},{"not_picked":["Blizzard","Gash","Turbo"],"picked":"SKIP","floor":22}],"player_experience":110719,"relics_obtained":[{"floor":2,"key":"Prayer Wheel"},{"floor":7,"key":"Blood Vial"},{"floor":10,"key":"Blue Candle"}],"event_choices":[{"damage_healed":0,"gold_gain":75,"player_choice":"Gather Gold","damage_taken":11,"max_hp_gain":0,"max_hp_loss":0,"event_name":"World of Goop","floor":3,"gold_loss":0},{"cards_removed":["Defend_B"],"damage_healed":0,"gold_gain":0,"player_choice":"Offered Basic","damage_taken":0,"max_hp_gain":0,"max_hp_loss":0,"event_name":"Bonfire Elementals","floor":4,"gold_loss":0},{"damage_healed":0,"gold_gain":0,"player_choice":"Grow","damage_taken":0,"max_hp_gain":0,"max_hp_loss":0,"event_name":"Living Wall","floor":13,"gold_loss":0,"cards_upgraded":["Defragment"]},{"damage_healed":0,"gold_gain":175,"player_choice":"AGREE","damage_taken":0,"max_hp_gain":0,"max_hp_loss":0,"event_name":"Liars Game","floor":14,"gold_loss":0,"cards_obtained":["Doubt"]},{"damage_healed":0,"gold_gain":0,"player_choice":"Shed Blood","damage_taken":19,"max_hp_gain":5,"max_hp_loss":0,"event_name":"Forgotten Altar","floor":19,"gold_loss":0}],"is_beta":false,"boss_relics":[{"not_picked":["White Beast Statue","Calling Bell"],"picked":"Eternal Feather"}],"items_purged_floors":[20],"is_endless":false,"potions_floor_spawned":[1,7,11,21,22],"killed_by":"Gremlin Leader","ascension_level":1}