{"gold_per_floor":[20,32,43,58,133,133,308,336,336,336,362,111,111,124,124,219,219,232],"floor_reached":18,"playtime":1092,"items_purged":["Doubt"],"score":170,"play_id":"1c86e056-06d7-4870-9e80-51fbbdad416a","local_time":"20190707234931","is_ascension_mode":true,"campfire_choices":[{"floor":6,"key":"REST"},{"data":"Bash","floor":10,"key":"SMITH"},{"floor":15,"key":"REST"}],"neow_cost":"NO_GOLD","seed_source_timestamp":144244938617000,"circlet_count":0,"master_deck":["Strike_R","Strike_R","Strike_R","Strike_R","Strike_R","Defend_R","Defend_R","Defend_R","Bash+1","Cleave","Infernal Blade","Bloodletting","Battle Trance","Metamorphosis","Burning Pact","Bludgeon","Dual Wield"],"relics":["Burning Blood","Gambling Chip","Strawberry","Bottled Flame","Odd Mushroom","Mark of Pain"],"potions_floor_usage":[],"damage_taken":[{"damage":8,"enemies":"Small Slimes","floor":1,"turns":3},{"damage":6,"enemies":"2 Louse","floor":2,"turns":2},{"damage":10,"enemies":"Jaw Worm","floor":3,"turns":4},{"damage":14,"enemies":"Blue Slaver","floor":4,"turns":3},{"damage":11,"enemies":"Gremlin Nob","floor":8,"turns":3},{"damage":24,"enemies":"The Mushroom Lair","floor":11,"turns":4},{"damage":13,"enemies":"Looter","floor":14,"turns":3},{"damage":57,"enemies":"The Guardian","floor":16,"turns":7},{"damage":49,"enemies":"Shell Parasite","floor":18,"turns":7}],"seed_played":"-6532136612000417220","potions_obtained":[{"floor":1,"key":"Regen Potion"},{"floor":4,"key":"SkillPotion"},{"floor":14,"key":"FearPotion"}],"is_trial":false,"path_per_floor":["M","M","M","M","?","R","?","E","T","R","?","$","?","M","R","B",null,"M"],"character_chosen":"IRONCLAD","items_purchased":["Metamorphosis"],"campfire_rested":2,"item_purchase_floors":[12],"current_hp_per_floor":[78,78,74,66,55,79,79,81,81,81,63,63,56,49,75,24,87,44],"gold":232,"neow_bonus":"ONE_RARE_RELIC","is_prod":false,"is_daily":false,"chose_seed":false,"campfire_upgraded":1,"win_rate":0,"timestamp":1562536171,"path_taken":["M","M","M","M","?","R","?","E","T","R","?","$","?","M","R","BOSS","M"],"build_version":"2019-07-05","purchased_purges":1,"victory":false,"max_hp_per_floor":[80,80,80,80,80,80,80,87,87,87,87,87,87,87,87,87,87,87],"card_choices":[{"not_picked":["Reckless Charge","Fire Breathing"],"picked":"Cleave","floor":1},{"not_picked":["Thunderclap","Warcry"],"picked":"Infernal Blade","floor":2},{"not_picked":["Body Slam","Cleave","Armaments"],"picked":"SKIP","floor":3},{"not_picked":["Shrug It Off","Corruption"],"picked":"Bloodletting","floor":4},{"not_picked":["Cleave","Thunderclap","Searing Blow"],"picked":"SKIP","floor":8},{"not_picked":["Headbutt","Spot Weakness"],"picked":"Battle Trance","floor":11},{"not_picked":["True Grit","Wild Strike"],"picked":"Burning Pact","floor":14},{"not_picked":["Double Tap","Offering"],"picked":"Bludgeon","floor":16},{"not_picked":["Intimidate","Wild Strike"],"picked":"Dual Wield","floor":18}],"player_experience":22972,"relics_obtained":[{"floor":8,"key":"Strawberry"},{"floor":9,"key":"Bottled Flame"},{"floor":11,"key":"Odd Mushroom"}],"event_choices":[{"damage_healed":0,"gold_gain":75,"player_choice":"Gather Gold","damage_taken":11,"max_hp_gain":0,"max_hp_loss":0,"event_name":"World of Goop","floor":5,"gold_loss":0},{"damage_healed":0,"gold_gain":175,"player_choice":"AGREE","damage_taken":0,"max_hp_gain":0,"max_hp_loss":0,"event_name":"Liars Game","floor":7,"gold_loss":0,"cards_obtained":["Doubt"]},{"damage_healed":0,"gold_gain":0,"player_choice":"Fought Mushrooms","damage_taken":0,"max_hp_gain":0,"max_hp_loss":0,"event_name":"Mushrooms","floor":11,"gold_loss":0},{"cards_removed":["Defend_R"],"damage_healed":0,"gold_gain":0,"player_choice":"Card Removal","damage_taken":7,"max_hp_gain":0,"max_hp_loss":0,"event_name":"Golden Wing","floor":13,"gold_loss":0}],"is_beta":false,"boss_relics":[{"not_picked":["Coffee Dripper","White Beast Statue"],"picked":"Mark of Pain"}],"items_purged_floors":[12],"is_endless":false,"potions_floor_spawned":[1,4,14,18],"killed_by":"Shell Parasite","ascension_level":1}