{"gold_per_floor":[114,125,142,155,155,155,184,198,198,348,348,373,373,408,408,486,486,498,598,598,617,636,636,561,561,561,592,592,592,610,50,50,127,127,146,163,74,74,87,87,122,122,146,178,49,66,66,66,66,66],"floor_reached":51,"playtime":3484,"items_purged":["Strike_R"],"score":1397,"play_id":"c64878fe-883a-4f2e-8f82-f424e9058363","local_time":"20190521220953","is_ascension_mode":true,"campfire_choices":[{"data":"Anger","floor":6.0,"key":"SMITH"},{"data":"Metallicize","floor":11.0,"key":"SMITH"},{"floor":13.0,"key":"REST"},{"data":"Iron Wave","floor":15.0,"key":"SMITH"},{"floor":23.0,"key":"REST"},{"data":"Inflame","floor":25.0,"key":"SMITH"},{"data":"Pommel Strike","floor":29.0,"key":"SMITH"},{"data":"Metallicize","floor":32.0,"key":"SMITH"},{"data":"True Grit","floor":40.0,"key":"SMITH"},{"floor":42.0,"key":"REST"},{"data":"Barricade","floor":47.0,"key":"SMITH"},{"floor":49.0,"key":"REST"}],"neow_cost":"NONE","seed_source_timestamp":96660268242674,"circlet_count":0,"master_deck":["AscendersBane","Bash+1","Anger+1","Fiend Fire+1","Iron Wave+1","Metallicize+1","Doubt","Pommel Strike+1","Iron Wave+1","Immolate+1","Ghostly Armor+1","Shrug It Off+1","Inflame+1","Sever Soul+1","Anger+1","Writhe","Hemokinesis+1","Metallicize+1","Pummel+1","Barricade+1","Warcry+1","Entrench+1","Impervious+1","Fire Breathing+1","Carnage+1","Clash+1","True Grit+1","Pummel+1","Battle Trance+1","True Grit+1","True Grit+1","Impervious+1","Heavy Blade+1","Impervious+1"],"special_seed":0,"relics":["Burning Blood","Pear","Darkstone Periapt","Question Card","Mercury Hourglass","Molten Egg 2","Mark of Pain","Du-Vu Doll","Shuriken","Smiling Mask","The Courier","Happy Flower","Art of War","Ornamental Fan","Pandora\u0027s Box","Toxic Egg 2","PreservedInsect","Regal Pillow","Oddly Smooth Stone","Mark of the Bloom"],"potions_floor_usage":[50,50],"damage_taken":[{"damage":6.0,"enemies":"Jaw Worm","floor":1.0,"turns":4.0},{"damage":2.0,"enemies":"2 Louse","floor":2.0,"turns":3.0},{"damage":2.0,"enemies":"Small Slimes","floor":3.0,"turns":4.0},{"damage":11.0,"enemies":"Blue Slaver","floor":4.0,"turns":4.0},{"damage":24.0,"enemies":"Lagavulin","floor":7.0,"turns":6.0},{"damage":6.0,"enemies":"3 Louse","floor":8.0,"turns":3.0},{"damage":52.0,"enemies":"Gremlin Nob","floor":12.0,"turns":6.0},{"damage":22.0,"enemies":"Lagavulin","floor":14.0,"turns":7.0},{"damage":32.0,"enemies":"Slime Boss","floor":16.0,"turns":11.0},{"damage":13.0,"enemies":"2 Thieves","floor":18.0,"turns":3.0},{"damage":13.0,"enemies":"Colosseum Slavers","floor":19.0,"turns":4.0},{"damage":32.0,"enemies":"Colosseum Nobs","floor":19.0,"turns":5.0},{"damage":0.0,"enemies":"Spheric Guardian","floor":21.0,"turns":3.0},{"damage":26.0,"enemies":"Shelled Parasite and Fungi","floor":22.0,"turns":3.0},{"damage":22.0,"enemies":"Slavers","floor":27.0,"turns":3.0},{"damage":0.0,"enemies":"3 Cultists","floor":30.0,"turns":4.0},{"damage":52.0,"enemies":"Automaton","floor":33.0,"turns":8.0},{"damage":6.0,"enemies":"Orb Walker","floor":35.0,"turns":3.0},{"damage":24.0,"enemies":"3 Shapes","floor":36.0,"turns":6.0},{"damage":2.0,"enemies":"Maw","floor":39.0,"turns":7.0},{"damage":29.0,"enemies":"Nemesis","floor":41.0,"turns":7.0},{"damage":2.0,"enemies":"Giant Head","floor":44.0,"turns":7.0},{"damage":11.0,"enemies":"Sphere and 2 Shapes","floor":46.0,"turns":4.0},{"damage":18,"enemies":"Time Eater","floor":50,"turns":9}],"seed_played":"-4902995941419440570","potions_obtained":[{"floor":3.0,"key":"Fire Potion"},{"floor":7.0,"key":"Regen Potion"},{"floor":14.0,"key":"BloodPotion"},{"floor":16.0,"key":"BloodPotion"},{"floor":19.0,"key":"LiquidBronze"},{"floor":21.0,"key":"Regen Potion"},{"floor":36.0,"key":"Strength Potion"},{"floor":46.0,"key":"Weak Potion"}],"is_trial":false,"path_per_floor":["M","M","M","M","?","R","E","M","T","?","R","E","R","E","R","B",null,"M","?","?","M","M","R","?","R","T","E","?","R","M","$","R","B",null,"M","M","$","?","M","R","E","R","T","E","$","M","R","?","R","B",null],"character_chosen":"IRONCLAD","items_purchased":["Metallicize","Pummel+1","Art of War","Ornamental Fan","SkillPotion","True Grit","Block Potion","Impervious+1"],"campfire_rested":4,"item_purchase_floors":[31,31,31,31,31,37,37,45],"current_hp_per_floor":[68,72,75,70,75,75,57,57,57,63,63,32,59,43,43,26,75,68,35,53,59,39,66,66,66,66,59,65,65,71,71,71,25,79,79,61,61,61,65,65,42,71,71,75,75,70,70,70,70,52],"gold":66,"neow_bonus":"UPGRADE_CARD","is_prod":false,"is_daily":false,"chose_seed":false,"campfire_upgraded":8,"win_rate":0,"timestamp":1558501793,"path_taken":["M","M","M","M","?","R","E","M","T","?","R","E","R","E","R","BOSS","M","?","?","M","M","R","?","R","T","E","?","R","M","$","R","BOSS","M","M","$","?","?","R","E","R","T","E","$","M","R","?","R","BOSS"],"build_version":"2019-01-23","purchased_purges":1,"victory":true,"max_hp_per_floor":[75,75,75,75,85,85,85,85,85,91,91,91,91,91,91,91,91,91,91,91,91,91,91,91,91,91,91,97,97,97,97,97,97,97,97,97,97,97,97,97,97,97,97,97,97,97,97,97,97,97],"card_choices":[{"not_picked":["True Grit","Body Slam"],"picked":"Anger","floor":1.0},{"not_picked":["Thunderclap","Body Slam"],"picked":"Fiend Fire","floor":2.0},{"not_picked":["True Grit","Headbutt"],"picked":"Iron Wave","floor":3.0},{"not_picked":["Sword Boomerang","Pommel Strike"],"picked":"Clash","floor":4.0},{"not_picked":["Rupture","Dual Wield","Flex"],"picked":"SKIP","floor":7.0},{"not_picked":["Anger","Sword Boomerang"],"picked":"Metallicize","floor":8.0},{"not_picked":["Warcry","True Grit","Second Wind"],"picked":"Pommel Strike","floor":12.0},{"not_picked":["Infernal Blade","Havoc","Warcry"],"picked":"Iron Wave","floor":14.0},{"not_picked":["Fiend Fire+1","Exhume","Brutality"],"picked":"Immolate+1","floor":16.0},{"not_picked":["Rupture","Flex","Anger+1"],"picked":"Ghostly Armor","floor":18.0},{"not_picked":["Warcry","Body Slam+1","True Grit"],"picked":"Shrug It Off+1","floor":19.0},{"not_picked":["True Grit","Ghostly Armor","Clash+1"],"picked":"Inflame","floor":21.0},{"not_picked":["Thunderclap+1","Headbutt+1","Shrug It Off"],"picked":"Sever Soul+1","floor":22.0},{"not_picked":["Brutality","Second Wind+1","Fire Breathing"],"picked":"Anger+1","floor":27.0},{"not_picked":["Burning Pact","Thunderclap+1","Sword Boomerang+1"],"picked":"Hemokinesis+1","floor":30.0},{"not_picked":["Dark Embrace","Feed+1","Juggernaut"],"picked":"Barricade","floor":33.0},{"not_picked":["Iron Wave+1","Rupture","Cleave+1"],"picked":"Pummel+1","floor":35.0},{"not_picked":["Clothesline+1","Fire Breathing","Seeing Red"],"picked":"Battle Trance","floor":36.0},{"not_picked":["Sword Boomerang+1","Power Through+1","Shrug It Off+1"],"picked":"True Grit+1","floor":39.0},{"not_picked":["Burning Pact+1","Infernal Blade+1","Flex+1"],"picked":"Impervious+1","floor":41.0},{"not_picked":["Corruption","Uppercut+1","Sword Boomerang+1"],"picked":"Heavy Blade+1","floor":44.0},{"not_picked":["Anger+1","Fire Breathing","Burning Pact+1","Bloodletting+1"],"picked":"SKIP","floor":46.0}],"player_experience":739549,"relics_obtained":[{"floor":7.0,"key":"Darkstone Periapt"},{"floor":9.0,"key":"Question Card"},{"floor":12.0,"key":"Mercury Hourglass"},{"floor":14.0,"key":"Molten Egg 2"},{"floor":19.0,"key":"Du-Vu Doll"},{"floor":19.0,"key":"Shuriken"},{"floor":26.0,"key":"Smiling Mask"},{"floor":27.0,"key":"The Courier"},{"floor":41.0,"key":"PreservedInsect"},{"floor":43.0,"key":"Regal Pillow"},{"floor":44.0,"key":"Oddly Smooth Stone"}],"event_choices":[{"damage_healed":0.0,"max_hp_gain":0.0,"max_hp_loss":0.0,"gold_gain":0.0,"event_name":"Scrap Ooze","player_choice":"Success","floor":5.0,"gold_loss":0.0,"damage_taken":5.0,"relics_obtained":["Pear"]},{"damage_healed":0.0,"max_hp_gain":0.0,"max_hp_loss":0.0,"gold_gain":150.0,"event_name":"Liars Game","player_choice":"AGREE","floor":10.0,"gold_loss":0.0,"damage_taken":0.0,"cards_obtained":["Doubt"]},{"damage_healed":0.0,"max_hp_gain":0.0,"max_hp_loss":0.0,"gold_gain":0.0,"event_name":"Colosseum","player_choice":"Fight","floor":19.0,"gold_loss":0.0,"damage_taken":0.0},{"damage_healed":0.0,"max_hp_gain":0.0,"max_hp_loss":0.0,"gold_gain":0.0,"event_name":"Colosseum","player_choice":"Fought Nobs","floor":19.0,"gold_loss":0.0,"damage_taken":0.0},{"damage_healed":18.0,"max_hp_gain":0.0,"max_hp_loss":0.0,"gold_gain":0.0,"event_name":"The Library","player_choice":"Heal","floor":20.0,"gold_loss":0.0,"damage_taken":0.0},{"cards_removed":["Strike_R"],"damage_healed":0.0,"max_hp_gain":0.0,"max_hp_loss":0.0,"gold_gain":0.0,"event_name":"Beggar","player_choice":"Gave Gold","floor":24.0,"gold_loss":75.0,"damage_taken":0.0},{"damage_healed":0.0,"max_hp_gain":0.0,"max_hp_loss":0.0,"gold_gain":0.0,"event_name":"The Mausoleum","player_choice":"Opened","floor":28.0,"gold_loss":0.0,"damage_taken":0.0,"relics_obtained":["Happy Flower"],"cards_obtained":["Writhe"]},{"cards_removed":["Clash"],"damage_healed":0.0,"max_hp_gain":0.0,"max_hp_loss":0.0,"gold_gain":0.0,"event_name":"WeMeetAgain","player_choice":"Gave Card","floor":38.0,"gold_loss":0.0,"damage_taken":0.0,"relics_obtained":["Toxic Egg 2"]},{"damage_healed":0.0,"max_hp_gain":0.0,"max_hp_loss":0.0,"gold_gain":0.0,"event_name":"MindBloom","player_choice":"Upgrade","floor":48.0,"gold_loss":0.0,"damage_taken":0.0,"cards_upgraded":["Bash","Fiend Fire","Ghostly Armor","Warcry","Entrench","Impervious","Fire Breathing","Battle Trance","True Grit"],"relics_obtained":["Mark of the Bloom"]}],"is_beta":false,"boss_relics":[{"not_picked":["Runic Dome","Runic Cube"],"picked":"Mark of Pain"},{"not_picked":["Runic Pyramid","Lizard Tail"],"picked":"Pandora\u0027s Box"}],"items_purged_floors":[31],"is_endless":false,"potions_floor_spawned":[3,7,14,16,19,21,36,46],"ascension_level":19}