{"gold_per_floor":[114,114,114,141,33,63,63,78,78,78,93,93,123,21,21,21],"floor_reached":16,"playtime":902,"items_purged":[],"score":108,"play_id":"02c4ba6d-bb8f-419d-a46c-225f0c0c0962","local_time":"20181114170139","daily_mods":["Heirloom","Red Cards","Elite Swarm"],"is_ascension_mode":false,"campfire_choices":[{"floor":7,"key":"REST"},{"floor":15,"key":"REST"}],"neow_cost":"","seed_source_timestamp":0,"circlet_count":0,"master_deck":["Defend_G","Defend_G+1","Defend_G","Defend_G","Defend_G","Strike_G","Strike_G","Strike_G","Strike_G","Strike_G","Survivor+1","Neutralize","Intimidate","Regret","Skewer","Dark Embrace+1","Dagger Spray","Flex","Parasite","Glass Knife","Crippling Poison","Sword Boomerang"],"special_seed":17849,"relics":["Ring of the Snake","FossilizedHelix","MawBank","Tiny Chest","Calipers","Bronze Scales","Prayer Wheel"],"potions_floor_usage":[6,13,16],"damage_taken":[{"damage":0,"enemies":"2 Louse","floor":1,"turns":4},{"damage":15,"enemies":"Jaw Worm","floor":4,"turns":5},{"damage":19,"enemies":"3 Sentries","floor":6,"turns":11},{"damage":4,"enemies":"Cultist","floor":8,"turns":6},{"damage":0,"enemies":"2 Fungi Beasts","floor":11,"turns":3},{"damage":22,"enemies":"Gremlin Nob","floor":13,"turns":5},{"damage":64,"enemies":"Slime Boss","floor":16,"turns":10}],"seed_played":"3344532573171370413","potions_obtained":[{"floor":1,"key":"Fire Potion"},{"floor":6,"key":"Block Potion"},{"floor":11,"key":"Explosive Potion"}],"is_trial":false,"path_per_floor":["M","?","?","M","$","E","R","M","T","?","M","?","E","$","R","B"],"character_chosen":"THE_SILENT","items_purchased":["Tiny Chest","Crippling Poison","Sword Boomerang"],"campfire_rested":2,"item_purchase_floors":[5,14,14],"current_hp_per_floor":[70,56,56,41,41,22,43,39,39,39,39,56,34,34,55,0],"gold":21,"neow_bonus":"","is_prod":false,"is_daily":true,"chose_seed":false,"campfire_upgraded":0,"win_rate":0,"timestamp":1542232899,"path_taken":["M","?","?","?","$","E","R","?","T","?","M","?","E","?","R","BOSS"],"build_version":"2018-11-08","purchased_purges":0,"victory":false,"max_hp_per_floor":[70,70,70,70,70,70,70,70,70,70,70,70,70,70,70,70],"card_choices":[{"not_picked":["Backflip","Slice"],"picked":"Intimidate","floor":1},{"not_picked":["Catalyst","PiercingWail"],"picked":"Skewer","floor":4},{"not_picked":["Burst","Phantasmal Killer"],"picked":"Dark Embrace","floor":6},{"not_picked":["Clash","Dodge and Roll"],"picked":"Dagger Spray","floor":8},{"not_picked":["Clash","Anger"],"picked":"Flex","floor":11},{"not_picked":["Venomology","Demon Form"],"picked":"Glass Knife","floor":13}],"player_experience":485559,"relics_obtained":[{"floor":6,"key":"Calipers"},{"floor":9,"key":"Bronze Scales"},{"floor":13,"key":"Prayer Wheel"}],"event_choices":[{"damage_healed":0,"gold_gain":0,"player_choice":"Entered Light","damage_taken":14,"max_hp_gain":0,"max_hp_loss":0,"event_name":"Shining Light","floor":2,"gold_loss":0,"cards_upgraded":["Survivor","Defend_G"]},{"damage_healed":0,"gold_gain":0,"player_choice":"Box","damage_taken":0,"relics_obtained":["MawBank"],"max_hp_gain":0,"max_hp_loss":0,"event_name":"Big Fish","floor":3,"gold_loss":0,"cards_obtained":["Regret"]},{"damage_healed":0,"gold_gain":0,"player_choice":"Grow","damage_taken":0,"max_hp_gain":0,"max_hp_loss":0,"event_name":"Living Wall","floor":10,"gold_loss":0,"cards_upgraded":["Dark Embrace"]},{"damage_healed":17,"gold_gain":0,"player_choice":"Healed and dodged fight","damage_taken":0,"max_hp_gain":0,"max_hp_loss":0,"event_name":"Mushrooms","floor":12,"gold_loss":0,"cards_obtained":["Parasite"]}],"is_beta":false,"boss_relics":[],"items_purged_floors":[],"is_endless":false,"potions_floor_spawned":[1,6,11],"killed_by":"Slime Boss","ascension_level":0}