{"gold_per_floor":[212,11,26,39,39,73,73,108,189,223,173,191,191,211,211,288,288,304,322,335,221,238,238,267,7,7,0,0,0,30,30,30,109,109,119,119,134,1,12,12,112,137,137,163,215,247,266,266,266,266],"floor_reached":51,"playtime":3306,"items_purged":["Strike_R"],"score":1409,"play_id":"7039772d-df32-4099-b7cb-a65964f88b88","local_time":"20190705091741","is_ascension_mode":true,"campfire_choices":[{"data":"Flame Barrier","floor":7.0,"key":"SMITH"},{"data":"Armaments","floor":13.0,"key":"SMITH"},{"data":"Bludgeon","floor":15.0,"key":"SMITH"},{"data":"Feel No Pain","floor":23.0,"key":"SMITH"},{"data":"Disarm","floor":28.0,"key":"SMITH"},{"data":"Spot Weakness","floor":32.0,"key":"SMITH"},{"data":"Disarm","floor":40,"key":"SMITH"},{"data":"Inflame","floor":49,"key":"SMITH"}],"neow_cost":"NONE","seed_source_timestamp":1122577336320956,"circlet_count":0,"master_deck":["AscendersBane","Strike_R+1","Strike_R","Strike_R","Defend_R+1","Defend_R","Defend_R+1","Defend_R","Bash","Twin Strike","Anger","Cleave+1","Disarm+1","Flame Barrier+1","Bludgeon+1","Corruption","Armaments+1","Inflame+1","Barricade","Shrug It Off","Flex+1","Spot Weakness+1","Feel No Pain+1","Disarm+1","Battle Trance+1","Limit Break+1","Shrug It Off+1","Battle Trance+1","True Grit+1","Battle Trance+1"],"special_seed":0,"relics":["Burning Blood","Bag of Marbles","Ice Cream","Pen Nib","Letter Opener","Champion Belt","Odd Mushroom","Snecko Eye","Vajra","Toxic Egg 2","War Paint","Dream Catcher","Dead Branch","Coffee Dripper","Charon\u0027s Ashes","Lantern","Kunai","Calipers","Du-Vu Doll","StoneCalendar"],"potions_floor_usage":[50],"damage_taken":[{"damage":10.0,"enemies":"Jaw Worm","floor":1.0,"turns":6.0},{"damage":9.0,"enemies":"2 Louse","floor":3.0,"turns":2.0},{"damage":0.0,"enemies":"Small Slimes","floor":4.0,"turns":2.0},{"damage":14.0,"enemies":"Gremlin Nob","floor":6.0,"turns":3.0},{"damage":17.0,"enemies":"3 Sentries","floor":8.0,"turns":7.0},{"damage":18.0,"enemies":"Lagavulin","floor":10.0,"turns":4.0},{"damage":0.0,"enemies":"3 Louse","floor":12.0,"turns":1.0},{"damage":7.0,"enemies":"The Mushroom Lair","floor":14.0,"turns":3.0},{"damage":29.0,"enemies":"Slime Boss","floor":16.0,"turns":9.0},{"damage":6.0,"enemies":"Spheric Guardian","floor":18.0,"turns":3.0},{"damage":0.0,"enemies":"2 Thieves","floor":19.0,"turns":3.0},{"damage":2.0,"enemies":"3 Cultists","floor":20.0,"turns":4.0},{"damage":3.0,"enemies":"Sentry and Sphere","floor":22.0,"turns":4.0},{"damage":10.0,"enemies":"Gremlin Leader","floor":24.0,"turns":4.0},{"damage":0.0,"enemies":"Book of Stabbing","floor":30.0,"turns":4.0},{"damage":8.0,"enemies":"Champ","floor":33.0,"turns":5.0},{"damage":1,"enemies":"3 Darklings","floor":35,"turns":3},{"damage":0,"enemies":"3 Shapes","floor":37,"turns":4},{"damage":0,"enemies":"Jaw Worm Horde","floor":39,"turns":3},{"damage":0,"enemies":"Mind Bloom Boss Battle","floor":41,"turns":4},{"damage":13,"enemies":"Reptomancer","floor":42,"turns":4},{"damage":24,"enemies":"Giant Head","floor":44,"turns":7},{"damage":0,"enemies":"2 Orb Walkers","floor":45,"turns":1},{"damage":37,"enemies":"Reptomancer","floor":46,"turns":3},{"damage":0,"enemies":"Sphere and 2 Shapes","floor":47,"turns":4},{"damage":0,"enemies":"Awakened One","floor":50,"turns":4}],"seed_played":"-2439744598114872573","potions_obtained":[{"floor":3.0,"key":"Regen Potion"},{"floor":4.0,"key":"SteroidPotion"},{"floor":14.0,"key":"Explosive Potion"},{"floor":19.0,"key":"Explosive Potion"},{"floor":24.0,"key":"Ancient Potion"},{"floor":30.0,"key":"Swift Potion"},{"floor":37,"key":"Dexterity Potion"}],"is_trial":false,"path_per_floor":["M","$","M","M","?","E","R","E","T","E","?","M","R","?","R","B",null,"M","M","M","$","M","R","E","$","T","?","R","?","E","T","R","B",null,"M","?","M","$","M","R","?","E","T","E","?","E","M","?","R","B",null],"character_chosen":"IRONCLAD","items_purchased":["Bag of Marbles","Anger","Spot Weakness","Toxic Egg 2","Limit Break+1","Shrug It Off+1"],"campfire_rested":0,"item_purchase_floors":[2,2,21,25,38,38],"current_hp_per_floor":[68,68,65,71,55,47,47,51,51,39,39,45,45,44,44,21,65,65,71,75,75,78,78,74,74,74,74,74,74,80,80,80,78,80,80,76,76,76,76,76,76,69,69,51,57,26,32,32,32,38],"gold":266,"neow_bonus":"HUNDRED_GOLD","is_prod":false,"is_daily":false,"chose_seed":false,"campfire_upgraded":8,"win_rate":0,"timestamp":1562336261,"path_taken":["M","$","M","M","?","E","R","E","T","E","?","M","R","?","R","BOSS","M","M","M","$","M","R","E","$","T","?","R","?","E","?","R","BOSS","M","?","M","$","M","R","?","E","T","E","?","E","M","?","R","BOSS"],"build_version":"2019-07-01","purchased_purges":1,"victory":true,"max_hp_per_floor":[80,80,80,80,80,80,80,80,80,80,80,80,80,80,80,80,80,80,80,80,80,80,80,80,80,80,80,80,80,80,80,80,80,80,80,76,76,76,76,76,76,76,76,76,76,76,76,76,76,76],"card_choices":[{"not_picked":["Sword Boomerang","Dropkick"],"picked":"Twin Strike","floor":1.0},{"not_picked":["Fire Breathing","Burning Pact"],"picked":"Cleave","floor":3.0},{"not_picked":["Fire Breathing","Heavy Blade"],"picked":"Disarm","floor":4.0},{"not_picked":["Twin Strike","Anger"],"picked":"Flame Barrier","floor":6.0},{"not_picked":["Perfected Strike","Uppercut"],"picked":"Bludgeon","floor":8.0},{"not_picked":["Pummel","Perfected Strike"],"picked":"Corruption","floor":10.0},{"not_picked":["Twin Strike","Anger"],"picked":"Armaments","floor":12.0},{"not_picked":["Perfected Strike","Body Slam"],"picked":"Inflame","floor":14.0},{"not_picked":["Berserk","Brutality"],"picked":"Barricade","floor":16.0},{"not_picked":["Pommel Strike","Corruption"],"picked":"Shrug It Off","floor":18.0},{"not_picked":["Headbutt","Body Slam","Anger"],"picked":"SKIP","floor":19.0},{"not_picked":["Headbutt","Iron Wave"],"picked":"Flex+1","floor":20.0},{"not_picked":["Warcry","Havoc"],"picked":"Feel No Pain","floor":22.0},{"not_picked":["Clothesline","Iron Wave"],"picked":"Disarm","floor":24.0},{"not_picked":["Juggernaut","Armaments+1"],"picked":"Battle Trance+1","floor":30.0},{"not_picked":["Immolate","Fiend Fire"],"picked":"Bludgeon","floor":33.0},{"not_picked":["Headbutt+1","Rupture","Evolve+1"],"picked":"SKIP","floor":35},{"not_picked":["Wild Strike","Cleave","Flex+1"],"picked":"SKIP","floor":37},{"not_picked":["Perfected Strike","Rampage","Anger"],"picked":"SKIP","floor":39},{"not_picked":["Armaments+1","Sentinel+1"],"picked":"Battle Trance+1","floor":42},{"not_picked":["Heavy Blade","Clash","Pummel"],"picked":"SKIP","floor":44},{"not_picked":["Combust","Thunderclap+1"],"picked":"True Grit+1","floor":45},{"not_picked":["Headbutt","Carnage"],"picked":"Battle Trance+1","floor":46},{"not_picked":["Twin Strike","Anger","Fiend Fire"],"picked":"SKIP","floor":47}],"player_experience":132838,"relics_obtained":[{"floor":6.0,"key":"Ice Cream"},{"floor":8.0,"key":"Pen Nib"},{"floor":9.0,"key":"Letter Opener"},{"floor":10.0,"key":"Champion Belt"},{"floor":14.0,"key":"Odd Mushroom"},{"floor":24.0,"key":"Vajra"},{"floor":26.0,"key":"War Paint"},{"floor":30.0,"key":"Dream Catcher"},{"floor":31.0,"key":"Dead Branch"},{"floor":41,"key":"Charon\u0027s Ashes"},{"floor":42,"key":"Lantern"},{"floor":43,"key":"Kunai"},{"floor":44,"key":"Calipers"},{"floor":45,"key":"Du-Vu Doll"},{"floor":46,"key":"StoneCalendar"}],"event_choices":[{"damage_healed":0.0,"max_hp_gain":0.0,"max_hp_loss":0.0,"gold_gain":0.0,"event_name":"Shining Light","player_choice":"Entered Light","floor":5.0,"gold_loss":0.0,"damage_taken":16.0,"cards_upgraded":["Cleave","Strike_R"]},{"cards_removed":["Strike_R"],"damage_healed":0.0,"max_hp_gain":0.0,"max_hp_loss":0.0,"gold_gain":0.0,"event_name":"The Cleric","player_choice":"Card Removal","floor":11.0,"gold_loss":50.0,"damage_taken":0.0},{"damage_healed":0.0,"max_hp_gain":0.0,"max_hp_loss":0.0,"gold_gain":0.0,"event_name":"Mushrooms","player_choice":"Fought Mushrooms","floor":14.0,"gold_loss":0.0,"damage_taken":0.0},{"damage_healed":0.0,"max_hp_gain":0.0,"max_hp_loss":0.0,"gold_gain":0.0,"event_name":"Masked Bandits","player_choice":"Paid Fearfully","floor":27.0,"gold_loss":7.0,"damage_taken":0.0},{"damage_healed":0,"gold_gain":0,"player_choice":"Max HP","damage_taken":0,"max_hp_gain":0,"max_hp_loss":4,"event_name":"Winding Halls","floor":36,"gold_loss":0},{"damage_healed":0,"gold_gain":0,"player_choice":"Fight","damage_taken":0,"max_hp_gain":0,"max_hp_loss":0,"event_name":"MindBloom","floor":41,"gold_loss":0},{"damage_healed":0,"gold_gain":0,"player_choice":"Fight","damage_taken":0,"max_hp_gain":0,"max_hp_loss":0,"event_name":"Mysterious Sphere","floor":45,"gold_loss":0},{"cards_removed":["Bludgeon"],"damage_healed":0,"gold_gain":0,"player_choice":"Removed Attack","damage_taken":0,"max_hp_gain":0,"max_hp_loss":0,"event_name":"Falling","floor":48,"gold_loss":0}],"is_beta":false,"boss_relics":[{"not_picked":["Ectoplasm","Sozu"],"picked":"Snecko Eye"},{"not_picked":["Eternal Feather","Busted Crown"],"picked":"Coffee Dripper"}],"items_purged_floors":[21],"is_endless":false,"potions_floor_spawned":[3,4,14,19,24,30,35,37,41,46],"ascension_level":13}