{"gold_per_floor":[15,15,27,45,56,56,76,111,138,138],"floor_reached":10,"playtime":401,"items_purged":[],"score":140,"play_id":"0b4e9bc0-6cb6-48c2-9ea9-d0948a8a1bbe","local_time":"20190621210448","is_ascension_mode":true,"campfire_choices":[{"data":"Chaos","floor":6.0,"key":"SMITH"}],"neow_cost":"NO_GOLD","seed_source_timestamp":362444043694914,"circlet_count":0,"master_deck":["AscendersBane","Strike_B","Strike_B","Strike_B","Defend_B","Defend_B","Defend_B","Zap","Dualcast","Go for the Eyes","Double Energy","Go for the Eyes","Sweeping Beam","Chaos+1","Rebound","Machine Learning","Scrape"],"special_seed":0,"relics":["Cracked Core","Dream Catcher","Orichalcum","Happy Flower"],"potions_floor_usage":[],"damage_taken":[{"damage":0.0,"enemies":"Cultist","floor":1.0,"turns":3.0},{"damage":12.0,"enemies":"2 Louse","floor":3.0,"turns":3.0},{"damage":9.0,"enemies":"Small Slimes","floor":4.0,"turns":3.0},{"damage":9.0,"enemies":"2 Fungi Beasts","floor":5.0,"turns":4.0},{"damage":7.0,"enemies":"Exordium Wildlife","floor":7.0,"turns":3.0},{"damage":26,"enemies":"3 Sentries","floor":8,"turns":6},{"damage":14,"enemies":"Gremlin Nob","floor":10,"turns":3}],"seed_played":"-6762902610084530026","potions_obtained":[{"floor":3.0,"key":"Regen Potion"},{"floor":5.0,"key":"EssenceOfSteel"}],"is_trial":false,"path_per_floor":["M","T","M","M","M","R","M","E","T","E"],"character_chosen":"DEFECT","items_purchased":[],"campfire_rested":0,"item_purchase_floors":[],"current_hp_per_floor":[64,64,52,43,46,46,39,13,13,0],"gold":138,"neow_bonus":"TRANSFORM_TWO_CARDS","is_prod":false,"is_daily":false,"chose_seed":false,"campfire_upgraded":1,"win_rate":0,"timestamp":1561176288,"path_taken":["M","?","M","M","M","R","M","E","T","E"],"build_version":"2019-01-23","purchased_purges":0,"victory":false,"max_hp_per_floor":[71,71,71,71,71,71,71,71,71,71],"card_choices":[{"not_picked":["Turbo","Coolheaded"],"picked":"Go for the Eyes","floor":1.0},{"not_picked":["Stack","Fusion"],"picked":"Sweeping Beam","floor":3.0},{"not_picked":["Gash","Ball Lightning"],"picked":"Chaos","floor":4.0},{"not_picked":["Hologram","Reinforced Body"],"picked":"Rebound","floor":5.0},{"not_picked":["Heatsinks","Beam Cell"],"picked":"Machine Learning","floor":7.0},{"not_picked":["Blizzard","Storm"],"picked":"Scrape","floor":8}],"player_experience":851558,"relics_obtained":[{"floor":2.0,"key":"Dream Catcher"},{"floor":8,"key":"Orichalcum"},{"floor":9,"key":"Happy Flower"}],"event_choices":[],"is_beta":false,"boss_relics":[],"items_purged_floors":[],"is_endless":false,"potions_floor_spawned":[3,5],"killed_by":"Gremlin Nob","ascension_level":20}