{"gold_per_floor":[110,35,48,48,68,68,97,97,97,131,131,147,178,188,188,292,292,276,287,187,187,202,228,228,228,228,260,260,274,308,318,318,423,423,433,308,325,339,351,378,378,83,83,113,132,132,161,176,176,176,176,176,1,26,26],"floor_reached":56,"playtime":6670,"items_purged":["Strike_G","Strike_G","Defend_G","Defend_G","Defend_G"],"score":1586,"play_id":"c7a1e71a-ee2f-4912-bda2-2860644ec82c","local_time":"20190710165701","is_ascension_mode":true,"campfire_choices":[{"data":"Cloak And Dagger","floor":6,"key":"SMITH"},{"data":"Accuracy","floor":11,"key":"SMITH"},{"data":"Neutralize","floor":15,"key":"SMITH"},{"data":"After Image","floor":25,"key":"SMITH"},{"floor":28,"key":"DIG"},{"floor":32,"key":"DIG"},{"floor":41,"key":"DIG"},{"floor":46,"key":"RECALL"},{"floor":49,"key":"DIG"},{"data":"Burst","floor":52,"key":"SMITH"}],"neow_cost":"NONE","seed_source_timestamp":14521812348400,"circlet_count":0,"master_deck":["Defend_G","Survivor","Neutralize+1","Accuracy+1","Cloak And Dagger+1","Deflect","Infinite Blades","Backflip","Burst+1","Dodge and Roll","After Image+1","Acrobatics+1","Bite","Bite","Bite","Bite","Bite","Endless Agony","Storm of Steel+1","Well Laid Plans","Blur+1","Finisher+1","Phantasmal Killer+1","Distraction+1","Blade Dance+1","Acrobatics+1","Blur+1","Cloak And Dagger+1","Terror+1"],"relics":["Ring of the Snake","Mercury Hourglass","Oddly Smooth Stone","Dodecahedron","PreservedInsect","Philosopher\u0027s Stone","Shuriken","Toxic Egg 2","Shovel","Bag of Preparation","Vajra","Paper Crane","Runic Dome","Sundial","Ice Cream","Happy Flower","Kunai","Pear","Question Card","Blood Vial","Du-Vu Doll"],"potions_floor_usage":[10,16,19,29,30,55,55],"damage_taken":[{"damage":0,"enemies":"Cultist","floor":1,"turns":3},{"damage":0,"enemies":"2 Louse","floor":3,"turns":3},{"damage":7,"enemies":"Jaw Worm","floor":5,"turns":6},{"damage":24,"enemies":"3 Sentries","floor":7,"turns":13},{"damage":7,"enemies":"Lagavulin","floor":10,"turns":6},{"damage":0,"enemies":"Lots of Slimes","floor":12,"turns":3},{"damage":18,"enemies":"Gremlin Nob","floor":13,"turns":4},{"damage":0,"enemies":"3 Louse","floor":14,"turns":3},{"damage":10,"enemies":"The Guardian","floor":16,"turns":11},{"damage":1,"enemies":"2 Thieves","floor":18,"turns":4},{"damage":2,"enemies":"Spheric Guardian","floor":19,"turns":6},{"damage":0,"enemies":"Centurion and Healer","floor":22,"turns":7},{"damage":1,"enemies":"Gremlin Leader","floor":23,"turns":6},{"damage":5,"enemies":"Slavers","floor":27,"turns":4},{"damage":2,"enemies":"Snake Plant","floor":29,"turns":3},{"damage":0,"enemies":"Gremlin Leader","floor":30,"turns":1},{"damage":0,"enemies":"Chosen and Byrds","floor":31,"turns":2},{"damage":0,"enemies":"Champ","floor":33,"turns":7},{"damage":0,"enemies":"3 Darklings","floor":35,"turns":3},{"damage":8,"enemies":"3 Shapes","floor":37,"turns":3},{"damage":0,"enemies":"Sphere and 2 Shapes","floor":38,"turns":4},{"damage":0,"enemies":"Writhing Mass","floor":39,"turns":5},{"damage":0,"enemies":"Giant Head","floor":40,"turns":4},{"damage":6,"enemies":"Nemesis","floor":44,"turns":3},{"damage":0,"enemies":"Transient","floor":45,"turns":5},{"damage":0,"enemies":"Reptomancer","floor":47,"turns":3},{"damage":0,"enemies":"Maw","floor":48,"turns":6},{"damage":0,"enemies":"Awakened One","floor":50,"turns":7},{"damage":21,"enemies":"Shield and Spear","floor":54,"turns":5},{"damage":35,"enemies":"The Heart","floor":55,"turns":6}],"seed_played":"-5449481387528593030","potions_obtained":[{"floor":5,"key":"GhostInAJar"},{"floor":7,"key":"Regen Potion"},{"floor":10,"key":"LiquidBronze"},{"floor":13,"key":"AttackPotion"},{"floor":14,"key":"Energy Potion"},{"floor":18,"key":"Poison Potion"},{"floor":23,"key":"GhostInAJar"},{"floor":30,"key":"GamblersBrew"},{"floor":33,"key":"SkillPotion"},{"floor":37,"key":"Swift Potion"}],"is_trial":false,"path_per_floor":["M","$","M","?","M","R","E","T","T","E","R","M","E","M","R","B",null,"M","M","$","?","M","E","?","R","T","E","R","M","E","M","R","B",null,"M","$","M","M","M","E","R","$","T","E","M","R","E","M","R","B",null,"R","$","E","B",null],"character_chosen":"THE_SILENT","items_purchased":["Happy Flower"],"campfire_rested":0,"item_purchase_floors":[42],"current_hp_per_floor":[77,77,77,77,70,70,46,46,46,48,48,48,30,30,30,20,77,76,74,74,53,53,53,53,53,53,53,53,53,53,53,53,53,53,53,53,47,53,53,53,53,53,53,63,63,63,63,63,63,63,63,63,63,46,21],"gold":26,"neow_bonus":"TEN_PERCENT_HP_BONUS","is_prod":false,"is_daily":false,"chose_seed":false,"campfire_upgraded":5,"win_rate":0,"timestamp":1562770621,"path_taken":["M","$","?","?","M","R","E","?","T","E","R","?","E","M","R","BOSS","M","M","$","?","M","E","?","R","T","E","R","M","E","M","R","BOSS","M","$","M","M","?","E","R","$","T","E","M","R","E","M","R","BOSS","R","$","E","BOSS"],"build_version":"2019-07-05","purchased_purges":5,"victory":true,"max_hp_per_floor":[77,77,77,77,77,77,77,77,77,77,77,77,77,77,77,77,77,77,77,77,53,53,53,53,53,53,53,53,53,53,53,53,53,53,53,53,53,53,53,53,53,53,53,63,63,63,63,63,63,63,63,63,63,63,63],"card_choices":[{"not_picked":["Bane","Acrobatics"],"picked":"Accuracy","floor":1},{"not_picked":["Escape Plan","PiercingWail"],"picked":"Cloak And Dagger","floor":3},{"not_picked":["Masterful Stab","Dodge and Roll"],"picked":"Deflect","floor":5},{"not_picked":["Escape Plan","Choke"],"picked":"Infinite Blades","floor":7},{"not_picked":["Bullet Time","Dagger Spray","Bane"],"picked":"SKIP","floor":10},{"not_picked":["Flechettes","Dodge and Roll"],"picked":"Backflip","floor":12},{"not_picked":["Bouncing Flask","Bane"],"picked":"Burst","floor":13},{"not_picked":["Quick Slash","Bane"],"picked":"Dodge and Roll","floor":14},{"not_picked":["Bullet Time","A Thousand Cuts"],"picked":"After Image","floor":16},{"not_picked":["Flying Knee","Poisoned Stab"],"picked":"Acrobatics+1","floor":18},{"not_picked":["Distraction","Sucker Punch","Reflex"],"picked":"SKIP","floor":19},{"not_picked":["Calculated Gamble","Underhanded Strike","Deflect"],"picked":"SKIP","floor":22},{"not_picked":["Backflip","Distraction"],"picked":"Endless Agony","floor":23},{"not_picked":["Dagger Throw","Backflip+1"],"picked":"Storm of Steel+1","floor":27},{"not_picked":["Prepared+1","Leg Sweep+1"],"picked":"Well Laid Plans","floor":29},{"not_picked":["Predator+1","Endless Agony"],"picked":"Blur+1","floor":30},{"not_picked":["Prepared+1","Flechettes+1"],"picked":"Finisher+1","floor":31},{"not_picked":["Unload","Tools of the Trade"],"picked":"Phantasmal Killer+1","floor":33},{"not_picked":["Underhanded Strike+1","Dagger Throw","Flying Knee"],"picked":"SKIP","floor":35},{"not_picked":["Dagger Throw","Deadly Poison+1"],"picked":"Distraction+1","floor":37},{"not_picked":["A Thousand Cuts","Prepared+1","Deflect+1"],"picked":"SKIP","floor":38},{"not_picked":["Bane","PiercingWail+1"],"picked":"Blade Dance+1","floor":39},{"not_picked":["Prepared+1","Outmaneuver+1","Slice+1"],"picked":"SKIP","floor":40},{"not_picked":["Noxious Fumes+1","Masterful Stab+1","Dash+1"],"picked":"SKIP","floor":44},{"not_picked":["Sucker Punch+1","Flechettes"],"picked":"Acrobatics+1","floor":45},{"not_picked":["Dodge and Roll+1","Calculated Gamble+1"],"picked":"Blur+1","floor":47},{"not_picked":["Predator","Caltrops+1","Sucker Punch"],"picked":"Cloak And Dagger+1","floor":48},{"not_picked":["Poisoned Stab+1","Well Laid Plans+1","Underhanded Strike"],"picked":"Terror+1","floor":54}],"player_experience":128152,"relics_obtained":[{"floor":7,"key":"Mercury Hourglass"},{"floor":8,"key":"Oddly Smooth Stone"},{"floor":10,"key":"Dodecahedron"},{"floor":13,"key":"PreservedInsect"},{"floor":23,"key":"Shuriken"},{"floor":26,"key":"Toxic Egg 2"},{"floor":27,"key":"Shovel"},{"floor":28,"key":"Bag of Preparation"},{"floor":30,"key":"Vajra"},{"floor":32,"key":"Paper Crane"},{"floor":40,"key":"Sundial"},{"floor":41,"key":"Ice Cream"},{"floor":43,"key":"Kunai"},{"floor":44,"key":"Pear"},{"floor":47,"key":"Question Card"},{"floor":49,"key":"Blood Vial"},{"floor":54,"key":"Du-Vu Doll"}],"event_choices":[{"damage_healed":0,"gold_gain":0,"player_choice":"Ignored","damage_taken":0,"max_hp_gain":0,"max_hp_loss":0,"event_name":"Liars Game","floor":4,"gold_loss":0},{"damage_healed":0,"gold_gain":0,"player_choice":"Became a vampire","damage_taken":0,"max_hp_gain":0,"max_hp_loss":24,"event_name":"Vampires","floor":21,"gold_loss":0,"cards_obtained":["Bite","Bite","Bite","Bite","Bite"]},{"cards_removed":["Defend_G"],"damage_healed":0,"gold_gain":0,"player_choice":"Card Removal","damage_taken":0,"max_hp_gain":0,"max_hp_loss":0,"event_name":"Wheel of Change","floor":24,"gold_loss":0}],"is_beta":false,"boss_relics":[{"not_picked":["Cursed Key","Empty Cage"],"picked":"Philosopher\u0027s Stone"},{"not_picked":["Velvet Choker","Snecko Eye"],"picked":"Runic Dome"}],"items_purged_floors":[2,20,36,42,53],"is_endless":false,"potions_floor_spawned":[5,7,10,13,14,18,23,30,33,37,44,47],"ascension_level":2}