{"gold_per_floor":[114,6,21,21,36,36,51,51,51,81,96,111,186,186,186,286,286,301,301,301,18,68,98,98,113,188,203,203,218,170,170,170,270,270,285,300,300,315,225,225,240,254,279,2,17,17,17,32,32,32],"floor_reached":50,"playtime":2803,"items_purged":[],"score":687,"play_id":"5325f982-72f3-44f9-8ce9-91db2cdbcfa0","local_time":"20181212143730","daily_mods":["Cursed Run","ControlledChaos","Terminal"],"is_ascension_mode":false,"campfire_choices":[{"data":"Enlightenment","floor":6,"key":"SMITH"},{"data":"Noxious Fumes","floor":8,"key":"SMITH"},{"data":"Setup","floor":15,"key":"SMITH"},{"data":"Bite","floor":28,"key":"SMITH"},{"data":"RitualDagger","floor":32,"key":"SMITH"},{"data":"After Image","floor":40,"key":"SMITH"},{"data":"Bite","floor":47,"key":"SMITH"},{"floor":49,"key":"REST"}],"neow_cost":"","seed_source_timestamp":0,"circlet_count":0,"master_deck":["Survivor","Neutralize","Bouncing Flask","Enlightenment+1","Backflip","Noxious Fumes+1","Prepared","Endless Agony","Doubt","Dash","Setup+1","Deflect","Parasite","Pain","Pain","Phantasmal Killer","Dodge and Roll","Tactician","Dagger Throw","Blur+1","PiercingWail+1","Skewer","Dagger Throw","Backflip","PiercingWail","Deflect","Quick Slash+1","Necronomicurse","Bouncing Flask","Decay","Infinite Blades+1","Bite+1","Bite+1","Bite+1","Bite","Bite","Footwork+1","Decay","Masterful Stab+1","Blade Dance","Outmaneuver","RitualDagger+1","After Image+1","Poisoned Stab+1","Calculated Gamble+1","Choke+1","Bane+1","Flechettes","Doubt","Corpse Explosion","Finesse","Catalyst","Heel Hook","Sadistic Nature","Dodge and Roll+1"],"special_seed":17877,"relics":["Cursed Key","Darkstone Periapt","Du-Vu Doll","Frozen Eye","Dodecahedron","Bag of Preparation","Matryoshka","WarpedTongs","Pandora\u0027s Box","Necronomicon","Shuriken","War Paint","Oddly Smooth Stone","Smiling Mask","Sundial","Runic Pyramid","Dead Branch","Bag of Marbles"],"potions_floor_usage":[16,33,33,48,50,50,50],"damage_taken":[{"damage":1,"enemies":"Cultist","floor":1,"turns":4},{"damage":0,"enemies":"Small Slimes","floor":3,"turns":4},{"damage":0,"enemies":"Jaw Worm","floor":5,"turns":2},{"damage":0,"enemies":"2 Fungi Beasts","floor":7,"turns":3},{"damage":6,"enemies":"Gremlin Nob","floor":10,"turns":4},{"damage":3,"enemies":"Exordium Thugs","floor":11,"turns":4},{"damage":0,"enemies":"Looter","floor":12,"turns":2},{"damage":9,"enemies":"The Guardian","floor":16,"turns":8},{"damage":4,"enemies":"Chosen","floor":18,"turns":5},{"damage":5,"enemies":"Slavers","floor":23,"turns":6},{"damage":5,"enemies":"3 Byrds","floor":25,"turns":4},{"damage":9,"enemies":"Snake Plant","floor":27,"turns":4},{"damage":9,"enemies":"Centurion and Healer","floor":29,"turns":4},{"damage":10,"enemies":"Collector","floor":33,"turns":8},{"damage":30,"enemies":"Orb Walker","floor":35,"turns":6},{"damage":20,"enemies":"3 Shapes","floor":36,"turns":4},{"damage":18,"enemies":"Jaw Worm Horde","floor":38,"turns":4},{"damage":0,"enemies":"3 Darklings","floor":41,"turns":3},{"damage":6,"enemies":"2 Orb Walkers","floor":42,"turns":4},{"damage":19,"enemies":"Sphere and 2 Shapes","floor":45,"turns":3},{"damage":21,"enemies":"Jaw Worm Horde","floor":48,"turns":4},{"damage":51,"enemies":"Donu and Deca","floor":50,"turns":4}],"seed_played":"-2893095537371468072","potions_obtained":[{"floor":1,"key":"Regen Potion"},{"floor":4,"key":"GamblersBrew"},{"floor":4,"key":"SteroidPotion"},{"floor":23,"key":"SpeedPotion"},{"floor":29,"key":"Explosive Potion"},{"floor":35,"key":"LiquidBronze"},{"floor":36,"key":"SteroidPotion"},{"floor":48,"key":"Explosive Potion"}],"is_trial":false,"path_per_floor":["M","$","M","?","M","R","M","R","T","E","M","M","T","?","R","B",null,"M","?","?","$","T","E","?","M","T","M","R","M","$","?","R","B",null,"M","M","?","M","?","R","M","?","T","$","M","?","R","M","R","B"],"character_chosen":"THE_SILENT","items_purchased":["Enlightenment","Backflip","Shuriken","Bouncing Flask","Outmaneuver","Corpse Explosion","Finesse","Catalyst"],"campfire_rested":1,"item_purchase_floors":[2,2,21,21,30,44,44,44],"current_hp_per_floor":[68,67,66,65,64,63,62,61,66,60,57,57,63,69,69,71,76,72,62,62,62,68,65,65,65,71,68,68,66,66,60,60,64,83,56,40,40,26,26,26,28,31,37,37,20,20,20,7,29,0],"gold":32,"neow_bonus":"","is_prod":false,"is_daily":true,"chose_seed":false,"campfire_upgraded":7,"win_rate":0,"timestamp":1544643450,"path_taken":["M","$","?","?","?","R","M","R","T","E","M","M","?","?","R","BOSS","M","?","?","$","?","E","?","M","T","M","R","M","?","?","R","BOSS","M","M","?","M","?","R","?","?","T","$","M","?","R","M","R","BOSS"],"build_version":"2018-12-06","purchased_purges":0,"victory":false,"max_hp_per_floor":[68,67,66,65,64,63,62,61,66,65,64,63,68,73,72,77,76,75,80,79,78,83,82,81,80,85,84,83,82,81,80,79,84,83,82,81,80,79,78,77,76,75,80,79,78,77,76,75,74,74],"card_choices":[{"not_picked":["Dodge and Roll","PiercingWail"],"picked":"Bouncing Flask","floor":1},{"not_picked":["Escape Plan","Footwork"],"picked":"Noxious Fumes","floor":3},{"not_picked":["Cloak And Dagger","PiercingWail"],"picked":"Prepared","floor":5},{"not_picked":["Slice","Leg Sweep"],"picked":"Endless Agony","floor":7},{"not_picked":["Distraction","Deflect"],"picked":"Dash","floor":10},{"not_picked":["Deadly Poison","Prepared"],"picked":"Setup","floor":11},{"not_picked":["Bouncing Flask","PiercingWail"],"picked":"Deflect","floor":12},{"not_picked":["Grand Finale","Venomology"],"picked":"Phantasmal Killer","floor":16},{"not_picked":["Acrobatics","Flechettes"],"picked":"Quick Slash+1","floor":18},{"not_picked":["Bouncing Flask","Dodge and Roll"],"picked":"Infinite Blades+1","floor":23},{"not_picked":["Flying Knee","Acrobatics"],"picked":"Footwork+1","floor":25},{"not_picked":["Poisoned Stab","Predator"],"picked":"Masterful Stab+1","floor":27},{"not_picked":["Deflect","Masterful Stab+1"],"picked":"Blade Dance","floor":29},{"not_picked":["Venomology","Glass Knife"],"picked":"After Image","floor":33},{"not_picked":["Finisher+1","Blade Dance+1"],"picked":"Poisoned Stab+1","floor":35},{"not_picked":["Cloak And Dagger+1","Blade Dance+1"],"picked":"Calculated Gamble+1","floor":36},{"not_picked":["Dagger Throw+1","Acrobatics"],"picked":"Choke+1","floor":38},{"not_picked":["Sucker Punch","Blade Dance+1"],"picked":"Bane+1","floor":41},{"not_picked":["Heel Hook","Deadly Poison"],"picked":"Flechettes","floor":42},{"not_picked":["Cloak And Dagger+1","Bane"],"picked":"Heel Hook","floor":45},{"not_picked":["Dramatic Entrance","Madness"],"picked":"Sadistic Nature","floor":46},{"not_picked":["Dagger Spray","Setup"],"picked":"Dodge and Roll+1","floor":48}],"player_experience":511521,"relics_obtained":[{"floor":9,"key":"Dodecahedron"},{"floor":10,"key":"Bag of Preparation"},{"floor":13,"key":"Matryoshka"},{"floor":19,"key":"Necronomicon"},{"floor":22,"key":"Blood Vial"},{"floor":22,"key":"War Paint"},{"floor":23,"key":"Oddly Smooth Stone"},{"floor":26,"key":"Smiling Mask"},{"floor":26,"key":"Sundial"},{"floor":42,"key":"Dead Branch"},{"floor":43,"key":"Bag of Marbles"}],"event_choices":[{"damage_healed":0,"gold_gain":0,"player_choice":"Got Potions","damage_taken":0,"max_hp_gain":0,"max_hp_loss":0,"event_name":"Lab","floor":4,"gold_loss":0},{"damage_healed":0,"gold_gain":0,"player_choice":"Rummage","damage_taken":0,"relics_obtained":["WarpedTongs"],"max_hp_gain":0,"max_hp_loss":0,"event_name":"Accursed Blacksmith","floor":14,"gold_loss":0,"cards_obtained":["Pain"]},{"damage_healed":0,"gold_gain":0,"player_choice":"Obtained Book","damage_taken":16,"max_hp_gain":0,"max_hp_loss":0,"event_name":"Cursed Tome","floor":19,"gold_loss":0},{"damage_healed":0,"gold_gain":0,"player_choice":"Ignored","damage_taken":0,"max_hp_gain":0,"max_hp_loss":0,"event_name":"Ghosts","floor":20,"gold_loss":0},{"damage_healed":0,"gold_gain":0,"player_choice":"Became a vampire (Vial)","damage_taken":0,"max_hp_gain":0,"max_hp_loss":0,"event_name":"Vampires","floor":24,"relics_lost":["Blood Vial"],"gold_loss":0,"cards_obtained":["Bite","Bite","Bite","Bite","Bite"]},{"damage_healed":0,"gold_gain":0,"player_choice":"Joined the Cult","damage_taken":6,"max_hp_gain":0,"max_hp_loss":0,"event_name":"Nest","floor":31,"gold_loss":0,"cards_obtained":["RitualDagger"]},{"damage_healed":0,"gold_gain":0,"player_choice":"Ignored","damage_taken":0,"max_hp_gain":0,"max_hp_loss":0,"event_name":"Tomb of Lord Red Mask","floor":37,"gold_loss":0},{"cards_removed":["Normality"],"damage_healed":0,"gold_gain":0,"player_choice":"Upgrade and Remove","damage_taken":0,"max_hp_gain":0,"max_hp_loss":0,"event_name":"Designer","floor":39,"gold_loss":90,"cards_upgraded":["Bite"]},{"damage_healed":0,"gold_gain":0,"player_choice":"Fight","damage_taken":0,"max_hp_gain":0,"max_hp_loss":0,"event_name":"Mysterious Sphere","floor":42,"gold_loss":0},{"damage_healed":0,"gold_gain":0,"player_choice":"Memory 1","damage_taken":0,"max_hp_gain":0,"max_hp_loss":0,"event_name":"SensoryStone","floor":46,"gold_loss":0}],"is_beta":false,"boss_relics":[{"not_picked":["HoveringKite","Ectoplasm"],"picked":"Pandora\u0027s Box"},{"not_picked":["Snecko Eye","Fusion Hammer"],"picked":"Runic Pyramid"}],"items_purged_floors":[],"is_endless":false,"potions_floor_spawned":[1,5,7,11,23,25,29,35,36,45,48],"killed_by":"Donu and Deca","ascension_level":0}