{"gold_per_floor":[119,135,135,85,100,125,151,163,175,112,138,158,187,262,262,362,362,378,395,395,113,126,154,154,186,210,230,230],"floor_reached":28,"playtime":2433,"items_purged":["Defend_B","Defend_B"],"score":331,"play_id":"3265bbcc-1a5c-490b-961a-c4569f4b86bf","local_time":"20190710195354","is_ascension_mode":true,"campfire_choices":[{"data":"Zap","floor":8,"key":"SMITH"},{"floor":15,"key":"REST"},{"data":"Self Repair","floor":24,"key":"SMITH"}],"neow_cost":"NONE","seed_source_timestamp":29401015412700,"circlet_count":0,"master_deck":["Strike_B","Strike_B","Defend_B","Defend_B","Zap+1","Dualcast","Sunder","Coolheaded","Reinforced Body","Doom and Gloom","Compile Driver","Ball Lightning","Self Repair+1","Hologram","Electrodynamics+1","Rebound+1","Chrysalis","Coolheaded+1","White Noise+1","FTL+1"],"relics":["Cracked Core","MawBank","Mango","Oddly Smooth Stone","Philosopher\u0027s Stone","Letter Opener","Strawberry","PreservedInsect"],"potions_floor_usage":[16],"damage_taken":[{"damage":0,"enemies":"2 Louse","floor":1,"turns":2},{"damage":0,"enemies":"Small Slimes","floor":2,"turns":1},{"damage":0,"enemies":"Cultist","floor":5,"turns":3},{"damage":15,"enemies":"Lagavulin","floor":6,"turns":11},{"damage":0,"enemies":"2 Fungi Beasts","floor":7,"turns":2},{"damage":14,"enemies":"Gremlin Nob","floor":11,"turns":3},{"damage":6,"enemies":"3 Louse","floor":12,"turns":2},{"damage":15,"enemies":"3 Sentries","floor":13,"turns":4},{"damage":4,"enemies":"Slime Boss","floor":16,"turns":7},{"damage":9,"enemies":"Shell Parasite","floor":18,"turns":6},{"damage":14,"enemies":"Chosen","floor":19,"turns":4},{"damage":0,"enemies":"3 Cultists","floor":22,"turns":2},{"damage":37,"enemies":"Slavers","floor":23,"turns":5},{"damage":56,"enemies":"Book of Stabbing","floor":25,"turns":6},{"damage":6,"enemies":"Snecko","floor":27,"turns":4},{"damage":22,"enemies":"Snake Plant","floor":28,"turns":2}],"seed_played":"2682455144187136503","potions_obtained":[{"floor":1,"key":"SpeedPotion"},{"floor":5,"key":"Fire Potion"},{"floor":6,"key":"GamblersBrew"},{"floor":18,"key":"Strength Potion"},{"floor":27,"key":"Fire Potion"}],"is_trial":false,"path_per_floor":["M","M","?","?","M","E","M","R","T","$","E","M","E","?","R","B",null,"M","M","?","$","M","E","R","E","T","M","M"],"character_chosen":"DEFECT","items_purchased":["Chrysalis"],"campfire_rested":1,"item_purchase_floors":[21],"current_hp_per_floor":[82,82,75,75,75,60,60,60,60,60,60,54,46,35,63,66,96,94,87,87,87,87,57,57,18,18,22,0],"gold":230,"neow_bonus":"TEN_PERCENT_HP_BONUS","is_prod":false,"is_daily":false,"chose_seed":false,"campfire_upgraded":2,"win_rate":0,"timestamp":1562781234,"path_taken":["M","M","?","?","M","E","M","R","T","$","E","M","E","?","R","BOSS","M","M","?","$","M","E","R","E","T","M","M"],"build_version":"2019-07-05","purchased_purges":2,"victory":false,"max_hp_per_floor":[82,82,82,82,82,82,82,82,82,82,96,96,96,96,96,96,96,96,96,96,96,96,96,96,103,103,103,103],"card_choices":[{"not_picked":["Melter","Redo"],"picked":"Sunder","floor":1},{"not_picked":["Chaos","Stack"],"picked":"Coolheaded","floor":2},{"not_picked":["White Noise","Lockon"],"picked":"Reinforced Body","floor":5},{"not_picked":["Seek","Conserve Battery"],"picked":"Doom and Gloom","floor":6},{"not_picked":["Darkness","Redo"],"picked":"Compile Driver","floor":7},{"not_picked":["Beam Cell","Conserve Battery"],"picked":"Ball Lightning","floor":11},{"not_picked":["Ball Lightning","Redo"],"picked":"Self Repair","floor":12},{"not_picked":["Streamline","Leap"],"picked":"Hologram","floor":13},{"not_picked":["Reboot","Thunder Strike"],"picked":"Electrodynamics","floor":16},{"not_picked":["Gash+1","Beam Cell"],"picked":"Rebound+1","floor":18},{"not_picked":["Sweeping Beam+1","Streamline","Aggregate"],"picked":"SKIP","floor":19},{"not_picked":["Hologram+1","Streamline+1"],"picked":"Coolheaded+1","floor":22},{"not_picked":["Compile Driver+1","Lockon"],"picked":"White Noise+1","floor":23},{"not_picked":["Multi-Cast","Compile Driver"],"picked":"FTL+1","floor":25},{"not_picked":["Recycle","Hello World","Turbo+1"],"picked":"SKIP","floor":27}],"player_experience":140975,"relics_obtained":[{"floor":6,"key":"MawBank"},{"floor":11,"key":"Mango"},{"floor":13,"key":"Oddly Smooth Stone"},{"floor":23,"key":"Letter Opener"},{"floor":25,"key":"Strawberry"},{"floor":26,"key":"PreservedInsect"}],"event_choices":[{"cards_removed":["Strike_B"],"damage_healed":0,"gold_gain":0,"player_choice":"Card Removal","damage_taken":7,"max_hp_gain":0,"max_hp_loss":0,"event_name":"Golden Wing","floor":3,"gold_loss":0},{"cards_removed":["Strike_B"],"damage_healed":0,"gold_gain":0,"player_choice":"Card Removal","damage_taken":0,"max_hp_gain":0,"max_hp_loss":0,"event_name":"The Cleric","floor":4,"gold_loss":50},{"damage_healed":0,"gold_gain":75,"player_choice":"Gather Gold","damage_taken":11,"max_hp_gain":0,"max_hp_loss":0,"event_name":"World of Goop","floor":14,"gold_loss":0},{"damage_healed":0,"gold_gain":0,"player_choice":"Forge","damage_taken":0,"max_hp_gain":0,"max_hp_loss":0,"event_name":"Accursed Blacksmith","floor":20,"gold_loss":0,"cards_upgraded":["Electrodynamics"]}],"is_beta":false,"boss_relics":[{"not_picked":["Tiny House","Astrolabe"],"picked":"Philosopher\u0027s Stone"}],"items_purged_floors":[10,21],"is_endless":false,"potions_floor_spawned":[1,5,6,12,13,18,27],"killed_by":"Snake Plant","ascension_level":2}