{"gold_per_floor":[115,115,115,115,34,58,91,91,116,116,135,135,135,210,210,338,401,419,8,8,23,23,57,57,75,75,91,121,121,136,163,163,163],"floor_reached":33,"playtime":2641,"items_purged":[],"score":326,"play_id":"359b5622-1edf-478d-9b30-0678f1dd3b1c","local_time":"20190706032217","is_ascension_mode":false,"campfire_choices":[{"data":"Blade Dance","floor":8,"key":"SMITH"},{"data":"Neutralize","floor":10,"key":"SMITH"},{"data":"Blur","floor":13,"key":"SMITH"},{"data":"Poisoned Stab","floor":15,"key":"SMITH"},{"floor":29,"key":"REST"},{"data":"Leg Sweep","floor":32,"key":"SMITH"}],"neow_cost":"NONE","seed_source_timestamp":111683303380643,"circlet_count":0,"master_deck":["Strike_G","Strike_G","Strike_G+1","Strike_G","Strike_G","Defend_G","Defend_G","Defend_G","Defend_G","Defend_G","Survivor","Neutralize+1","Blade Dance+1","Blur+1","Poisoned Stab+1","Slice","Burst","Dagger Throw","Backstab","Apotheosis+1","Noxious Fumes","Flying Knee","Blade Dance","Noxious Fumes","Catalyst","Noxious Fumes","Leg Sweep+1"],"relics":["Runic Pyramid","Bloody Idol","Bag of Marbles","Blood Vial","Lantern","Tiny House","Membership Card","Question Card","Sundial","Meat on the Bone","Happy Flower"],"potions_floor_usage":[7,16,27,28,31,33],"damage_taken":[{"damage":1,"enemies":"Jaw Worm","floor":1,"turns":4},{"damage":0,"enemies":"Small Slimes","floor":6,"turns":5},{"damage":24,"enemies":"Gremlin Nob","floor":7,"turns":6},{"damage":0,"enemies":"2 Louse","floor":11,"turns":3},{"damage":10,"enemies":"Hexaghost","floor":16,"turns":13},{"damage":0,"enemies":"Chosen","floor":18,"turns":5},{"damage":8,"enemies":"3 Byrds","floor":21,"turns":8},{"damage":17,"enemies":"Book of Stabbing","floor":23,"turns":8},{"damage":23,"enemies":"Snake Plant","floor":25,"turns":6},{"damage":15,"enemies":"Snecko","floor":27,"turns":4},{"damage":19,"enemies":"Gremlin Leader","floor":28,"turns":4},{"damage":6,"enemies":"Cultist and Chosen","floor":30,"turns":5},{"damage":25,"enemies":"Slavers","floor":31,"turns":6},{"damage":53,"enemies":"Collector","floor":33,"turns":6}],"seed_played":"3975843822333143870","potions_obtained":[{"floor":1,"key":"EssenceOfSteel"},{"floor":6,"key":"Regen Potion"},{"floor":7,"key":"Swift Potion"},{"floor":17,"key":"SkillPotion"},{"floor":25,"key":"SteroidPotion"},{"floor":27,"key":"SteroidPotion"}],"is_trial":false,"path_per_floor":["M","?","?","?","$","M","E","R","T","R","M","?","R","?","R","B",null,"M","$","?","M","?","E","?","M","T","M","E","R","M","E","R","B"],"character_chosen":"THE_SILENT","items_purchased":["Blur","Apotheosis","Membership Card","Noxious Fumes"],"campfire_rested":1,"item_purchase_floors":[5,19,19,19],"current_hp_per_floor":[69,52,52,52,52,52,28,28,28,28,30,30,30,19,19,26,75,75,75,75,72,72,62,62,46,46,38,26,48,49,43,43,0],"gold":163,"neow_bonus":"BOSS_RELIC","is_prod":false,"is_daily":false,"chose_seed":false,"campfire_upgraded":5,"win_rate":0.0,"timestamp":1562419337,"path_taken":["M","?","?","?","$","M","E","R","T","R","M","?","R","?","R","BOSS","M","$","?","M","?","E","?","?","T","M","E","R","M","E","R","BOSS"],"build_version":"2019-07-05","purchased_purges":0,"victory":false,"max_hp_per_floor":[70,70,70,70,70,70,70,70,70,70,70,70,70,70,70,70,75,75,75,75,75,75,75,75,75,75,75,75,75,75,75,75,75],"card_choices":[{"not_picked":["Blur","Leg Sweep"],"picked":"Blade Dance","floor":1},{"not_picked":["Bane","Eviscerate","Heel Hook"],"picked":"SKIP","floor":6},{"not_picked":["Acrobatics","Choke"],"picked":"Poisoned Stab","floor":7},{"not_picked":["Skewer","Dagger Spray"],"picked":"Slice","floor":11},{"not_picked":["Die Die Die","After Image"],"picked":"Burst","floor":16},{"not_picked":["Backflip","PiercingWail"],"picked":"Dagger Throw","floor":17},{"not_picked":["Masterful Stab","Underhanded Strike"],"picked":"Backstab","floor":18},{"not_picked":["Slice","Predator"],"picked":"Flying Knee","floor":21},{"not_picked":["Sucker Punch+1","Wraith Form v2"],"picked":"Blade Dance","floor":23},{"not_picked":["All Out Attack","Quick Slash+1","Deadly Poison"],"picked":"Noxious Fumes","floor":25},{"not_picked":["PiercingWail","Quick Slash","Well Laid Plans"],"picked":"Catalyst","floor":27},{"not_picked":["Backflip","Quick Slash","Finisher"],"picked":"Noxious Fumes","floor":28},{"not_picked":["Riddle With Holes","PiercingWail","Caltrops+1"],"picked":"Leg Sweep","floor":30},{"not_picked":["Reflex","Bane+1","Sucker Punch","Acrobatics"],"picked":"SKIP","floor":31}],"player_experience":9710,"relics_obtained":[{"floor":7,"key":"Bag of Marbles"},{"floor":9,"key":"Blood Vial"},{"floor":23,"key":"Question Card"},{"floor":26,"key":"Sundial"},{"floor":28,"key":"Meat on the Bone"},{"floor":31,"key":"Happy Flower"}],"event_choices":[{"damage_healed":0,"gold_gain":0,"player_choice":"Take Damage","damage_taken":17,"relics_obtained":["Golden Idol"],"max_hp_gain":0,"max_hp_loss":0,"event_name":"Golden Idol","floor":2,"gold_loss":0},{"damage_healed":0,"gold_gain":0,"player_choice":"Ignored","damage_taken":0,"max_hp_gain":0,"max_hp_loss":0,"event_name":"Liars Game","floor":3,"gold_loss":0},{"damage_healed":0,"gold_gain":0,"player_choice":"Leave","damage_taken":0,"max_hp_gain":0,"max_hp_loss":0,"event_name":"The Cleric","floor":4,"gold_loss":0},{"damage_healed":0,"gold_gain":0,"player_choice":"Searched \u00272\u0027 times","damage_taken":0,"relics_obtained":["Lantern"],"max_hp_gain":0,"max_hp_loss":0,"event_name":"Dead Adventurer","floor":12,"gold_loss":0},{"damage_healed":0,"gold_gain":75,"player_choice":"Gather Gold","damage_taken":11,"max_hp_gain":0,"max_hp_loss":0,"event_name":"World of Goop","floor":14,"gold_loss":0},{"damage_healed":0,"gold_gain":0,"player_choice":"Gave Idol","damage_taken":0,"relics_obtained":["Bloody Idol"],"max_hp_gain":0,"max_hp_loss":0,"event_name":"Forgotten Altar","floor":20,"relics_lost":["Golden Idol"],"gold_loss":0},{"damage_healed":0,"gold_gain":0,"player_choice":"Ignored","damage_taken":0,"max_hp_gain":0,"max_hp_loss":0,"event_name":"Vampires","floor":22,"gold_loss":0},{"damage_healed":0,"gold_gain":0,"player_choice":"Upgraded","damage_taken":0,"max_hp_gain":0,"max_hp_loss":0,"event_name":"Upgrade Shrine","floor":24,"gold_loss":0,"cards_upgraded":["Apotheosis"]}],"is_beta":false,"boss_relics":[{"not_picked":["Runic Dome","Astrolabe"],"picked":"Tiny House"}],"items_purged_floors":[],"is_endless":false,"potions_floor_spawned":[1,6,7,25,27],"killed_by":"Collector","ascension_level":0}