{"gold_per_floor":[110,71,85,85,85,85,85,99,99,112,125,138,163,163,163,287,287,305,330,330,96,11,11,26,0,27,27,48,48,73,98,98,98],"floor_reached":33,"playtime":3502,"items_purged":["Strike_B"],"score":239,"play_id":"2f2eed32-b6f3-431d-a0e4-8e80d41b5d0a","local_time":"20190706183341","is_ascension_mode":false,"campfire_choices":[{"data":"Sweeping Beam","floor":7.0,"key":"SMITH"},{"floor":15.0,"key":"REST"},{"floor":27.0,"key":"REST"},{"floor":29,"key":"REST"},{"floor":32,"key":"REST"}],"neow_cost":"NONE","seed_source_timestamp":0,"circlet_count":0,"master_deck":["Strike_B","Strike_B","Strike_B","Defend_B","Defend_B","Zap","Dualcast","Sweeping Beam+1","Melter","Amplify","Cold Snap","Cold Snap","Skim","Buffer","Double Energy","All For One","Go for the Eyes","Steam","Beam Cell","Auto Shields","Fission","White Noise","Coolheaded+1","Necronomicurse","Beam Cell+1","Blind","Cold Snap","Rip and Tear","Compile Driver+1","Sweeping Beam"],"special_seed":0,"relics":["Cracked Core","NeowsBlessing","Golden Idol","StoneCalendar","Kunai","Orrery","Necronomicon","Ornamental Fan","Ancient Tea Set","Whetstone"],"potions_floor_usage":[33],"damage_taken":[{"damage":0.0,"enemies":"Cultist","floor":1.0,"turns":1.0},{"damage":0.0,"enemies":"2 Louse","floor":3.0,"turns":1.0},{"damage":0.0,"enemies":"Jaw Worm","floor":8.0,"turns":1.0},{"damage":6.0,"enemies":"3 Louse","floor":10.0,"turns":2.0},{"damage":11.0,"enemies":"2 Fungi Beasts","floor":11.0,"turns":3.0},{"damage":6.0,"enemies":"Looter","floor":12.0,"turns":3.0},{"damage":0.0,"enemies":"Lots of Slimes","floor":13.0,"turns":2.0},{"damage":28.0,"enemies":"Slime Boss","floor":16.0,"turns":7.0},{"damage":18.0,"enemies":"Chosen","floor":18.0,"turns":6.0},{"damage":23.0,"enemies":"2 Thieves","floor":19.0,"turns":4.0},{"damage":15.0,"enemies":"Snake Plant","floor":24.0,"turns":7.0},{"damage":1.0,"enemies":"Sentry and Sphere","floor":28.0,"turns":5.0},{"damage":0,"enemies":"Chosen and Byrds","floor":31,"turns":7},{"damage":79,"enemies":"Champ","floor":33,"turns":17}],"seed_played":"-2257820216861823877","potions_obtained":[{"floor":11.0,"key":"FearPotion"},{"floor":12.0,"key":"Strength Potion"},{"floor":19.0,"key":"Block Potion"}],"is_trial":false,"path_per_floor":["M","?","M","?","?","T","R","M","T","M","M","M","M","?","R","B",null,"M","M","?","$","?","$","M","?","T","R","M","R","T","M","R","B"],"character_chosen":"DEFECT","items_purchased":["Beam Cell","Blind","Cold Snap"],"campfire_rested":4,"item_purchase_floors":[21,21,21],"current_hp_per_floor":[75,75,75,57,57,57,57,57,57,51,40,34,34,27,49,21,75,57,34,18,18,18,18,3,3,3,25,24,46,46,46,68,0],"gold":98,"neow_bonus":"THREE_ENEMY_KILL","is_prod":false,"is_daily":false,"chose_seed":false,"campfire_upgraded":1,"win_rate":0.0,"timestamp":1562405621,"path_taken":["M","?","M","?","?","?","R","M","T","M","?","M","M","?","R","BOSS","M","M","?","$","?","$","M","?","T","R","M","R","?","M","R","BOSS"],"build_version":"2019-07-05","purchased_purges":1,"victory":false,"max_hp_per_floor":[75,75,75,75,75,75,75,75,75,75,75,75,75,75,75,75,75,75,75,75,75,75,75,75,75,75,75,75,75,75,75,75,75],"card_choices":[{"not_picked":["Compile Driver","Conserve Battery"],"picked":"Sweeping Beam","floor":1.0},{"not_picked":["Beam Cell","Streamline"],"picked":"Melter","floor":3.0},{"not_picked":["Static Discharge","Heatsinks"],"picked":"Cold Snap","floor":8.0},{"not_picked":["Redo","Hologram"],"picked":"Cold Snap","floor":10.0},{"not_picked":["Conserve Battery","Hologram"],"picked":"Skim","floor":11.0},{"not_picked":["Streamline","Steam"],"picked":"Buffer","floor":12.0},{"not_picked":["Stack","Reinforced Body"],"picked":"Double Energy","floor":13.0},{"not_picked":["Seek","Biased Cognition"],"picked":"All For One","floor":16.0},{"not_picked":["Hologram","Streamline"],"picked":"Go for the Eyes","floor":17.0},{"not_picked":["Streamline","Conserve Battery"],"picked":"Steam","floor":17.0},{"not_picked":["Conserve Battery","Reinforced Body"],"picked":"Beam Cell","floor":17.0},{"not_picked":["Aggregate","Compile Driver"],"picked":"Auto Shields","floor":17.0},{"not_picked":["Hologram","Force Field"],"picked":"Fission","floor":17.0},{"not_picked":["Sweeping Beam","Heatsinks+1"],"picked":"White Noise","floor":18.0},{"not_picked":["Consume","Defragment"],"picked":"Coolheaded+1","floor":19.0},{"not_picked":["Cold Snap","Skim"],"picked":"Rip and Tear","floor":24.0},{"not_picked":["Coolheaded","Beam Cell"],"picked":"Compile Driver","floor":28.0},{"not_picked":["Reinforced Body+1","Beam Cell"],"picked":"Sweeping Beam","floor":31}],"player_experience":4059,"relics_obtained":[{"floor":6.0,"key":"StoneCalendar"},{"floor":9.0,"key":"Kunai"},{"floor":20.0,"key":"Necronomicon"},{"floor":26.0,"key":"Ancient Tea Set"},{"floor":30,"key":"Whetstone"}],"event_choices":[{"damage_healed":0.0,"max_hp_gain":0.0,"max_hp_loss":0.0,"gold_gain":0.0,"event_name":"World of Goop","player_choice":"Left Gold","floor":2.0,"gold_loss":39.0,"damage_taken":0.0},{"damage_healed":0.0,"max_hp_gain":0.0,"max_hp_loss":0.0,"gold_gain":0.0,"event_name":"Golden Idol","player_choice":"Take Damage","floor":4.0,"gold_loss":0.0,"damage_taken":18.0,"relics_obtained":["Golden Idol"]},{"damage_healed":0.0,"max_hp_gain":0.0,"max_hp_loss":0.0,"gold_gain":0.0,"cards_transformed":["Defend_B"],"event_name":"Living Wall","player_choice":"Change","floor":5.0,"gold_loss":0.0,"damage_taken":0.0,"cards_obtained":["Amplify"]},{"cards_removed":["Defend_B"],"damage_healed":0.0,"max_hp_gain":0.0,"max_hp_loss":0.0,"gold_gain":0.0,"event_name":"Golden Wing","player_choice":"Card Removal","floor":14.0,"gold_loss":0.0,"damage_taken":7.0},{"damage_healed":0.0,"max_hp_gain":0.0,"max_hp_loss":0.0,"gold_gain":0.0,"event_name":"Cursed Tome","player_choice":"Obtained Book","floor":20.0,"gold_loss":0.0,"damage_taken":16.0},{"damage_healed":0.0,"max_hp_gain":0.0,"max_hp_loss":0.0,"gold_gain":0.0,"event_name":"Addict","player_choice":"Obtained Relic","floor":22.0,"gold_loss":85.0,"damage_taken":0.0,"relics_obtained":["Ornamental Fan"]},{"damage_healed":0.0,"max_hp_gain":0.0,"max_hp_loss":0.0,"gold_gain":0.0,"event_name":"Masked Bandits","player_choice":"Paid Fearfully","floor":25.0,"gold_loss":26.0,"damage_taken":0.0}],"is_beta":false,"boss_relics":[{"not_picked":["Black Star","FrozenCore"],"picked":"Orrery"}],"items_purged_floors":[21],"is_endless":false,"potions_floor_spawned":[11,12,19,24,28],"killed_by":"Champ","ascension_level":0}