{"gold_per_floor":[110,21,21,196,146,146,204,204,204,216,228,251,251,271,271,374,374,391,391,404,404,23,23,34,51,51,51,51,51,51,66,66,171,171,182,256,13,28,28,55,0,20,20,20,30,63,63,75,75,75],"floor_reached":50,"playtime":3999,"items_purged":[],"score":624,"play_id":"66f17c6c-587b-4c6e-8b0f-b33934152312","local_time":"20190331042616","is_ascension_mode":true,"campfire_choices":[{"data":"Jack Of All Trades","floor":6,"key":"SMITH"},{"data":"Defragment","floor":8,"key":"SMITH"},{"floor":15,"key":"REST"},{"floor":23,"key":"DIG"},{"floor":27,"key":"DIG"},{"floor":32,"key":"DIG"},{"floor":44,"key":"DIG"},{"data":"Mayhem","floor":47,"key":"SMITH"},{"floor":49,"key":"REST"}],"neow_cost":"NONE","seed_source_timestamp":479038112327211,"circlet_count":0,"master_deck":["Defend_B","Defend_B","Defend_B+1","Defend_B","Zap+1","Dualcast+1","Heatsinks","Jack Of All Trades+1","Defragment+1","Sweeping Beam","Doom and Gloom","BootSequence","Buffer","Go for the Eyes+1","Loop","Bite","Bite","Bite","Bite","Bite","Hello World","Rip and Tear","Stack+1","Gash","All For One","Leap","Conserve Battery+1","Electrodynamics","Chaos","Conserve Battery+1","Go for the Eyes","Mayhem+1","Storm","Gash","Creative AI","Chill","Gash+1","Thunder Strike","Loop+1"],"relics":["Cracked Core","Whetstone","Tiny Chest","Oddly Smooth Stone","Pocketwatch","Philosopher\u0027s Stone","Shovel","DataDisk","Kunai","Vajra","Symbiotic Virus","Happy Flower","Nloth\u0027s Gift","Mercury Hourglass","Orrery","Sundial","Ornamental Fan","FossilizedHelix","Red Mask","Du-Vu Doll","Lantern","Nunchaku"],"potions_floor_usage":[14,16,33,33,33,46,50,50],"damage_taken":[{"damage":6,"enemies":"Cultist","floor":1,"turns":3},{"damage":39,"enemies":"3 Sentries","floor":7,"turns":6},{"damage":6,"enemies":"Jaw Worm","floor":10,"turns":2},{"damage":14,"enemies":"Small Slimes","floor":11,"turns":3},{"damage":1,"enemies":"Exordium Thugs","floor":14,"turns":2},{"damage":23,"enemies":"The Guardian","floor":16,"turns":9},{"damage":11,"enemies":"2 Thieves","floor":18,"turns":5},{"damage":18,"enemies":"Spheric Guardian","floor":20,"turns":4},{"damage":13,"enemies":"Shelled Parasite and Fungi","floor":24,"turns":7},{"damage":20,"enemies":"Sentry and Sphere","floor":25,"turns":4},{"damage":23,"enemies":"Centurion and Healer","floor":31,"turns":5},{"damage":45,"enemies":"Collector","floor":33,"turns":7},{"damage":0,"enemies":"Orb Walker","floor":35,"turns":2},{"damage":12,"enemies":"3 Shapes","floor":38,"turns":3},{"damage":32,"enemies":"Nemesis","floor":40,"turns":7},{"damage":0,"enemies":"Transient","floor":42,"turns":5},{"damage":0,"enemies":"4 Shapes","floor":45,"turns":4},{"damage":0,"enemies":"Giant Head","floor":46,"turns":7},{"damage":30,"enemies":"Spire Growth","floor":48,"turns":6},{"damage":46,"enemies":"Awakened One","floor":50,"turns":3}],"seed_played":"-7091493068989047051","potions_obtained":[{"floor":1,"key":"Weak Potion"},{"floor":11,"key":"FocusPotion"},{"floor":16,"key":"Dexterity Potion"},{"floor":20,"key":"Regen Potion"},{"floor":31,"key":"SpeedPotion"},{"floor":33,"key":"Strength Potion"},{"floor":40,"key":"SneckoOil"},{"floor":42,"key":"Poison Potion"}],"is_trial":false,"path_per_floor":["M","$","?","?","?","R","E","R","T","M","M","T","T","M","R","B",null,"M","?","M","?","$","R","M","M","T","R","?","T","?","M","R","B",null,"M","T","$","M","T","E","?","M","T","R","M","E","R","M","R","B"],"character_chosen":"DEFECT","items_purchased":["Jack Of All Trades","Shovel","Hello World","Mayhem","Storm"],"campfire_rested":2,"item_purchase_floors":[2,22,22,37,37],"current_hp_per_floor":[69,69,69,69,69,69,30,30,30,24,10,10,10,9,31,8,75,64,64,46,46,46,46,47,35,35,35,35,35,35,26,26,8,52,52,52,52,42,42,20,20,26,26,26,30,42,42,20,35,0],"gold":75,"neow_bonus":"RANDOM_COMMON_RELIC","is_prod":false,"is_daily":false,"chose_seed":false,"campfire_upgraded":3,"win_rate":0,"timestamp":1554020776,"path_taken":["M","$","?","?","?","R","E","R","T","?","M","?","?","?","R","BOSS","M","?","?","?","$","R","M","M","T","R","?","?","?","M","R","BOSS","M","?","$","?","?","E","?","M","T","R","M","E","R","M","R","BOSS"],"build_version":"2019-01-23","purchased_purges":0,"victory":false,"max_hp_per_floor":[75,75,75,75,75,75,75,75,75,75,75,75,75,75,75,75,75,75,75,75,52,52,52,52,52,52,52,52,52,52,52,52,52,52,52,52,52,52,52,52,52,52,52,52,52,52,52,52,52,52],"card_choices":[{"not_picked":["Reinforced Body","Compile Driver"],"picked":"Heatsinks","floor":1},{"not_picked":["Heatsinks","Compile Driver"],"picked":"Defragment","floor":7},{"not_picked":["Ball Lightning","Glacier"],"picked":"Sweeping Beam","floor":10},{"not_picked":["Compile Driver","Redo"],"picked":"Doom and Gloom","floor":11},{"not_picked":["Sweeping Beam","Rebound"],"picked":"BootSequence","floor":14},{"not_picked":["Machine Learning","Creative AI"],"picked":"Buffer","floor":16},{"not_picked":["Chaos","Streamline"],"picked":"Go for the Eyes+1","floor":18},{"not_picked":["Melter","BootSequence"],"picked":"Loop","floor":20},{"not_picked":["Rebound","Streamline"],"picked":"Rip and Tear","floor":24},{"not_picked":["Reinforced Body","Conserve Battery"],"picked":"Stack+1","floor":25},{"not_picked":["Rip and Tear","Go for the Eyes"],"picked":"Gash","floor":31},{"not_picked":["Buffer","Reboot"],"picked":"All For One","floor":33},{"not_picked":["Streamline","Chaos"],"picked":"Leap","floor":34},{"not_picked":["Steam","Sweeping Beam"],"picked":"Conserve Battery+1","floor":34},{"not_picked":["Leap","Turbo"],"picked":"Electrodynamics","floor":34},{"not_picked":["Rebound","Stack"],"picked":"Chaos","floor":34},{"not_picked":["Hologram","Recycle"],"picked":"Conserve Battery+1","floor":34},{"not_picked":["Force Field","Conserve Battery"],"picked":"Go for the Eyes","floor":35},{"not_picked":["Leap","Reboot"],"picked":"Gash","floor":38},{"not_picked":["Cold Snap","Steam Power+1"],"picked":"Creative AI","floor":40},{"not_picked":["Cold Snap","Rebound+1"],"picked":"Chill","floor":42},{"not_picked":["Glacier+1","Cold Snap"],"picked":"Gash+1","floor":45},{"not_picked":["All For One","Redo"],"picked":"Thunder Strike","floor":46},{"not_picked":["Ball Lightning","Conserve Battery"],"picked":"Loop+1","floor":48}],"player_experience":595090,"relics_obtained":[{"floor":7,"key":"Tiny Chest"},{"floor":9,"key":"War Paint"},{"floor":12,"key":"Oddly Smooth Stone"},{"floor":13,"key":"Pocketwatch"},{"floor":23,"key":"DataDisk"},{"floor":26,"key":"Kunai"},{"floor":27,"key":"Vajra"},{"floor":29,"key":"Happy Flower"},{"floor":32,"key":"Mercury Hourglass"},{"floor":36,"key":"Sundial"},{"floor":39,"key":"Ornamental Fan"},{"floor":40,"key":"FossilizedHelix"},{"floor":43,"key":"Du-Vu Doll"},{"floor":44,"key":"Lantern"},{"floor":46,"key":"Nunchaku"}],"event_choices":[{"damage_healed":0,"gold_gain":0,"player_choice":"Grow","damage_taken":0,"max_hp_gain":0,"max_hp_loss":0,"event_name":"Living Wall","floor":3,"gold_loss":0,"cards_upgraded":["Zap"]},{"damage_healed":0,"gold_gain":175,"player_choice":"AGREE","damage_taken":0,"max_hp_gain":0,"max_hp_loss":0,"event_name":"Liars Game","floor":4,"gold_loss":0,"cards_obtained":["Doubt"]},{"cards_removed":["Doubt"],"damage_healed":0,"gold_gain":0,"player_choice":"Card Removal","damage_taken":0,"max_hp_gain":0,"max_hp_loss":0,"event_name":"The Cleric","floor":5,"gold_loss":50},{"damage_healed":0,"gold_gain":0,"player_choice":"Bought 0 Potions","damage_taken":0,"max_hp_gain":0,"max_hp_loss":0,"event_name":"The Woman in Blue","floor":19,"gold_loss":0},{"damage_healed":0,"gold_gain":0,"player_choice":"Became a vampire","damage_taken":0,"max_hp_gain":0,"max_hp_loss":23,"event_name":"Vampires","floor":21,"gold_loss":0,"cards_obtained":["Bite","Bite","Bite","Bite","Bite"]},{"damage_healed":0,"gold_gain":0,"player_choice":"Opened","damage_taken":0,"relics_obtained":["Symbiotic Virus"],"max_hp_gain":0,"max_hp_loss":0,"event_name":"The Mausoleum","floor":28,"gold_loss":0},{"damage_healed":0,"gold_gain":0,"player_choice":"Traded Relic","damage_taken":0,"relics_obtained":["Nloth\u0027s Gift"],"max_hp_gain":0,"max_hp_loss":0,"event_name":"N\u0027loth","floor":30,"relics_lost":["War Paint"],"gold_loss":0},{"damage_healed":0,"gold_gain":0,"player_choice":"Paid","damage_taken":0,"relics_obtained":["Red Mask"],"max_hp_gain":0,"max_hp_loss":0,"event_name":"Tomb of Lord Red Mask","floor":41,"gold_loss":55}],"is_beta":false,"boss_relics":[{"not_picked":["White Beast Statue","Astrolabe"],"picked":"Philosopher\u0027s Stone"},{"not_picked":["Velvet Choker","Nuclear Battery"],"picked":"Orrery"}],"items_purged_floors":[],"is_endless":false,"potions_floor_spawned":[1,11,16,20,31,33,40,42],"killed_by":"Awakened One","ascension_level":1}