{"gold_per_floor":[144,91,266,311,386,386,431,14,14,14,59,59,104,149,149,449,449,494,30,30,30,75,75,120,165,190,190,235,12,12,57,57,357,357,402,702,777,16,61,106,106,196,271,271,2,47,137,182,182,182],"floor_reached":50,"playtime":3018,"items_purged":[],"score":594,"play_id":"c555ffdb-dd10-4a71-a6f8-3fcf10c58de6","local_time":"20190427052028","daily_mods":["Allstar","Colorless Cards","Midas"],"is_ascension_mode":false,"campfire_choices":[{"floor":6,"key":"REST"},{"floor":15,"key":"REST"},{"floor":23,"key":"REST"},{"floor":27,"key":"REST"},{"floor":32,"key":"REST"},{"floor":41,"key":"REST"},{"floor":49,"key":"REST"}],"neow_cost":"","seed_source_timestamp":0,"circlet_count":0,"master_deck":["Defend_G","Defend_G","Defend_G","Defend_G","Defend_G","Strike_G","Strike_G","Strike_G","Strike_G","Strike_G","Survivor","Neutralize","Swift Strike","Enlightenment","Panache","Trip","Swift Strike","Poisoned Stab","Dagger Throw","Blade Dance","Footwork","Quick Slash","Parasite","Dagger Spray","Leg Sweep","Apotheosis","Flash of Steel","Master of Strategy","Heel Hook","Necronomicurse","Dramatic Entrance","Mind Blast+1","Secret Technique","Terror","Caltrops","Cloak And Dagger","Dagger Spray","Masterful Stab","PanicButton","Underhanded Strike+1","Magnetism","Bane+1","Deflect","Accuracy","Blur","Deep Breath","Prepared","Dodge and Roll+1","Poisoned Stab+1","Bouncing Flask+1","Poisoned Stab","Noxious Fumes","PiercingWail+1","Dark Shackles","Dagger Spray+1","Deadly Poison"],"special_seed":18013,"relics":["Ring of the Snake","Strange Spoon","Art of War","Lantern","Fusion Hammer","Gremlin Horn","Necronomicon","Snake Skull","Black Star","Nunchaku","Meat on the Bone","Bronze Scales","Dream Catcher","ClockworkSouvenir","Orichalcum","Gambling Chip","Bottled Tornado","HandDrill","Potion Belt","Ornamental Fan"],"potions_floor_usage":[16,33,33,33,47,50,50],"damage_taken":[{"damage":10,"enemies":"Small Slimes","floor":1,"turns":5},{"damage":2,"enemies":"2 Louse","floor":4,"turns":2},{"damage":1,"enemies":"Jaw Worm","floor":7,"turns":2},{"damage":9,"enemies":"Blue Slaver","floor":11,"turns":3},{"damage":0,"enemies":"Looter","floor":13,"turns":2},{"damage":0,"enemies":"3 Louse","floor":14,"turns":1},{"damage":48,"enemies":"Slime Boss","floor":16,"turns":9},{"damage":2,"enemies":"3 Byrds","floor":18,"turns":6},{"damage":8,"enemies":"Shell Parasite","floor":22,"turns":3},{"damage":6,"enemies":"Snake Plant","floor":24,"turns":5},{"damage":8,"enemies":"Snecko","floor":25,"turns":3},{"damage":10,"enemies":"Shelled Parasite and Fungi","floor":28,"turns":5},{"damage":10,"enemies":"Cultist and Chosen","floor":31,"turns":3},{"damage":36,"enemies":"Champ","floor":33,"turns":8},{"damage":10,"enemies":"3 Darklings","floor":35,"turns":4},{"damage":17,"enemies":"Mind Bloom Boss Battle","floor":36,"turns":6},{"damage":0,"enemies":"Orb Walker","floor":39,"turns":3},{"damage":18,"enemies":"3 Darklings","floor":40,"turns":5},{"damage":37,"enemies":"Nemesis","floor":42,"turns":4},{"damage":8,"enemies":"Sphere and 2 Shapes","floor":46,"turns":3},{"damage":19,"enemies":"Reptomancer","floor":47,"turns":3},{"damage":0,"enemies":"Transient","floor":48,"turns":5},{"damage":70,"enemies":"Time Eater","floor":50,"turns":7}],"seed_played":"3295322973360831123","potions_obtained":[{"floor":1,"key":"Block Potion"},{"floor":7,"key":"Explosive Potion"},{"floor":16,"key":"PowerPotion"},{"floor":25,"key":"SkillPotion"},{"floor":39,"key":"Swift Potion"},{"floor":40,"key":"Strength Potion"},{"floor":46,"key":"Fire Potion"}],"is_trial":false,"path_per_floor":["M","$","?","M","?","R","M","$","T","$","M","?","M","M","R","B",null,"M","$","?","?","M","R","M","M","T","R","M","$","?","M","R","B",null,"M","?","T","$","M","M","R","E","T","?","$","M","E","M","R","B"],"character_chosen":"THE_SILENT","items_purchased":["Poisoned Stab","Strange Spoon","Art of War","Footwork","Gremlin Horn","Master of Strategy","Heel Hook","Caltrops","Cloak And Dagger","Dagger Spray","Masterful Stab","Bronze Scales","Dream Catcher","ClockworkSouvenir","Accuracy","Blur","Deep Breath","Prepared","HandDrill","Noxious Fumes"],"campfire_rested":7,"item_purchase_floors":[2,8,8,8,19,19,19,29,29,29,29,38,38,38,38,38,38,38,45,45],"current_hp_per_floor":[60,60,60,58,47,68,67,67,67,67,58,70,70,70,70,22,70,68,68,52,45,37,58,52,44,44,65,55,55,55,45,66,30,70,60,43,43,43,43,37,58,33,33,33,33,37,30,42,63,0],"gold":182,"neow_bonus":"","is_prod":false,"is_daily":true,"chose_seed":false,"campfire_upgraded":0,"win_rate":0,"timestamp":1556356828,"path_taken":["M","$","?","M","?","R","M","$","T","?","?","?","M","M","R","BOSS","M","$","?","?","M","R","M","M","T","R","?","$","?","M","R","BOSS","M","?","?","$","M","M","R","E","T","?","$","?","E","M","R","BOSS"],"build_version":"2019-01-23","purchased_purges":0,"victory":false,"max_hp_per_floor":[70,70,70,70,70,70,70,70,70,70,70,70,70,70,70,70,70,70,70,70,70,70,70,70,70,70,70,70,70,70,70,70,70,70,70,70,70,70,70,70,70,70,70,70,70,70,70,70,70,70],"card_choices":[{"not_picked":["Expertise","Enlightenment"],"picked":"Swift Strike","floor":1},{"not_picked":["All Out Attack","Sucker Punch"],"picked":"Dagger Throw","floor":4},{"not_picked":["Purity","Dagger Throw"],"picked":"Blade Dance","floor":7},{"not_picked":["Dagger Throw","PiercingWail"],"picked":"Quick Slash","floor":11},{"not_picked":["Sucker Punch","Calculated Gamble"],"picked":"Dagger Spray","floor":13},{"not_picked":["Deadly Poison","Panacea"],"picked":"Leg Sweep","floor":14},{"not_picked":["Burst","Malaise"],"picked":"Apotheosis","floor":16},{"not_picked":["Underhanded Strike","Quick Slash+1"],"picked":"Flash of Steel","floor":18},{"not_picked":["All Out Attack","Flying Knee"],"picked":"Dramatic Entrance","floor":22},{"not_picked":["Swift Strike+1","PiercingWail"],"picked":"Mind Blast+1","floor":24},{"not_picked":["PiercingWail","Setup+1"],"picked":"Secret Technique","floor":25},{"not_picked":["All Out Attack+1","Quick Slash"],"picked":"Terror","floor":28},{"not_picked":["Cloak And Dagger","Blade Dance"],"picked":"Underhanded Strike+1","floor":31},{"not_picked":["Chrysalis","Bullet Time"],"picked":"Magnetism","floor":33},{"not_picked":["Dodge and Roll+1","Cloak And Dagger"],"picked":"Bane+1","floor":35},{"not_picked":["Dodge and Roll","Flechettes"],"picked":"Deflect","floor":36},{"not_picked":["Prepared+1","Blind"],"picked":"Dodge and Roll+1","floor":39},{"not_picked":["Bane","Reflex+1"],"picked":"Poisoned Stab+1","floor":40},{"not_picked":["Outmaneuver+1","Finisher"],"picked":"Bouncing Flask+1","floor":41},{"not_picked":["Outmaneuver+1","Apotheosis"],"picked":"Poisoned Stab","floor":42},{"not_picked":["Mind Blast","Forethought"],"picked":"PiercingWail+1","floor":46},{"not_picked":["Flying Knee","Blind"],"picked":"Dark Shackles","floor":47},{"not_picked":["PiercingWail","Underhanded Strike+1"],"picked":"Dagger Spray+1","floor":48},{"not_picked":["Prepared","Deflect+1"],"picked":"Deadly Poison","floor":49}],"player_experience":619375,"relics_obtained":[{"floor":9,"key":"Lantern"},{"floor":20,"key":"Necronomicon"},{"floor":26,"key":"Snake Skull"},{"floor":36,"key":"Nunchaku"},{"floor":37,"key":"Meat on the Bone"},{"floor":42,"key":"Orichalcum"},{"floor":42,"key":"Gambling Chip"},{"floor":43,"key":"Bottled Tornado"},{"floor":47,"key":"Potion Belt"},{"floor":47,"key":"Ornamental Fan"}],"event_choices":[{"damage_healed":0,"gold_gain":175,"player_choice":"AGREE","damage_taken":0,"max_hp_gain":0,"max_hp_loss":0,"event_name":"Liars Game","floor":3,"gold_loss":0,"cards_obtained":["Doubt"]},{"damage_healed":0,"gold_gain":75,"player_choice":"Gather Gold","damage_taken":11,"max_hp_gain":0,"max_hp_loss":0,"event_name":"World of Goop","floor":5,"gold_loss":0},{"damage_healed":17,"gold_gain":0,"player_choice":"Healed and dodged fight","damage_taken":0,"max_hp_gain":0,"max_hp_loss":0,"event_name":"Mushrooms","floor":12,"gold_loss":0,"cards_obtained":["Parasite"]},{"damage_healed":0,"gold_gain":0,"player_choice":"Obtained Book","damage_taken":16,"max_hp_gain":0,"max_hp_loss":0,"event_name":"Cursed Tome","floor":20,"gold_loss":0},{"damage_healed":0,"gold_gain":0,"player_choice":"Damaged","damage_taken":7,"max_hp_gain":0,"max_hp_loss":0,"event_name":"Wheel of Change","floor":21,"gold_loss":0},{"damage_healed":0,"gold_gain":0,"cards_transformed":["Purity"],"player_choice":"Transformed","damage_taken":0,"max_hp_gain":0,"max_hp_loss":0,"event_name":"Transmorgrifier","floor":30,"gold_loss":0,"cards_obtained":["PanicButton"]},{"damage_healed":0,"gold_gain":0,"player_choice":"Fight","damage_taken":0,"max_hp_gain":0,"max_hp_loss":0,"event_name":"MindBloom","floor":36,"gold_loss":0},{"cards_removed":["Doubt"],"damage_healed":0,"gold_gain":0,"player_choice":"Card Removal","damage_taken":0,"max_hp_gain":0,"max_hp_loss":0,"event_name":"Wheel of Change","floor":44,"gold_loss":0}],"is_beta":false,"boss_relics":[{"not_picked":["Cursed Key","Philosopher\u0027s Stone"],"picked":"Fusion Hammer"},{"not_picked":["Empty Cage","Astrolabe"],"picked":"Black Star"}],"items_purged_floors":[],"is_endless":false,"potions_floor_spawned":[1,7,16,25,31,39,40,46],"killed_by":"Time Eater","ascension_level":0}