{"gold_per_floor":[115,115,125,137,137,168,168,194,275,275,293,303,403,421,421,524,524,541,522,538,263,279,279],"floor_reached":23,"playtime":1711,"items_purged":["Strike_R"],"score":240,"play_id":"82b2aa48-7539-4518-8980-1db480eab54d","local_time":"20190707205833","is_ascension_mode":true,"campfire_choices":[{"floor":7.0,"key":"REST"},{"floor":10.0,"key":"REST"},{"floor":15.0,"key":"REST"}],"neow_cost":"PERCENT_DAMAGE","seed_source_timestamp":0,"circlet_count":0,"master_deck":["Strike_R","Strike_R","Strike_R","Strike_R","Defend_R","Defend_R","Defend_R","Defend_R","Bash+1","Heavy Blade","Whirlwind","Flex","Feed","Forethought","Limit Break","Shrug It Off","Disarm","Demon Form","Shrug It Off","Sword Boomerang","Shrug It Off","Warcry"],"special_seed":0,"relics":["Burning Blood","Bird Faced Urn","Calipers","Orichalcum","Question Card","Cursed Key","Juzu Bracelet"],"potions_floor_usage":[18,23,23,23],"damage_taken":[{"damage":18.0,"enemies":"Jaw Worm","floor":1.0,"turns":3.0},{"damage":1.0,"enemies":"Cultist","floor":3.0,"turns":3.0},{"damage":7.0,"enemies":"Small Slimes","floor":4.0,"turns":3.0},{"damage":32.0,"enemies":"Gremlin Nob","floor":6.0,"turns":4.0},{"damage":45.0,"enemies":"3 Sentries","floor":8.0,"turns":5.0},{"damage":18.0,"enemies":"Gremlin Gang","floor":11.0,"turns":6.0},{"damage":7.0,"enemies":"3 Louse","floor":12.0,"turns":3.0},{"damage":7.0,"enemies":"Red Slaver","floor":14.0,"turns":2.0},{"damage":30.0,"enemies":"The Guardian","floor":16.0,"turns":7.0},{"damage":15,"enemies":"Chosen","floor":18,"turns":8},{"damage":21,"enemies":"2 Thieves","floor":19,"turns":4},{"damage":35,"enemies":"Centurion and Healer","floor":20,"turns":12},{"damage":19,"enemies":"Cultist and Chosen","floor":22,"turns":6},{"damage":66,"enemies":"Slavers","floor":23,"turns":5}],"seed_played":"-6593001929412496808","potions_obtained":[{"floor":6.0,"key":"GamblersBrew"},{"floor":8.0,"key":"GamblersBrew"},{"floor":12.0,"key":"Strength Potion"},{"floor":16.0,"key":"SteroidPotion"},{"floor":20,"key":"Ancient Potion"},{"floor":22,"key":"BloodPotion"}],"is_trial":false,"path_per_floor":["M","?","M","M","?","E","R","E","T","R","M","M","?","M","R","B",null,"M","M","M","$","M","E"],"character_chosen":"IRONCLAD","items_purchased":["Juzu Bracelet","Shrug It Off"],"campfire_rested":3,"item_purchase_floors":[21,21],"current_hp_per_floor":[44,44,49,48,48,22,46,7,7,31,22,24,24,23,48,29,89,83,68,44,44,36,0],"gold":279,"neow_bonus":"ONE_RARE_RELIC","is_prod":false,"is_daily":false,"chose_seed":false,"campfire_upgraded":0,"win_rate":0,"timestamp":1562547513,"path_taken":["M","?","M","M","?","E","R","E","T","R","M","?","?","M","R","BOSS","M","?","M","?","M","E"],"build_version":"2019-07-05","purchased_purges":1,"victory":false,"max_hp_per_floor":[80,80,80,80,80,80,80,80,80,80,83,86,86,86,86,89,89,92,92,95,95,98,98],"card_choices":[{"not_picked":["Wild Strike","Clothesline"],"picked":"Heavy Blade","floor":1.0},{"not_picked":["Heavy Blade","Sword Boomerang"],"picked":"Whirlwind","floor":3.0},{"not_picked":["Body Slam","Heavy Blade"],"picked":"Flex","floor":4.0},{"not_picked":["Clothesline","Intimidate"],"picked":"Limit Break","floor":6.0},{"not_picked":["Dual Wield","Evolve"],"picked":"Shrug It Off","floor":8.0},{"not_picked":["Wild Strike","Clash","Havoc","Anger"],"picked":"SKIP","floor":11.0},{"not_picked":["Dropkick","Anger","Iron Wave"],"picked":"Disarm","floor":12.0},{"not_picked":["Iron Wave","Body Slam","Twin Strike"],"picked":"Demon Form","floor":14.0},{"not_picked":["True Grit+1","Pommel Strike","Searing Blow","Dropkick"],"picked":"SKIP","floor":18},{"not_picked":["Thunderclap","Whirlwind","Heavy Blade"],"picked":"Shrug It Off","floor":19},{"not_picked":["Seeing Red","Feel No Pain","Flame Barrier"],"picked":"Sword Boomerang","floor":20},{"not_picked":["Reckless Charge+1","Feed","Twin Strike"],"picked":"Warcry","floor":22}],"player_experience":197891,"relics_obtained":[{"floor":6.0,"key":"Calipers"},{"floor":8.0,"key":"Orichalcum"},{"floor":9.0,"key":"Question Card"}],"event_choices":[{"damage_healed":0.0,"max_hp_gain":0.0,"max_hp_loss":0.0,"gold_gain":0.0,"event_name":"Living Wall","player_choice":"Grow","floor":2.0,"gold_loss":0.0,"damage_taken":0.0,"cards_upgraded":["Bash"]},{"damage_healed":0.0,"max_hp_gain":0.0,"max_hp_loss":0.0,"gold_gain":0.0,"event_name":"Match and Keep!","player_choice":"2 cards matched","floor":5.0,"gold_loss":0.0,"damage_taken":0.0,"cards_obtained":["Feed","Forethought"]},{"damage_healed":0.0,"max_hp_gain":0.0,"max_hp_loss":0.0,"gold_gain":100.0,"event_name":"Golden Shrine","player_choice":"Pray","floor":13.0,"gold_loss":0.0,"damage_taken":0.0}],"is_beta":false,"boss_relics":[{"not_picked":["Lizard Tail","Runic Cube"],"picked":"Cursed Key"}],"items_purged_floors":[21],"is_endless":false,"potions_floor_spawned":[6,8,12,16,20,22],"killed_by":"Slavers","ascension_level":1}