{"gold_per_floor":[115,115,132,207,382,382,399,431,477,511,525,545,23,8],"floor_reached":14,"playtime":819,"items_purged":[],"score":105,"play_id":"48609cce-df06-4558-a48a-26080116fc8c","local_time":"20181115214815","is_ascension_mode":true,"campfire_choices":[{"data":"Flame Barrier","floor":6,"key":"SMITH"}],"neow_cost":"TEN_PERCENT_HP_LOSS","seed_source_timestamp":128280809788090,"circlet_count":0,"master_deck":["Strike_R+1","Strike_R","Strike_R","Strike_R+1","Strike_R","Defend_R","Defend_R","Defend_R","Defend_R","Bash","Forethought","Finesse","Iron Wave","Flame Barrier+1","Doubt","Rage","Corruption","Bludgeon","Thunderclap","Power Through","Mayhem+1"],"relics":["Burning Blood","Whetstone","Pen Nib","The Courier","Frozen Egg 2","Toxic Egg 2"],"potions_floor_usage":[8,10],"damage_taken":[{"damage":3,"enemies":"Small Slimes","floor":1,"turns":4},{"damage":4,"enemies":"2 Louse","floor":3,"turns":3},{"damage":0,"enemies":"Cultist","floor":7,"turns":4},{"damage":36,"enemies":"3 Sentries","floor":8,"turns":14},{"damage":32,"enemies":"Gremlin Nob","floor":10,"turns":6},{"damage":7,"enemies":"Blue Slaver","floor":11,"turns":3},{"damage":6,"enemies":"Lots of Slimes","floor":12,"turns":4},{"damage":15,"enemies":"Exordium Thugs","floor":14,"turns":1}],"seed_played":"3487314728864129355","potions_obtained":[{"floor":3,"key":"Swift Potion"},{"floor":8,"key":"Poison Potion"}],"is_trial":false,"path_per_floor":["M","?","M","?","?","R","M","E","T","E","M","M","$","M"],"character_chosen":"IRONCLAD","items_purchased":["Frozen Egg 2","Mayhem+1","Toxic Egg 2"],"campfire_rested":0,"item_purchase_floors":[13,13,13],"current_hp_per_floor":[72,72,72,61,61,61,67,37,37,11,10,10,10,0],"gold":8,"neow_bonus":"RANDOM_COLORLESS_2","is_prod":false,"is_daily":false,"chose_seed":false,"campfire_upgraded":1,"win_rate":0,"timestamp":1542336495,"path_taken":["M","?","M","?","?","R","M","E","T","E","M","M","?","M"],"build_version":"2018-11-15","purchased_purges":0,"victory":false,"max_hp_per_floor":[72,72,72,72,72,72,72,72,72,72,72,72,72,72],"card_choices":[{"not_picked":["Heavy Blade","Armaments"],"picked":"Iron Wave","floor":1},{"not_picked":["Pommel Strike","Dual Wield"],"picked":"Flame Barrier","floor":3},{"not_picked":["Body Slam","Shrug It Off"],"picked":"Rage","floor":7},{"not_picked":["Armaments","True Grit"],"picked":"Corruption","floor":8},{"not_picked":["Flame Barrier","Inflame"],"picked":"Bludgeon","floor":10},{"not_picked":["Pommel Strike","Cleave"],"picked":"Thunderclap","floor":11},{"not_picked":["Wild Strike","Bloodletting"],"picked":"Power Through","floor":12}],"player_experience":489140,"relics_obtained":[{"floor":8,"key":"Whetstone"},{"floor":9,"key":"Pen Nib"},{"floor":10,"key":"The Courier"}],"event_choices":[{"damage_healed":0,"gold_gain":0,"player_choice":"Leave","damage_taken":0,"max_hp_gain":0,"max_hp_loss":0,"event_name":"The Cleric","floor":2,"gold_loss":0},{"damage_healed":0,"gold_gain":75,"player_choice":"Gather Gold","damage_taken":11,"max_hp_gain":0,"max_hp_loss":0,"event_name":"World of Goop","floor":4,"gold_loss":0},{"damage_healed":0,"gold_gain":175,"player_choice":"AGREE","damage_taken":0,"max_hp_gain":0,"max_hp_loss":0,"event_name":"Liars Game","floor":5,"gold_loss":0,"cards_obtained":["Doubt"]}],"is_beta":false,"boss_relics":[],"items_purged_floors":[],"is_endless":false,"potions_floor_spawned":[3,8],"killed_by":"Exordium Thugs","ascension_level":1}