{"gold_per_floor":[113,113,113,113,188,188,219,297,324,342,342,342,39,53,53,150,150,167,82,181,199,216,216,249,249,249,261,271,271,271,189,189,288,288,299,299,226,226,326,326,326,326,326,346,377,377,388,407,407,407],"floor_reached":51,"playtime":3567,"items_purged":[],"score":741,"play_id":"df7d7d7a-14df-44f3-abd8-8d725d6e17bc","local_time":"20190708164620","is_ascension_mode":false,"campfire_choices":[{"data":"Sunder","floor":6,"key":"SMITH"},{"data":"Loop","floor":11,"key":"SMITH"},{"data":"Amplify","floor":15,"key":"SMITH"},{"data":"Seek","floor":23,"key":"SMITH"},{"data":"Zap","floor":25,"key":"SMITH"},{"data":"Capacitor","floor":29,"key":"SMITH"},{"data":"Rainbow","floor":32,"key":"SMITH"},{"data":"Heatsinks","floor":40,"key":"SMITH"},{"data":"Amplify","floor":42,"key":"SMITH"},{"data":"Loop","floor":49,"key":"SMITH"}],"neow_cost":"NONE","seed_source_timestamp":331788561045918,"circlet_count":0,"master_deck":["Strike_B","Strike_B+1","Defend_B","Defend_B+1","Defend_B","Zap+1","Dualcast","Sunder+1","Amplify+1","Loop+1","Force Field","Seek+1","FTL","BootSequence","White Noise+1","Redo+1","Reprogram","Capacitor+1","Rainbow+1","Loop+1","Amplify+1","BootSequence+1","All For One+1","Undo+1","Heatsinks+1","Heatsinks+1","Chaos+1","Beam Cell+1","Conserve Battery","Hologram+1","Streamline+1"],"relics":["Cracked Core","Oddly Smooth Stone","Bronze Scales","Bird Faced Urn","Eternal Feather","Pear","Happy Flower","Meat on the Bone","Astrolabe","Ice Cream","Anchor","Kunai"],"potions_floor_usage":[1,24,27,33,36,48,50,50],"damage_taken":[{"damage":1,"enemies":"2 Louse","floor":1,"turns":3},{"damage":23,"enemies":"Gremlin Nob","floor":7,"turns":4},{"damage":0,"enemies":"Small Slimes","floor":10,"turns":2},{"damage":5,"enemies":"Jaw Worm","floor":14,"turns":2},{"damage":36,"enemies":"The Guardian","floor":16,"turns":11},{"damage":25,"enemies":"2 Thieves","floor":18,"turns":4},{"damage":10,"enemies":"3 Byrds","floor":21,"turns":3},{"damage":18,"enemies":"Centurion and Healer","floor":22,"turns":8},{"damage":21,"enemies":"Book of Stabbing","floor":24,"turns":5},{"damage":14,"enemies":"Chosen and Byrds","floor":27,"turns":4},{"damage":28,"enemies":"Sentry and Sphere","floor":28,"turns":4},{"damage":80,"enemies":"Collector","floor":33,"turns":12},{"damage":13,"enemies":"Orb Walker","floor":35,"turns":4},{"damage":0,"enemies":"3 Darklings","floor":36,"turns":4},{"damage":40,"enemies":"Mind Bloom Boss Battle","floor":39,"turns":9},{"damage":19,"enemies":"Jaw Worm Horde","floor":44,"turns":4},{"damage":19,"enemies":"Giant Head","floor":45,"turns":8},{"damage":0,"enemies":"Maw","floor":47,"turns":7},{"damage":27,"enemies":"Transient","floor":48,"turns":5},{"damage":35,"enemies":"Awakened One","floor":50,"turns":8}],"seed_played":"148640966364533476","potions_obtained":[{"floor":1,"key":"Fruit Juice"},{"floor":14,"key":"LiquidBronze"},{"floor":16,"key":"SpeedPotion"},{"floor":18,"key":"FocusPotion"},{"floor":22,"key":"Explosive Potion"},{"floor":27,"key":"Fire Potion"},{"floor":35,"key":"SmokeBomb"},{"floor":47,"key":"Dexterity Potion"},{"floor":48,"key":"EssenceOfSteel"}],"is_trial":false,"path_per_floor":["M","?","?","$","?","R","E","?","T","M","R","?","$","M","R","B",null,"M","?","?","M","M","R","E","R","T","M","M","R","?","$","R","B",null,"M","M","$","?","?","R","?","R","T","M","E","?","M","M","R","B",null],"character_chosen":"DEFECT","items_purchased":["Bird Faced Urn","Loop","Heatsinks"],"campfire_rested":0,"item_purchase_floors":[13,31,37],"current_hp_per_floor":[86,86,91,91,80,80,57,57,57,57,57,39,39,38,38,4,92,67,77,77,71,57,66,51,60,60,62,52,64,64,64,76,18,102,89,97,97,97,69,84,84,97,97,82,81,81,97,74,92,70],"gold":407,"neow_bonus":"TEN_PERCENT_HP_BONUS","is_prod":false,"is_daily":false,"chose_seed":false,"campfire_upgraded":10,"win_rate":0.0,"timestamp":1562640380,"path_taken":["M","?","?","$","?","R","E","?","T","M","R","?","?","M","R","BOSS","M","?","?","M","M","R","E","R","T","M","M","R","?","?","R","BOSS","M","M","$","?","?","R","?","R","T","M","E","?","M","M","R","BOSS"],"build_version":"2019-07-05","purchased_purges":0,"victory":true,"max_hp_per_floor":[87,87,92,92,92,92,92,92,92,92,92,92,92,92,92,92,92,92,102,102,102,102,102,102,102,102,102,102,102,102,102,102,102,102,102,102,102,102,102,102,97,97,97,97,97,97,97,97,97,97],"card_choices":[{"not_picked":["Fusion","Steam Power"],"picked":"Sunder","floor":1},{"not_picked":["Core Surge","Self Repair"],"picked":"Amplify","floor":7},{"not_picked":["Fusion","Leap"],"picked":"Loop","floor":10},{"not_picked":["Rip and Tear","Sunder"],"picked":"Force Field","floor":14},{"not_picked":["Reboot","Hyperbeam"],"picked":"Seek","floor":16},{"not_picked":["Aggregate","Beam Cell"],"picked":"FTL","floor":18},{"not_picked":["Stack","Cold Snap"],"picked":"BootSequence","floor":21},{"not_picked":["Redo","Streamline"],"picked":"White Noise+1","floor":22},{"not_picked":["Compile Driver+1","Leap"],"picked":"Redo+1","floor":24},{"not_picked":["Turbo","Consume"],"picked":"Reprogram","floor":27},{"not_picked":["Stack+1","Skim"],"picked":"Capacitor","floor":28},{"not_picked":["Reboot","Hyperbeam"],"picked":"Amplify","floor":33},{"not_picked":["Redo+1","Loop+1"],"picked":"Heatsinks+1","floor":35},{"not_picked":["Compile Driver+1","Genetic Algorithm"],"picked":"Chaos+1","floor":39},{"not_picked":["Loop","Coolheaded"],"picked":"Beam Cell+1","floor":44},{"not_picked":["Go for the Eyes+1","Steam"],"picked":"Conserve Battery","floor":45},{"not_picked":["Beam Cell+1","Rebound"],"picked":"Hologram+1","floor":47},{"not_picked":["Steam","BootSequence"],"picked":"Streamline+1","floor":48}],"player_experience":57001,"relics_obtained":[{"floor":7,"key":"Oddly Smooth Stone"},{"floor":9,"key":"Bronze Scales"},{"floor":24,"key":"Happy Flower"},{"floor":26,"key":"Meat on the Bone"},{"floor":39,"key":"Ice Cream"},{"floor":43,"key":"Anchor"},{"floor":45,"key":"Kunai"}],"event_choices":[{"damage_healed":0,"gold_gain":0,"player_choice":"Leave","damage_taken":0,"max_hp_gain":0,"max_hp_loss":0,"event_name":"The Cleric","floor":2,"gold_loss":0},{"damage_healed":0,"gold_gain":0,"player_choice":"Donut","damage_taken":0,"max_hp_gain":5,"max_hp_loss":0,"event_name":"Big Fish","floor":3,"gold_loss":0},{"damage_healed":0,"gold_gain":75,"player_choice":"Gather Gold","damage_taken":11,"max_hp_gain":0,"max_hp_loss":0,"event_name":"World of Goop","floor":5,"gold_loss":0},{"damage_healed":0,"gold_gain":78,"player_choice":"Gained Gold","damage_taken":0,"max_hp_gain":0,"max_hp_loss":0,"event_name":"Golden Wing","floor":8,"gold_loss":0},{"damage_healed":0,"gold_gain":0,"player_choice":"Entered Light","damage_taken":18,"max_hp_gain":0,"max_hp_loss":0,"event_name":"Shining Light","floor":12,"gold_loss":0,"cards_upgraded":["Defend_B","Strike_B"]},{"damage_healed":0,"gold_gain":0,"player_choice":"Obtained Relic","damage_taken":0,"relics_obtained":["Pear"],"max_hp_gain":0,"max_hp_loss":0,"event_name":"Addict","floor":19,"gold_loss":85},{"damage_healed":0,"gold_gain":99,"player_choice":"Stole From Cult","damage_taken":0,"max_hp_gain":0,"max_hp_loss":0,"event_name":"Nest","floor":20,"gold_loss":0},{"damage_healed":0,"gold_gain":0,"player_choice":"Read","damage_taken":0,"max_hp_gain":0,"max_hp_loss":0,"event_name":"The Library","floor":30,"gold_loss":0,"cards_obtained":["Rainbow"]},{"damage_healed":0,"gold_gain":0,"player_choice":"Ignored","damage_taken":0,"max_hp_gain":0,"max_hp_loss":0,"event_name":"Tomb of Lord Red Mask","floor":38,"gold_loss":0},{"damage_healed":0,"gold_gain":0,"player_choice":"Fight","damage_taken":0,"max_hp_gain":0,"max_hp_loss":0,"event_name":"MindBloom","floor":39,"gold_loss":0},{"damage_healed":0,"gold_gain":0,"player_choice":"Max HP","damage_taken":0,"max_hp_gain":0,"max_hp_loss":5,"event_name":"Winding Halls","floor":41,"gold_loss":0},{"damage_healed":0,"gold_gain":0,"player_choice":"Ignored","damage_taken":0,"max_hp_gain":0,"max_hp_loss":0,"event_name":"SecretPortal","floor":46,"gold_loss":0}],"is_beta":false,"boss_relics":[{"not_picked":["Cursed Key","Orrery"],"picked":"Eternal Feather"},{"not_picked":["Lizard Tail","Busted Crown"],"picked":"Astrolabe"}],"items_purged_floors":[],"is_endless":false,"potions_floor_spawned":[1,14,16,18,22,27,35,47,48],"ascension_level":0}