{"gold_per_floor":[110,110,110,126,51,51,94,107,107,150,162,74,74,87,87,213,213,236,257,280,280,298,298],"floor_reached":23,"playtime":1809,"items_purged":["Injury","Strike_R"],"score":246,"play_id":"7dee80d4-b752-4dc6-9001-1796ad90a636","local_time":"20190709195906","is_ascension_mode":true,"campfire_choices":[{"data":"Cleave","floor":6,"key":"SMITH"},{"floor":13,"key":"RECALL"},{"data":"Bash","floor":15,"key":"SMITH"}],"neow_cost":"NONE","seed_source_timestamp":8382879005200,"circlet_count":0,"master_deck":["Strike_R","Strike_R","Strike_R","Defend_R","Defend_R","Defend_R","Defend_R","Bash+1","Cleave+1","Battle Trance","Twin Strike","Twin Strike","Double Tap","Feed"],"relics":["Burning Blood","Golden Idol","Self Forming Clay","MawBank","Lizard Tail","CultistMask"],"potions_floor_usage":[16,20,23],"damage_taken":[{"damage":6,"enemies":"2 Louse","floor":1,"turns":3},{"damage":0,"enemies":"Small Slimes","floor":4,"turns":4},{"damage":30,"enemies":"3 Sentries","floor":7,"turns":7},{"damage":2,"enemies":"Jaw Worm","floor":8,"turns":4},{"damage":46,"enemies":"Lagavulin","floor":10,"turns":6},{"damage":6,"enemies":"Looter","floor":14,"turns":2},{"damage":79,"enemies":"Hexaghost","floor":16,"turns":8},{"damage":35,"enemies":"Shell Parasite","floor":18,"turns":4},{"damage":41,"enemies":"Spheric Guardian","floor":19,"turns":6},{"damage":51,"enemies":"Centurion and Healer","floor":20,"turns":5},{"damage":39,"enemies":"Snake Plant","floor":22,"turns":5},{"damage":12,"enemies":"Book of Stabbing","floor":23,"turns":1}],"seed_played":"-5674456772863135138","potions_obtained":[{"floor":4,"key":"Ancient Potion"},{"floor":8,"key":"FearPotion"},{"floor":10,"key":"Energy Potion"},{"floor":20,"key":"Strength Potion"}],"is_trial":false,"path_per_floor":["M","?","?","M","$","R","E","M","T","E","?","$","R","M","R","B",null,"M","M","M","?","M","E"],"character_chosen":"IRONCLAD","items_purchased":[],"campfire_rested":0,"item_purchase_floors":[],"current_hp_per_floor":[88,88,81,87,87,87,63,67,67,27,98,98,98,98,98,25,98,69,34,43,43,10,0],"gold":298,"neow_bonus":"TEN_PERCENT_HP_BONUS","is_prod":false,"is_daily":false,"chose_seed":false,"campfire_upgraded":2,"win_rate":0,"timestamp":1562695146,"path_taken":["M","?","?","M","?","R","E","M","T","E","?","$","R","M","R","BOSS","M","M","?","?","M","E"],"build_version":"2019-07-05","purchased_purges":2,"victory":false,"max_hp_per_floor":[88,88,88,88,88,88,88,88,88,88,98,98,98,98,98,98,98,98,98,98,98,98,98],"card_choices":[{"not_picked":["Warcry","Body Slam"],"picked":"Cleave","floor":1},{"not_picked":["Intimidate","Whirlwind"],"picked":"Battle Trance","floor":4},{"not_picked":["Body Slam","Sword Boomerang"],"picked":"Twin Strike","floor":7},{"not_picked":["Anger","Armaments"],"picked":"Twin Strike","floor":8},{"not_picked":["Uppercut","Second Wind"],"picked":"Fiend Fire","floor":10},{"not_picked":["Clash","Shrug It Off","Flame Barrier"],"picked":"SKIP","floor":14},{"not_picked":["Limit Break","Impervious"],"picked":"Double Tap","floor":16},{"not_picked":["Clash","Body Slam+1","Evolve"],"picked":"SKIP","floor":18},{"not_picked":["Carnage+1","Cleave","Reckless Charge"],"picked":"SKIP","floor":19},{"not_picked":["Disarm","Rampage+1","Shrug It Off"],"picked":"SKIP","floor":20},{"not_picked":["Clash","Ghostly Armor"],"picked":"Feed","floor":22}],"player_experience":98526,"relics_obtained":[{"floor":7,"key":"Self Forming Clay"},{"floor":10,"key":"MawBank"}],"event_choices":[{"damage_healed":0,"gold_gain":0,"player_choice":"Take Wound","damage_taken":0,"relics_obtained":["Golden Idol"],"max_hp_gain":0,"max_hp_loss":0,"event_name":"Golden Idol","floor":2,"gold_loss":0,"cards_obtained":["Injury"]},{"cards_removed":["Strike_R"],"damage_healed":0,"gold_gain":0,"player_choice":"Card Removal","damage_taken":7,"max_hp_gain":0,"max_hp_loss":0,"event_name":"Golden Wing","floor":3,"gold_loss":0},{"cards_removed":["Fiend Fire"],"damage_healed":61,"gold_gain":0,"player_choice":"Offered Rare","damage_taken":0,"max_hp_gain":10,"max_hp_loss":0,"event_name":"Bonfire Elementals","floor":11,"gold_loss":0},{"damage_healed":0,"gold_gain":0,"player_choice":"Trade","damage_taken":0,"relics_obtained":["CultistMask"],"max_hp_gain":0,"max_hp_loss":0,"event_name":"FaceTrader","floor":21,"gold_loss":0}],"is_beta":false,"boss_relics":[{"not_picked":["Empty Cage","Orrery"],"picked":"Lizard Tail"}],"items_purged_floors":[5,12],"is_endless":false,"potions_floor_spawned":[4,8,10,20],"killed_by":"Book of Stabbing","ascension_level":2}