{"gold_per_floor":[113,113,126,146,146,180,180,280,280,280,296,296,316,329,329,424,424,404,404,417,332,332,365,378,378],"floor_reached":25,"playtime":1421,"items_purged":[],"score":234,"play_id":"4c2fc152-1909-4611-b9ac-604baed0a00f","local_time":"20190708183236","is_ascension_mode":true,"campfire_choices":[{"data":"Blade Dance","floor":7,"key":"SMITH"},{"data":"Footwork","floor":10,"key":"SMITH"},{"data":"Terror","floor":15,"key":"SMITH"}],"neow_cost":"NONE","seed_source_timestamp":340323411913655,"circlet_count":0,"master_deck":["Strike_G","Strike_G","Strike_G","Strike_G","Strike_G","Defend_G","Defend_G","Defend_G","Defend_G","Defend_G","Survivor","Neutralize+1","Blade Dance+1","Footwork+1","Backflip","Terror+1","Backstab","Outmaneuver","Storm of Steel","Terror","Dagger Throw","Accuracy+1","Cloak And Dagger"],"relics":["Eternal Feather","Meat on the Bone","Bronze Scales","Black Star","MutagenicStrength","Girya","Bag of Preparation","Ninja Scroll"],"potions_floor_usage":[6,6,16,16,24,25],"damage_taken":[{"damage":0,"enemies":"Small Slimes","floor":1,"turns":4},{"damage":0,"enemies":"Cultist","floor":3,"turns":4},{"damage":5,"enemies":"Jaw Worm","floor":4,"turns":5},{"damage":26,"enemies":"Gremlin Nob","floor":6,"turns":5},{"damage":4,"enemies":"Looter","floor":11,"turns":4},{"damage":0,"enemies":"Red Slaver","floor":13,"turns":3},{"damage":5,"enemies":"Blue Slaver","floor":14,"turns":3},{"damage":28,"enemies":"Slime Boss","floor":16,"turns":13},{"damage":15,"enemies":"2 Thieves","floor":18,"turns":4},{"damage":15,"enemies":"Chosen","floor":20,"turns":4},{"damage":33,"enemies":"Book of Stabbing","floor":23,"turns":8},{"damage":8,"enemies":"Snake Plant","floor":24,"turns":3},{"damage":25,"enemies":"Gremlin Leader","floor":25,"turns":6}],"seed_played":"1152335260833031665","potions_obtained":[{"floor":1,"key":"Explosive Potion"},{"floor":4,"key":"LiquidBronze"},{"floor":11,"key":"Explosive Potion"},{"floor":14,"key":"GamblersBrew"},{"floor":18,"key":"Block Potion"},{"floor":24,"key":"Dexterity Potion"}],"is_trial":false,"path_per_floor":["M","?","M","M","?","E","R","?","T","R","M","?","M","M","R","B",null,"M","?","M","?","?","E","M","E"],"character_chosen":"THE_SILENT","items_purchased":[],"campfire_rested":0,"item_purchase_floors":[],"current_hp_per_floor":[70,70,70,65,70,44,53,53,53,62,58,58,58,53,62,46,75,60,60,45,45,38,17,21,0],"gold":378,"neow_bonus":"BOSS_RELIC","is_prod":false,"is_daily":false,"chose_seed":false,"campfire_upgraded":3,"win_rate":0,"timestamp":1562646756,"path_taken":["M","?","?","M","?","E","R","?","T","R","?","?","M","M","R","BOSS","M","?","M","?","?","E","?","E"],"build_version":"2019-07-05","purchased_purges":0,"victory":false,"max_hp_per_floor":[70,70,70,70,75,75,75,75,75,75,75,75,75,75,75,75,75,75,75,75,75,75,75,75,75],"card_choices":[{"not_picked":["Expertise","Bane","Heel Hook"],"picked":"SKIP","floor":1},{"not_picked":["Acrobatics","Quick Slash"],"picked":"Blade Dance","floor":3},{"not_picked":["Distraction","Riddle With Holes"],"picked":"Footwork","floor":4},{"not_picked":["Underhanded Strike","Reflex"],"picked":"Backflip","floor":6},{"not_picked":["Bane","Footwork"],"picked":"Terror","floor":11},{"not_picked":["Acrobatics","Dodge and Roll"],"picked":"Backstab","floor":13},{"not_picked":["Reflex","Flechettes"],"picked":"Outmaneuver","floor":14},{"not_picked":["Corpse Explosion","Unload"],"picked":"Storm of Steel","floor":16},{"not_picked":["PiercingWail","Dagger Spray"],"picked":"Terror","floor":18},{"not_picked":["Riddle With Holes","Distraction"],"picked":"Dagger Throw","floor":20},{"not_picked":["Sucker Punch","Backflip+1"],"picked":"Accuracy+1","floor":23},{"not_picked":["Masterful Stab","Backflip"],"picked":"Cloak And Dagger","floor":24}],"player_experience":65273,"relics_obtained":[{"floor":6,"key":"Meat on the Bone"},{"floor":9,"key":"Bronze Scales"},{"floor":23,"key":"Bag of Preparation"},{"floor":23,"key":"Ninja Scroll"}],"event_choices":[{"damage_healed":0,"gold_gain":0,"player_choice":"Upgraded","damage_taken":0,"max_hp_gain":0,"max_hp_loss":0,"event_name":"Upgrade Shrine","floor":2,"gold_loss":0,"cards_upgraded":["Neutralize"]},{"damage_healed":0,"gold_gain":0,"player_choice":"Donut","damage_taken":0,"max_hp_gain":5,"max_hp_loss":0,"event_name":"Big Fish","floor":5,"gold_loss":0},{"damage_healed":0,"gold_gain":100,"player_choice":"Gold","damage_taken":0,"max_hp_gain":0,"max_hp_loss":0,"event_name":"Wheel of Change","floor":8,"gold_loss":0},{"damage_healed":0,"gold_gain":0,"player_choice":"Ignored","damage_taken":0,"max_hp_gain":0,"max_hp_loss":0,"event_name":"Shining Light","floor":12,"gold_loss":0},{"damage_healed":0,"gold_gain":0,"player_choice":"Inject Mutagens","damage_taken":0,"relics_obtained":["MutagenicStrength"],"max_hp_gain":0,"max_hp_loss":0,"event_name":"Drug Dealer","floor":19,"gold_loss":0},{"damage_healed":0,"gold_gain":0,"player_choice":"Obtained Relic","damage_taken":0,"relics_obtained":["Girya"],"max_hp_gain":0,"max_hp_loss":0,"event_name":"Addict","floor":21,"gold_loss":85},{"damage_healed":0,"gold_gain":0,"player_choice":"Damaged","damage_taken":7,"max_hp_gain":0,"max_hp_loss":0,"event_name":"Wheel of Change","floor":22,"gold_loss":0}],"is_beta":false,"boss_relics":[{"not_picked":["Lizard Tail","Fusion Hammer"],"picked":"Black Star"}],"items_purged_floors":[],"is_endless":false,"potions_floor_spawned":[1,4,11,14,18,24],"killed_by":"Gremlin Leader","ascension_level":1}