{"gold_per_floor":[110,110,125,300,300,318,338,413,413,432,432,459,81,98,98,98],"floor_reached":16,"playtime":1334,"items_purged":[],"score":92,"play_id":"0f4ebff2-edb9-4ae6-9820-bc2fc9656bf1","local_time":"20190707185356","is_ascension_mode":false,"campfire_choices":[{"floor":11,"key":"REST"},{"data":"Impervious","floor":15,"key":"SMITH"}],"neow_cost":"NONE","seed_source_timestamp":126267653523000,"circlet_count":0,"master_deck":["Strike_R","Strike_R","Strike_R","Strike_R","Strike_R","Defend_R","Defend_R","Defend_R","Defend_R","Bash","Shrug It Off","Twin Strike","Doubt","Feel No Pain","Metallicize","Flame Barrier","Body Slam","HandOfGreed","Corruption","Jack Of All Trades","Pummel","Impervious+1"],"relics":["Burning Blood","Ornamental Fan","Mummified Hand","Odd Mushroom"],"potions_floor_usage":[12],"damage_taken":[{"damage":6,"enemies":"Cultist","floor":1,"turns":3},{"damage":5,"enemies":"Jaw Worm","floor":3,"turns":4},{"damage":8,"enemies":"Small Slimes","floor":6,"turns":4},{"damage":20,"enemies":"3 Louse","floor":7,"turns":4},{"damage":16,"enemies":"Blue Slaver","floor":10,"turns":5},{"damage":19,"enemies":"The Mushroom Lair","floor":12,"turns":8},{"damage":10,"enemies":"Looter","floor":14,"turns":3},{"damage":91,"enemies":"Hexaghost","floor":16,"turns":12}],"seed_played":"5074169029997305521","potions_obtained":[{"floor":7,"key":"BloodPotion"},{"floor":10,"key":"BloodPotion"}],"is_trial":false,"path_per_floor":["M","?","M","?","T","M","M","?","T","M","R","?","$","M","R","B"],"character_chosen":"IRONCLAD","items_purchased":["HandOfGreed","Corruption","Jack Of All Trades","Pummel"],"campfire_rested":1,"item_purchase_floors":[13,13,13,13],"current_hp_per_floor":[88,93,93,93,93,91,77,66,66,56,83,93,93,89,89,0],"gold":98,"neow_bonus":"TEN_PERCENT_HP_BONUS","is_prod":false,"is_daily":false,"chose_seed":false,"campfire_upgraded":1,"win_rate":0.0,"timestamp":1562518436,"path_taken":["M","?","M","?","?","M","M","?","T","M","R","?","$","?","R","BOSS"],"build_version":"2019-07-05","purchased_purges":0,"victory":false,"max_hp_per_floor":[88,93,93,93,93,93,93,93,93,93,93,93,93,93,93,93],"card_choices":[{"not_picked":["Clothesline","Sword Boomerang"],"picked":"Shrug It Off","floor":1},{"not_picked":["Body Slam","Flex"],"picked":"Twin Strike","floor":3},{"not_picked":["Inflame","Flex"],"picked":"Feel No Pain","floor":6},{"not_picked":["Clothesline","Pommel Strike"],"picked":"Metallicize","floor":7},{"not_picked":["Headbutt","Cleave"],"picked":"Flame Barrier","floor":10},{"not_picked":["Shrug It Off","Armaments"],"picked":"Body Slam","floor":12},{"not_picked":["Intimidate","Uppercut"],"picked":"Impervious","floor":14}],"player_experience":5429,"relics_obtained":[{"floor":5,"key":"Ornamental Fan"},{"floor":9,"key":"Mummified Hand"},{"floor":12,"key":"Odd Mushroom"}],"event_choices":[{"damage_healed":0,"gold_gain":0,"player_choice":"Donut","damage_taken":0,"max_hp_gain":5,"max_hp_loss":0,"event_name":"Big Fish","floor":2,"gold_loss":0},{"damage_healed":0,"gold_gain":175,"player_choice":"AGREE","damage_taken":0,"max_hp_gain":0,"max_hp_loss":0,"event_name":"Liars Game","floor":4,"gold_loss":0,"cards_obtained":["Doubt"]},{"damage_healed":0,"gold_gain":75,"player_choice":"Gather Gold","damage_taken":11,"max_hp_gain":0,"max_hp_loss":0,"event_name":"World of Goop","floor":8,"gold_loss":0},{"damage_healed":0,"gold_gain":0,"player_choice":"Fought Mushrooms","damage_taken":0,"max_hp_gain":0,"max_hp_loss":0,"event_name":"Mushrooms","floor":12,"gold_loss":0}],"is_beta":false,"boss_relics":[],"items_purged_floors":[],"is_endless":false,"potions_floor_spawned":[7,10],"killed_by":"Hexaghost","ascension_level":0}