{"gold_per_floor":[114,114,2,177,252,290,290,2,27,27,46,84,84,44,44,169,169,188,207,207,257,12,50,50,88,88,88,88,88,107,107,107,232,232,251,251,3,336,336,336],"floor_reached":40,"playtime":1615,"items_purged":[],"score":472,"play_id":"83d91378-6810-4406-864e-4c6137f0a1d3","local_time":"20181219221627","daily_mods":["Heirloom","Flight","Elite Swarm"],"is_ascension_mode":false,"campfire_choices":[{"floor":7,"key":"REST"},{"floor":15,"key":"REST"},{"floor":24,"key":"REST"},{"data":"Zap","floor":27,"key":"SMITH"},{"data":"Dualcast","floor":28,"key":"SMITH"},{"data":"Echo Form","floor":29,"key":"SMITH"},{"floor":32,"key":"REST"}],"neow_cost":"","seed_source_timestamp":0,"circlet_count":0,"master_deck":["Strike_B","Strike_B","Strike_B","Defend_B","Defend_B","Defend_B","Defend_B","Zap+1","Dualcast+1","Sweeping Beam","Injury","Defragment","Genetic Algorithm","Doubt","Electrodynamics","Static Discharge","Beam Cell","Leap","Parasite","Conserve Battery","Amplify","Rainbow","Steam","Turbo","Defragment","Go for the Eyes","Thunder Strike","Echo Form+1","Turbo+1","All For One","BootSequence","Swift Strike"],"special_seed":17885,"relics":["Cracked Core","Bird Faced Urn","Potion Belt","Orichalcum","Centennial Puzzle","Boot","Peace Pipe","Lizard Tail","Vajra","Shuriken","Singing Bowl","Bottled Flame","Eternal Feather","Bronze Scales"],"potions_floor_usage":[6,16,23,25,25,33,33,33,33,40],"damage_taken":[{"damage":5,"enemies":"Small Slimes","floor":1,"turns":3},{"damage":37,"enemies":"Lagavulin","floor":6,"turns":7},{"damage":10,"enemies":"Jaw Worm","floor":11,"turns":4},{"damage":16,"enemies":"3 Sentries","floor":12,"turns":4},{"damage":22,"enemies":"Slime Boss","floor":16,"turns":7},{"damage":26,"enemies":"Chosen","floor":18,"turns":6},{"damage":17,"enemies":"Spheric Guardian","floor":19,"turns":4},{"damage":32,"enemies":"Slavers","floor":23,"turns":4},{"damage":28,"enemies":"Book of Stabbing","floor":25,"turns":5},{"damage":1,"enemies":"Chosen and Byrds","floor":30,"turns":4},{"damage":80,"enemies":"Champ","floor":33,"turns":9},{"damage":7,"enemies":"Orb Walker","floor":35,"turns":3},{"damage":84,"enemies":"Nemesis","floor":40,"turns":7}],"seed_played":"7173682322352967117","potions_obtained":[{"floor":1,"key":"Weak Potion"},{"floor":11,"key":"Energy Potion"},{"floor":14,"key":"Regen Potion"},{"floor":14,"key":"PowerPotion"},{"floor":14,"key":"Explosive Potion"},{"floor":16,"key":"AttackPotion"},{"floor":19,"key":"Block Potion"},{"floor":23,"key":"FocusPotion"},{"floor":25,"key":"SteroidPotion"},{"floor":33,"key":"AttackPotion"}],"is_trial":false,"path_per_floor":["M","?","$","?","?","E","R","$","T","?","M","E","?","?","R","B",null,"M","M","?","?","$","E","R","E","T","R","R","R","M","?","R","B",null,"M","?","$","?","?","E"],"character_chosen":"DEFECT","items_purchased":["Defragment","Genetic Algorithm","Orichalcum","Static Discharge","Beam Cell","Leap","Vajra","Defragment","Go for the Eyes","Bronze Scales","Swift Strike"],"campfire_rested":4,"item_purchase_floors":[3,3,8,8,8,8,22,22,22,37,37],"current_hp_per_floor":[70,70,70,70,59,24,46,46,46,64,60,50,32,32,54,42,75,51,42,42,42,42,18,40,36,36,36,36,36,43,43,65,37,75,74,74,74,74,74,0],"gold":336,"neow_bonus":"","is_prod":false,"is_daily":true,"chose_seed":false,"campfire_upgraded":3,"win_rate":0,"timestamp":1545275787,"path_taken":["M","?","$","?","?","E","R","$","T","?","?","E","?","?","R","BOSS","M","?","?","?","$","E","R","E","T","R","R","R","?","?","R","BOSS","M","?","?","?","?","E"],"build_version":"2018-12-13","purchased_purges":0,"victory":false,"max_hp_per_floor":[75,75,75,75,75,75,75,75,75,75,75,75,75,75,75,75,75,75,75,75,75,75,75,75,75,75,75,75,75,75,75,75,75,75,75,75,75,75,75,75],"card_choices":[{"not_picked":["Auto Shields","Cold Snap"],"picked":"Sweeping Beam","floor":1},{"not_picked":["Machine Learning","Multi-Cast"],"picked":"Electrodynamics","floor":6},{"not_picked":["Ball Lightning","Fusion"],"picked":"Conserve Battery","floor":11},{"not_picked":["Reboot","All For One"],"picked":"Amplify","floor":12},{"not_picked":["Thunder Strike","Core Surge"],"picked":"Rainbow","floor":16},{"not_picked":["Hologram","Compile Driver+1"],"picked":"Steam","floor":18},{"not_picked":["Scrape","White Noise"],"picked":"Turbo","floor":19},{"not_picked":["Multi-Cast","All For One"],"picked":"Thunder Strike","floor":23},{"not_picked":["Core Surge","Amplify"],"picked":"Echo Form","floor":25},{"not_picked":["Beam Cell","Undo"],"picked":"Turbo+1","floor":30},{"not_picked":["Fission","Machine Learning"],"picked":"All For One","floor":33},{"not_picked":["Rebound","Redo+1"],"picked":"BootSequence","floor":35}],"player_experience":518792,"relics_obtained":[{"floor":6,"key":"Potion Belt"},{"floor":9,"key":"Centennial Puzzle"},{"floor":12,"key":"Boot"},{"floor":23,"key":"Shuriken"},{"floor":25,"key":"Singing Bowl"},{"floor":26,"key":"Bottled Flame"}],"event_choices":[{"damage_healed":0,"gold_gain":0,"player_choice":"Take Wound","damage_taken":0,"relics_obtained":["Golden Idol"],"max_hp_gain":0,"max_hp_loss":0,"event_name":"Golden Idol","floor":2,"gold_loss":0,"cards_obtained":["Injury"]},{"damage_healed":0,"gold_gain":175,"player_choice":"AGREE","damage_taken":0,"max_hp_gain":0,"max_hp_loss":0,"event_name":"Liars Game","floor":4,"gold_loss":0,"cards_obtained":["Doubt"]},{"damage_healed":0,"gold_gain":75,"player_choice":"Gather Gold","damage_taken":11,"max_hp_gain":0,"max_hp_loss":0,"event_name":"World of Goop","floor":5,"gold_loss":0},{"damage_healed":18,"gold_gain":0,"player_choice":"Healed and dodged fight","damage_taken":0,"max_hp_gain":0,"max_hp_loss":0,"event_name":"Mushrooms","floor":10,"gold_loss":0,"cards_obtained":["Parasite"]},{"damage_healed":0,"gold_gain":0,"player_choice":"Success","damage_taken":18,"relics_obtained":["Peace Pipe"],"max_hp_gain":0,"max_hp_loss":0,"event_name":"Scrap Ooze","floor":13,"gold_loss":0},{"damage_healed":0,"gold_gain":0,"player_choice":"Bought 3 Potions","damage_taken":0,"max_hp_gain":0,"max_hp_loss":0,"event_name":"The Woman in Blue","floor":14,"gold_loss":0},{"damage_healed":0,"gold_gain":0,"player_choice":"Ignored","damage_taken":0,"max_hp_gain":0,"max_hp_loss":0,"event_name":"Beggar","floor":20,"gold_loss":0},{"damage_healed":0,"gold_gain":100,"player_choice":"Bet on Murderer","damage_taken":0,"max_hp_gain":0,"max_hp_loss":0,"event_name":"The Joust","floor":21,"gold_loss":50},{"damage_healed":0,"gold_gain":0,"player_choice":"Ignored","damage_taken":0,"max_hp_gain":0,"max_hp_loss":0,"event_name":"Ghosts","floor":31,"gold_loss":0},{"damage_healed":0,"gold_gain":0,"player_choice":"Ignored","damage_taken":0,"max_hp_gain":0,"max_hp_loss":0,"event_name":"Tomb of Lord Red Mask","floor":36,"gold_loss":0},{"damage_healed":0,"gold_gain":333,"player_choice":"Gave Idol","damage_taken":0,"max_hp_gain":0,"max_hp_loss":0,"event_name":"The Moai Head","floor":38,"relics_lost":["Golden Idol"],"gold_loss":0},{"cards_removed":["Strike_B"],"damage_healed":0,"gold_gain":0,"player_choice":"Removed Attack","damage_taken":0,"max_hp_gain":0,"max_hp_loss":0,"event_name":"Falling","floor":39,"gold_loss":0}],"is_beta":false,"boss_relics":[{"not_picked":["Snecko Eye","White Beast Statue"],"picked":"Lizard Tail"},{"not_picked":["Astrolabe","Busted Crown"],"picked":"Eternal Feather"}],"items_purged_floors":[],"is_endless":false,"potions_floor_spawned":[1,11,16,19,23,25,33],"killed_by":"Nemesis","ascension_level":0}