{"gold_per_floor":[364,364,380,225,238,250,250,267,267,286,344,494,113,113,113,209,209,230,230,155,0,0,0,0],"floor_reached":24,"playtime":1353,"items_purged":["Doubt"],"score":359,"play_id":"53eb9659-0123-4933-9ef5-cb8c9591c09d","local_time":"20190521205716","is_ascension_mode":true,"campfire_choices":[{"data":"Armaments","floor":7.0,"key":"SMITH"},{"floor":15.0,"key":"REST"},{"data":"Havoc","floor":23.0,"key":"SMITH"}],"neow_cost":"CURSE","seed_source_timestamp":94888478207392,"circlet_count":0,"master_deck":["AscendersBane","Strike_R","Strike_R","Strike_R","Defend_R","Defend_R","Defend_R","Defend_R","Bash","Clumsy","Bloodletting","Armaments+1","Feed","Feel No Pain+1","Headbutt","Body Slam","Anger","Pommel Strike","Havoc+1","Panacea","Juggernaut+1","Ghostly Armor+1"],"special_seed":0,"relics":["Burning Blood","Frozen Egg 2","Bag of Preparation","Boot","PreservedInsect","Golden Idol","Empty Cage"],"potions_floor_usage":[24],"damage_taken":[{"damage":2.0,"enemies":"Cultist","floor":1.0,"turns":4.0},{"damage":17.0,"enemies":"Jaw Worm","floor":3.0,"turns":4.0},{"damage":1.0,"enemies":"Small Slimes","floor":5.0,"turns":4.0},{"damage":7.0,"enemies":"Looter","floor":6.0,"turns":5.0},{"damage":27.0,"enemies":"3 Louse","floor":8.0,"turns":6.0},{"damage":12.0,"enemies":"Exordium Wildlife","floor":10.0,"turns":6.0},{"damage":16.0,"enemies":"3 Sentries","floor":11.0,"turns":10.0},{"damage":67.0,"enemies":"Hexaghost","floor":16.0,"turns":11.0},{"damage":25.0,"enemies":"Shell Parasite","floor":18.0,"turns":4.0},{"damage":85,"enemies":"Gremlin Leader","floor":24,"turns":9}],"seed_played":"2189519427675816880","potions_obtained":[{"floor":5.0,"key":"Swift Potion"},{"floor":8.0,"key":"Dexterity Potion"},{"floor":18.0,"key":"Weak Potion"}],"is_trial":false,"path_per_floor":["M","T","M","$","M","M","R","M","T","M","?","?","$","?","R","B",null,"M","?","?","?","$","R","E"],"character_chosen":"IRONCLAD","items_purchased":["Feed","Havoc","Panacea","PreservedInsect"],"campfire_rested":1,"item_purchase_floors":[4,13,13,13],"current_hp_per_floor":[72,72,61,61,70,72,72,54,54,52,45,45,45,45,72,11,72,53,71,71,71,71,71,0],"gold":0,"neow_bonus":"TWO_FIFTY_GOLD","is_prod":false,"is_daily":false,"chose_seed":false,"campfire_upgraded":2,"win_rate":0,"timestamp":1558497436,"path_taken":["M","?","M","?","M","M","R","M","T","?","?","?","$","?","R","BOSS","M","?","?","?","$","R","E"],"build_version":"2019-01-23","purchased_purges":1,"victory":false,"max_hp_per_floor":[75,75,75,75,79,82,82,85,85,89,92,92,92,92,92,92,92,92,92,92,92,92,92,92],"card_choices":[{"not_picked":["Warcry","Whirlwind"],"picked":"Bloodletting","floor":1.0},{"not_picked":["Corruption+1","Bloodletting"],"picked":"Armaments","floor":3.0},{"not_picked":["Searing Blow","Dropkick"],"picked":"Feel No Pain+1","floor":5.0},{"not_picked":["Perfected Strike","Thunderclap"],"picked":"Headbutt","floor":6.0},{"not_picked":["Bludgeon","Anger"],"picked":"Body Slam","floor":8.0},{"not_picked":["Wild Strike","Cleave"],"picked":"Anger","floor":10.0},{"not_picked":["Heavy Blade","Body Slam"],"picked":"Pommel Strike","floor":11.0},{"not_picked":["Limit Break","Brutality+1"],"picked":"Juggernaut+1","floor":16.0},{"not_picked":["Evolve+1","Blood for Blood+1"],"picked":"Ghostly Armor+1","floor":18.0}],"player_experience":738196,"relics_obtained":[{"floor":2.0,"key":"Frozen Egg 2"},{"floor":9.0,"key":"Bag of Preparation"},{"floor":11.0,"key":"Boot"}],"event_choices":[{"damage_healed":0.0,"max_hp_gain":0.0,"max_hp_loss":0.0,"gold_gain":0.0,"event_name":"Dead Adventurer","player_choice":"Searched \u00271\u0027 times","floor":11.0,"gold_loss":0.0,"damage_taken":0.0},{"damage_healed":0.0,"max_hp_gain":0.0,"max_hp_loss":0.0,"gold_gain":150.0,"event_name":"Liars Game","player_choice":"AGREE","floor":12.0,"gold_loss":0.0,"damage_taken":0.0,"cards_obtained":["Doubt"]},{"damage_healed":0.0,"max_hp_gain":0.0,"max_hp_loss":0.0,"gold_gain":0.0,"event_name":"Golden Idol","player_choice":"Take Wound","floor":14.0,"gold_loss":0.0,"damage_taken":0.0,"relics_obtained":["Golden Idol"],"cards_obtained":["Injury"]},{"damage_healed":18.0,"max_hp_gain":0.0,"max_hp_loss":0.0,"gold_gain":0.0,"event_name":"The Library","player_choice":"Heal","floor":19.0,"gold_loss":0.0,"damage_taken":0.0},{"cards_removed":["Strike_R"],"damage_healed":0.0,"max_hp_gain":0.0,"max_hp_loss":0.0,"gold_gain":0.0,"event_name":"Beggar","player_choice":"Gave Gold","floor":20.0,"gold_loss":75.0,"damage_taken":0.0},{"damage_healed":0.0,"max_hp_gain":0.0,"max_hp_loss":0.0,"gold_gain":0.0,"event_name":"Masked Bandits","player_choice":"Paid Fearfully","floor":21.0,"gold_loss":155.0,"damage_taken":0.0}],"is_beta":false,"boss_relics":[{"not_picked":["Ectoplasm","Orrery"],"picked":"Empty Cage"}],"items_purged_floors":[13],"is_endless":false,"potions_floor_spawned":[5,8,18],"killed_by":"Gremlin Leader","ascension_level":19}