{"gold_per_floor":[118,118,143,0,18,18,93,93,93,43,69,69,83,118,118,219,219,234,43,55,255,269,269,301,301,355,355,16,16,16,28,28,130,180,197,197,72,72,92,120,120,120,120,138,90,90,90,100,100,100],"floor_reached":51,"playtime":959,"items_purged":["Defend_R","Strike_R","Strike_R"],"score":774,"play_id":"aa18ded5-4f0e-4c2e-b64e-b68e36783c5a","local_time":"20190701064007","is_ascension_mode":false,"campfire_choices":[{"data":"Flex","floor":6,"key":"SMITH"},{"data":"Whirlwind","floor":8,"key":"SMITH"},{"data":"Flex","floor":12,"key":"SMITH"},{"data":"Bash","floor":15,"key":"SMITH"},{"data":"Inflame","floor":23,"key":"SMITH"},{"data":"Demon Form","floor":27,"key":"SMITH"},{"data":"Heavy Blade","floor":29,"key":"SMITH"},{"data":"Shockwave","floor":32,"key":"SMITH"},{"data":"Clash","floor":41,"key":"SMITH"},{"floor":46,"key":"REST"},{"data":"Flash of Steel","floor":49,"key":"SMITH"}],"neow_cost":"PERCENT_DAMAGE","seed_source_timestamp":6626133452055,"circlet_count":0,"master_deck":["Strike_R","Strike_R","Bash+1","Flex+1","Clash+1","Whirlwind+1","Flex+1","Shockwave+1","Demon Form+1","Offering+1","Blood for Blood+1","Brutality+1","Inflame+1","Flex+1","Heavy Blade+1","Limit Break+1","Inflame+1","Flash of Steel+1"],"relics":["Burning Blood","Thread and Needle","MawBank","Mummified Hand","Letter Opener","PreservedInsect","Astrolabe","Brimstone","Singing Bowl","Sundial","Bronze Scales","OrangePellets","Tiny House","Art of War","Frozen Egg 2"],"potions_floor_usage":[11,11,40,50,50,50],"damage_taken":[{"damage":0,"enemies":"Small Slimes","floor":1,"turns":3},{"damage":0,"enemies":"Cultist","floor":3,"turns":3},{"damage":0,"enemies":"2 Louse","floor":5,"turns":2},{"damage":8,"enemies":"Gremlin Nob","floor":11,"turns":3},{"damage":0,"enemies":"2 Fungi Beasts","floor":13,"turns":2},{"damage":0,"enemies":"3 Sentries","floor":14,"turns":3},{"damage":10,"enemies":"Slime Boss","floor":16,"turns":6},{"damage":9,"enemies":"Shell Parasite","floor":18,"turns":3},{"damage":9,"enemies":"Chosen","floor":20,"turns":2},{"damage":6,"enemies":"Snake Plant","floor":22,"turns":1},{"damage":7,"enemies":"Gremlin Leader","floor":24,"turns":2},{"damage":6,"enemies":"Cultist and Chosen","floor":31,"turns":1},{"damage":22,"enemies":"Automaton","floor":33,"turns":3},{"damage":8,"enemies":"Orb Walker","floor":35,"turns":2},{"damage":15,"enemies":"3 Shapes","floor":39,"turns":3},{"damage":17,"enemies":"Giant Head","floor":40,"turns":2},{"damage":25,"enemies":"Maw","floor":44,"turns":3},{"damage":0,"enemies":"Sphere and 2 Shapes","floor":48,"turns":1},{"damage":54,"enemies":"Donu and Deca","floor":50,"turns":3}],"seed_played":"86430630413132763","potions_obtained":[{"floor":1,"key":"Swift Potion"},{"floor":3,"key":"BloodPotion"},{"floor":5,"key":"Weak Potion"},{"floor":11,"key":"Regen Potion"},{"floor":20,"key":"PowerPotion"},{"floor":24,"key":"BloodPotion"}],"is_trial":false,"path_per_floor":["M","?","M","$","M","R","?","R","T","?","E","R","M","E","R","B",null,"M","$","M","?","M","R","E","T","T","R","$","R","$","M","R","B",null,"M","?","$","?","M","E","R","?","T","M","$","R","?","M","R","B",null],"character_chosen":"IRONCLAD","items_purchased":["Whirlwind","Brimstone","Heavy Blade","OrangePellets","Strength Potion"],"campfire_rested":1,"item_purchase_floors":[4,19,28,28,45],"current_hp_per_floor":[62,59,65,65,71,71,60,60,60,60,58,58,64,70,70,66,80,77,77,74,74,74,74,73,73,73,73,73,73,73,75,75,59,89,89,89,89,86,79,78,78,78,78,59,59,86,86,92,92,49],"gold":100,"neow_bonus":"ONE_RARE_RELIC","is_prod":false,"is_daily":false,"chose_seed":false,"campfire_upgraded":10,"win_rate":0,"timestamp":1561984807,"path_taken":["M","?","M","$","M","R","?","R","T","?","E","R","M","E","R","BOSS","M","$","M","?","?","R","E","?","T","R","?","R","$","M","R","BOSS","M","?","$","?","M","E","R","?","T","M","$","R","?","?","R","BOSS"],"build_version":"2019-01-23","purchased_purges":3,"victory":true,"max_hp_per_floor":[80,80,80,80,80,80,80,80,80,80,80,80,80,80,80,80,80,80,80,80,80,80,80,80,80,80,80,80,80,80,82,82,82,89,91,91,91,86,88,90,90,90,90,90,90,90,90,92,92,92],"card_choices":[{"not_picked":["Rage","Corruption"],"picked":"Flex","floor":1},{"not_picked":["Sword Boomerang","Armaments"],"picked":"Clash","floor":3},{"not_picked":["Body Slam","Pommel Strike"],"picked":"Flex","floor":5},{"not_picked":["Seeing Red","Iron Wave"],"picked":"Shockwave","floor":11},{"not_picked":["Combust","Anger","Havoc"],"picked":"SKIP","floor":13},{"not_picked":["Cleave","Battle Trance","Seeing Red"],"picked":"SKIP","floor":14},{"not_picked":["Dark Embrace","Double Tap"],"picked":"Demon Form","floor":16},{"not_picked":["Anger","Spot Weakness","Body Slam"],"picked":"SKIP","floor":18},{"not_picked":["Clothesline","Twin Strike","Second Wind"],"picked":"SKIP","floor":20},{"not_picked":["Barricade","Armaments+1"],"picked":"Inflame","floor":22},{"not_picked":["True Grit+1","Fire Breathing"],"picked":"Flex+1","floor":24},{"not_picked":["Second Wind","Sentinel","Heavy Blade"],"picked":"Singing Bowl","floor":31},{"not_picked":["Bludgeon","Barricade"],"picked":"Limit Break","floor":33},{"not_picked":["Sword Boomerang","Intimidate","Anger+1"],"picked":"Singing Bowl","floor":34},{"not_picked":["Shockwave","Ghostly Armor","Warcry"],"picked":"Singing Bowl","floor":35},{"not_picked":["Burning Pact","True Grit+1","Seeing Red+1"],"picked":"Singing Bowl","floor":39},{"not_picked":["Hemokinesis","Havoc","Metallicize"],"picked":"Singing Bowl","floor":40},{"not_picked":["Headbutt+1","Armaments+1"],"picked":"Inflame+1","floor":44},{"not_picked":["Clash","Fire Breathing+1","Headbutt"],"picked":"Singing Bowl","floor":48}],"player_experience":1529502,"relics_obtained":[{"floor":9,"key":"Mummified Hand"},{"floor":11,"key":"Letter Opener"},{"floor":14,"key":"PreservedInsect"},{"floor":24,"key":"Singing Bowl"},{"floor":25,"key":"Sundial"},{"floor":26,"key":"Bronze Scales"},{"floor":40,"key":"Art of War"},{"floor":43,"key":"Frozen Egg 2"}],"event_choices":[{"damage_healed":0,"gold_gain":0,"player_choice":"Success","damage_taken":3,"relics_obtained":["MawBank"],"max_hp_gain":0,"max_hp_loss":0,"event_name":"Scrap Ooze","floor":2,"gold_loss":0},{"damage_healed":0,"gold_gain":75,"player_choice":"Gather Gold","damage_taken":11,"max_hp_gain":0,"max_hp_loss":0,"event_name":"World of Goop","floor":7,"gold_loss":0},{"cards_removed":["Defend_R"],"damage_healed":0,"gold_gain":0,"player_choice":"Card Removal","damage_taken":0,"max_hp_gain":0,"max_hp_loss":0,"event_name":"The Cleric","floor":10,"gold_loss":50},{"damage_healed":0,"gold_gain":250,"player_choice":"Bet on Owner","damage_taken":0,"max_hp_gain":0,"max_hp_loss":0,"event_name":"The Joust","floor":21,"gold_loss":50},{"damage_healed":0,"gold_gain":0,"player_choice":"Ignored","damage_taken":0,"max_hp_gain":0,"max_hp_loss":0,"event_name":"Mysterious Sphere","floor":36,"gold_loss":0},{"damage_healed":0,"gold_gain":0,"player_choice":"Max HP","damage_taken":0,"max_hp_gain":0,"max_hp_loss":5,"event_name":"Winding Halls","floor":38,"gold_loss":0},{"damage_healed":0,"gold_gain":0,"player_choice":"Ignored","damage_taken":0,"max_hp_gain":0,"max_hp_loss":0,"event_name":"Tomb of Lord Red Mask","floor":42,"gold_loss":0},{"damage_healed":0,"gold_gain":0,"player_choice":"1 cards matched","damage_taken":0,"max_hp_gain":0,"max_hp_loss":0,"event_name":"Match and Keep!","floor":47,"gold_loss":0,"cards_obtained":["Flash of Steel"]}],"is_beta":false,"boss_relics":[{"not_picked":["Mark of Pain","Runic Pyramid"],"picked":"Astrolabe"},{"not_picked":["Calling Bell","Eternal Feather"],"picked":"Tiny House"}],"items_purged_floors":[4,28,37],"is_endless":false,"potions_floor_spawned":[1,3,5,11,20,22,24,35,48],"ascension_level":0}