{"gold_per_floor":[119,119,119,10,34,68,68,81,104,123,123,142,142],"floor_reached":13,"playtime":984,"items_purged":["Defend_R"],"score":94,"play_id":"bd28b4af-28cf-49b6-9667-cee62bed9b48","local_time":"20190709173403","is_ascension_mode":true,"campfire_choices":[{"floor":7,"key":"REST"},{"floor":11,"key":"REST"}],"neow_cost":"NONE","seed_source_timestamp":502372144200,"circlet_count":0,"master_deck":["Strike_R+1","Strike_R","Strike_R","Strike_R","Strike_R+1","Defend_R","Defend_R","Defend_R","Bash","Infernal Blade","Dark Embrace","Shockwave","Shockwave","Thunderclap"],"relics":["Burning Blood","Golden Idol","Whetstone"],"potions_floor_usage":[6],"damage_taken":[{"damage":2,"enemies":"Small Slimes","floor":1,"turns":4},{"damage":1,"enemies":"Cultist","floor":5,"turns":3},{"damage":52,"enemies":"3 Sentries","floor":6,"turns":11},{"damage":12,"enemies":"Jaw Worm","floor":8,"turns":3},{"damage":34,"enemies":"Gremlin Gang","floor":10,"turns":6},{"damage":16,"enemies":"Looter","floor":12,"turns":4},{"damage":8,"enemies":"Blue Slaver","floor":13,"turns":2}],"seed_played":"2865150839500973675","potions_obtained":[{"floor":1,"key":"Fruit Juice"},{"floor":8,"key":"Block Potion"}],"is_trial":false,"path_per_floor":["M","?","?","$","M","E","R","M","T","M","R","M","M"],"character_chosen":"IRONCLAD","items_purchased":["Infernal Blade"],"campfire_rested":2,"item_purchase_floors":[4],"current_hp_per_floor":[88,88,88,88,88,47,74,68,68,40,67,57,49],"gold":142,"neow_bonus":"TEN_PERCENT_HP_BONUS","is_prod":false,"is_daily":false,"chose_seed":false,"campfire_upgraded":0,"win_rate":0,"timestamp":1562686443,"path_taken":["M","?","?","$","?","E","R","M","T","M","R","?","M"],"build_version":"2019-07-05","purchased_purges":1,"victory":false,"max_hp_per_floor":[88,88,88,88,88,93,93,93,93,93,93,93,93],"card_choices":[{"not_picked":["Evolve","Wild Strike","Havoc"],"picked":"SKIP","floor":1},{"not_picked":["Clash","Flame Barrier","Body Slam"],"picked":"SKIP","floor":5},{"not_picked":["Sword Boomerang","Headbutt"],"picked":"Dark Embrace","floor":6},{"not_picked":["Heavy Blade","Headbutt"],"picked":"Shockwave","floor":8},{"not_picked":["Clash","Iron Wave"],"picked":"Shockwave","floor":10},{"not_picked":["Bloodletting","Wild Strike"],"picked":"Thunderclap","floor":12}],"player_experience":90770,"relics_obtained":[{"floor":6,"key":"Whetstone"}],"event_choices":[{"damage_healed":0,"gold_gain":0,"player_choice":"Take Wound","damage_taken":0,"relics_obtained":["Golden Idol"],"max_hp_gain":0,"max_hp_loss":0,"event_name":"Golden Idol","floor":2,"gold_loss":0,"cards_obtained":["Injury"]},{"cards_removed":["Injury"],"damage_healed":0,"gold_gain":0,"player_choice":"Purged","damage_taken":0,"max_hp_gain":0,"max_hp_loss":0,"event_name":"Purifier","floor":3,"gold_loss":0}],"is_beta":false,"boss_relics":[],"items_purged_floors":[4],"is_endless":false,"potions_floor_spawned":[1,8],"killed_by":"Blue Slaver","ascension_level":2}