{"gold_per_floor":[114,131,18,35,35,35,48,48,48,66,81,81,81,100,100,196,196,216,235,248,248,248],"floor_reached":22,"playtime":1480,"items_purged":["Strike_G"],"score":180,"play_id":"62c526e4-5f5f-4645-a2a1-18b04672438f","local_time":"20190707030905","is_ascension_mode":false,"campfire_choices":[{"data":"Predator","floor":6,"key":"SMITH"},{"data":"Corpse Explosion","floor":8,"key":"SMITH"},{"data":"Bouncing Flask","floor":12,"key":"SMITH"},{"data":"Finisher","floor":15,"key":"SMITH"}],"neow_cost":"NONE","seed_source_timestamp":1208280139634000,"circlet_count":0,"master_deck":["Strike_G","Defend_G","Defend_G","Defend_G","Defend_G","Survivor","Neutralize","Tactician+1","Choke+1","Dagger Spray+1","Predator+1","Sucker Punch","Eviscerate","Finisher+1","Corpse Explosion+1","Unload+1","Prepared","Bouncing Flask+1","All Out Attack","Adrenaline","Underhanded Strike","Deadly Poison","Crippling Poison","Reflex","Expertise","Flechettes+1","Adrenaline","Underhanded Strike"],"relics":["Astrolabe","Pear","Orrery"],"potions_floor_usage":[],"damage_taken":[{"damage":4,"enemies":"Cultist","floor":1,"turns":3},{"damage":0,"enemies":"2 Louse","floor":2,"turns":3},{"damage":0,"enemies":"Small Slimes","floor":4,"turns":2},{"damage":0,"enemies":"Exordium Wildlife","floor":7,"turns":2},{"damage":0,"enemies":"2 Fungi Beasts","floor":10,"turns":2},{"damage":9,"enemies":"Blue Slaver","floor":11,"turns":3},{"damage":0,"enemies":"3 Louse","floor":14,"turns":1},{"damage":38,"enemies":"Hexaghost","floor":16,"turns":9},{"damage":10,"enemies":"Chosen","floor":18,"turns":4},{"damage":15,"enemies":"Shell Parasite","floor":19,"turns":4},{"damage":24,"enemies":"Cultist and Chosen","floor":20,"turns":5},{"damage":34,"enemies":"Snake Plant","floor":22,"turns":2}],"seed_played":"156346873730396643","potions_obtained":[{"floor":1,"key":"GamblersBrew"},{"floor":10,"key":"Strength Potion"},{"floor":11,"key":"SneckoOil"},{"floor":14,"key":"FearPotion"}],"is_trial":false,"path_per_floor":["M","M","$","M","?","R","M","R","T","M","M","R","?","M","R","B",null,"M","M","M","?","M"],"character_chosen":"THE_SILENT","items_purchased":["Eviscerate"],"campfire_rested":0,"item_purchase_floors":[3],"current_hp_per_floor":[66,66,66,66,66,66,66,66,76,76,67,67,67,67,67,29,80,70,55,31,31,0],"gold":248,"neow_bonus":"BOSS_RELIC","is_prod":false,"is_daily":false,"chose_seed":false,"campfire_upgraded":4,"win_rate":0.0,"timestamp":1562436545,"path_taken":["M","?","$","M","?","R","M","R","T","M","?","R","?","M","R","BOSS","M","M","?","?","?"],"build_version":"2019-07-05","purchased_purges":1,"victory":false,"max_hp_per_floor":[70,70,70,70,70,70,70,70,80,80,80,80,80,80,80,80,80,80,80,80,80,80],"card_choices":[{"not_picked":["Riddle With Holes","Acrobatics"],"picked":"Predator","floor":1},{"not_picked":["Deflect","Poisoned Stab"],"picked":"Sucker Punch","floor":2},{"not_picked":["Poisoned Stab","Blade Dance"],"picked":"Finisher","floor":4},{"not_picked":["Sucker Punch","Well Laid Plans"],"picked":"Unload","floor":7},{"not_picked":["Backflip","Quick Slash"],"picked":"Prepared","floor":10},{"not_picked":["Dagger Throw","Skewer"],"picked":"Bouncing Flask","floor":11},{"not_picked":["Outmaneuver","Infinite Blades"],"picked":"All Out Attack","floor":14},{"not_picked":["Doppelganger","Phantasmal Killer"],"picked":"Adrenaline","floor":16},{"not_picked":["Slice","Sucker Punch"],"picked":"Underhanded Strike","floor":17},{"not_picked":["Distraction","Endless Agony"],"picked":"Deadly Poison","floor":17},{"not_picked":["Prepared","Heel Hook"],"picked":"Crippling Poison","floor":17},{"not_picked":["Footwork","Quick Slash"],"picked":"Reflex","floor":17},{"not_picked":["Dodge and Roll","Deflect"],"picked":"Expertise","floor":17},{"not_picked":["Noxious Fumes","Dodge and Roll"],"picked":"Flechettes+1","floor":18},{"not_picked":["PiercingWail","Eviscerate"],"picked":"Adrenaline","floor":19},{"not_picked":["Dodge and Roll","Sucker Punch"],"picked":"Underhanded Strike","floor":20}],"player_experience":32096,"relics_obtained":[{"floor":9,"key":"Pear"}],"event_choices":[{"damage_healed":0,"gold_gain":0,"cards_transformed":["Strike_G"],"player_choice":"Transformed","damage_taken":0,"max_hp_gain":0,"max_hp_loss":0,"event_name":"Transmorgrifier","floor":5,"gold_loss":0,"cards_obtained":["Corpse Explosion"]},{"damage_healed":0,"gold_gain":0,"player_choice":"Bought 0 Potions","damage_taken":0,"max_hp_gain":0,"max_hp_loss":0,"event_name":"The Woman in Blue","floor":13,"gold_loss":0},{"damage_healed":0,"gold_gain":0,"player_choice":"Forge","damage_taken":0,"max_hp_gain":0,"max_hp_loss":0,"event_name":"Accursed Blacksmith","floor":21,"gold_loss":0,"cards_upgraded":["Unload"]}],"is_beta":false,"boss_relics":[{"not_picked":["Empty Cage","Ectoplasm"],"picked":"Orrery"}],"items_purged_floors":[3],"is_endless":false,"potions_floor_spawned":[1,10,11,14,18,19],"killed_by":"Snake Plant","ascension_level":0}