{"gold_per_floor":[114,114,129,94,152,152,167,182,182,197,197,31,46,46,46,146,146,161,12,12,12,12,12,12,12,12,27,107,122,122,137,137,237,237,252,252,327,330,38,38,38,53,128,8,8,38,38,53,53,53],"floor_reached":50,"playtime":2502,"items_purged":[],"score":776,"play_id":"758fd231-e966-4de8-a26c-d21b079747a1","local_time":"20180907022633","daily_mods":["Allstar","Cursed Run","Night Terrors"],"is_ascension_mode":false,"campfire_choices":[{"data":"Transmutation","floor":6,"key":"SMITH"},{"data":"Metamorphosis","floor":11,"key":"SMITH"},{"data":"Envenom","floor":15,"key":"SMITH"},{"data":"Infinite Blades","floor":23,"key":"SMITH"},{"data":"Noxious Fumes","floor":25,"key":"SMITH"},{"floor":32,"key":"REST"},{"data":"Forethought","floor":40,"key":"SMITH"},{"floor":45,"key":"REST"},{"data":"Caltrops","floor":47,"key":"SMITH"},{"floor":49,"key":"REST"}],"neow_cost":"","seed_source_timestamp":0,"circlet_count":0,"master_deck":["Defend_G","Defend_G","Defend_G","Defend_G","Defend_G","Strike_G","Strike_G","Strike_G","Strike_G","Strike_G","Survivor","Neutralize","Dark Shackles","Transmutation+1","Metamorphosis+1","Madness","Swift Strike","Underhanded Strike","Poisoned Stab","Expertise","Backstab","Decay","Dagger Spray","Envenom+1","Blade Dance","Backstab","Deep Breath","Shame","Phantasmal Killer","Infinite Blades+1","Noxious Fumes+1","Flechettes","Quick Slash","Decay","Tactician","Distraction+1","Backflip+1","Decay","Finisher","Shame","Bullet Time","Accuracy+1","Injury","Skewer","Caltrops+1","Forethought+1","Decay","Deflect+1","Decay","PanicButton","Blade Dance","Bane+1","Dagger Throw+1","Choke+1","Cloak And Dagger+1"],"special_seed":17781,"relics":["Cursed Key","Darkstone Periapt","Du-Vu Doll","CultistMask","Philosopher\u0027s Stone","Art of War","Nloth\u0027s Gift","Shuriken","Tiny Chest","Eternal Feather","Matryoshka","The Specimen","Bag of Marbles","Strawberry","Pear","Dream Catcher","Meat on the Bone","Pen Nib"],"potions_floor_usage":[16,16,16,28,29,33,46,50,50],"damage_taken":[{"damage":5,"enemies":"Small Slimes","floor":1,"turns":3},{"damage":15,"enemies":"Cultist","floor":3,"turns":5},{"damage":2,"enemies":"Jaw Worm","floor":7,"turns":4},{"damage":0,"enemies":"Looter","floor":8,"turns":3},{"damage":2,"enemies":"Lots of Slimes","floor":10,"turns":3},{"damage":0,"enemies":"Large Slime","floor":13,"turns":4},{"damage":0,"enemies":"Hexaghost","floor":16,"turns":8},{"damage":62,"enemies":"3 Byrds","floor":18,"turns":5},{"damage":38,"enemies":"2 Thieves","floor":27,"turns":3},{"damage":40,"enemies":"Book of Stabbing","floor":28,"turns":4},{"damage":2,"enemies":"Snake Plant","floor":29,"turns":3},{"damage":4,"enemies":"Cultist and Chosen","floor":31,"turns":3},{"damage":15,"enemies":"Collector","floor":33,"turns":6},{"damage":19,"enemies":"3 Darklings","floor":35,"turns":2},{"damage":38,"enemies":"Mysterious Sphere","floor":38,"turns":4},{"damage":45,"enemies":"3 Shapes","floor":42,"turns":3},{"damage":11,"enemies":"Giant Head","floor":46,"turns":5},{"damage":21,"enemies":"Sphere and 2 Shapes","floor":48,"turns":3},{"damage":140,"enemies":"Donu and Deca","floor":50,"turns":6}],"seed_played":"-778787433029275369","potions_obtained":[{"floor":7,"key":"EssenceOfSteel"},{"floor":8,"key":"SkillPotion"},{"floor":13,"key":"SteroidPotion"},{"floor":18,"key":"Fire Potion"},{"floor":27,"key":"PowerPotion"},{"floor":31,"key":"PowerPotion"},{"floor":35,"key":"SteroidPotion"},{"floor":38,"key":"GamblersBrew"},{"floor":46,"key":"Regen Potion"}],"is_trial":false,"path_per_floor":["M","?","M","?","?","R","M","M","T","M","R","$","M","?","R","B",null,"M","$","?","?","$","R","?","R","T","M","E","M","?","M","R","B",null,"M","?","T","?","$","R","T","M","T","$","R","E","R","M","R"],"character_chosen":"THE_SILENT","items_purchased":["Envenom","Blade Dance","Noxious Fumes","Flechettes","Quick Slash","Bag of Marbles","Caltrops","Forethought","PanicButton","Blade Dance"],"campfire_rested":3,"item_purchase_floors":[12,12,19,19,19,39,39,39,44,44],"current_hp_per_floor":[65,65,50,67,67,67,65,65,71,69,69,69,69,69,69,75,82,20,20,92,92,92,92,92,92,98,60,20,18,24,20,99,90,105,86,86,92,54,54,81,104,59,65,65,135,124,135,114,130,0],"gold":53,"neow_bonus":"","is_prod":false,"is_daily":true,"chose_seed":false,"campfire_upgraded":7,"win_rate":0,"timestamp":1536301593,"path_taken":["M","?","?","?","?","R","M","?","T","M","R","$","M","?","R","BOSS","M","$","?","?","$","R","?","R","T","M","E","?","?","M","R","BOSS","M","?","?","?","$","R","?","?","T","$","R","E","R","M","R","BOSS"],"build_version":"2018-09-06","purchased_purges":0,"victory":false,"max_hp_per_floor":[70,70,70,70,70,70,70,70,76,76,76,76,76,76,76,82,82,82,82,92,92,92,92,92,92,98,98,98,98,104,104,99,105,105,105,105,111,111,111,111,134,134,140,140,135,135,135,135,130,130],"card_choices":[{"not_picked":["Dodge and Roll","Dash"],"picked":"Underhanded Strike","floor":1},{"not_picked":["Acrobatics","Cloak And Dagger"],"picked":"Poisoned Stab","floor":3},{"not_picked":["Sucker Punch","Concentrate"],"picked":"Expertise","floor":7},{"not_picked":["Riddle With Holes","Poisoned Stab"],"picked":"Backstab","floor":8},{"not_picked":["PiercingWail","Skewer"],"picked":"Dagger Spray","floor":10},{"not_picked":["Dodge and Roll","Acrobatics"],"picked":"Backstab","floor":13},{"not_picked":["Venomology","Burst"],"picked":"Phantasmal Killer","floor":16},{"not_picked":["Prepared","Crippling Poison"],"picked":"Infinite Blades","floor":18},{"not_picked":["Skewer","Expertise"],"picked":"Tactician","floor":27},{"not_picked":["Poisoned Stab","Dagger Spray+1"],"picked":"Distraction+1","floor":28},{"not_picked":["Distraction","Tools of the Trade"],"picked":"Backflip+1","floor":29},{"not_picked":["Tactician","Flying Knee"],"picked":"Finisher","floor":31},{"not_picked":["Doppelganger","Phantasmal Killer"],"picked":"Bullet Time","floor":33},{"not_picked":["Heel Hook","Dagger Throw+1"],"picked":"Accuracy+1","floor":35},{"not_picked":["Dash","Sucker Punch+1"],"picked":"Skewer","floor":38},{"not_picked":["Sucker Punch+1","Poisoned Stab"],"picked":"Deflect+1","floor":42},{"not_picked":["Flying Knee+1","PiercingWail"],"picked":"Bane+1","floor":45},{"not_picked":["Distraction+1","Glass Knife"],"picked":"Dagger Throw+1","floor":46},{"not_picked":["Unload","Cloak And Dagger+1"],"picked":"Choke+1","floor":48},{"not_picked":["Dodge and Roll","Tactician"],"picked":"Cloak And Dagger+1","floor":49}],"player_experience":344799,"relics_obtained":[{"floor":9,"key":"Ornamental Fan"},{"floor":26,"key":"Shuriken"},{"floor":28,"key":"Tiny Chest"},{"floor":37,"key":"Matryoshka"},{"floor":38,"key":"The Specimen"},{"floor":41,"key":"Strawberry"},{"floor":41,"key":"Pear"},{"floor":43,"key":"Dream Catcher"},{"floor":43,"key":"Meat on the Bone"},{"floor":46,"key":"Pen Nib"}],"event_choices":[{"event_name":"FaceTrader","player_choice":"Trade","floor":2,"damage_taken":0},{"event_name":"The Cleric","player_choice":"Healed","floor":4,"damage_taken":0},{"event_name":"Golden Wing","player_choice":"Gained Gold","floor":5,"damage_taken":0},{"event_name":"Match and Keep!","player_choice":"2 cards matched","floor":14,"damage_taken":0},{"event_name":"Bonfire Elementals","player_choice":"RARE","floor":20,"damage_taken":0},{"event_name":"The Mausoleum","player_choice":"Yes","floor":21,"damage_taken":0},{"event_name":"N\u0027loth","player_choice":"Traded a Ornamental Fan","floor":24,"damage_taken":0},{"event_name":"Wheel of Change","player_choice":"Curse","floor":30,"damage_taken":0},{"event_name":"Tomb of Lord Red Mask","player_choice":"Ignored","floor":36,"damage_taken":0},{"event_name":"Mysterious Sphere","player_choice":"Fight","floor":38,"damage_taken":0}],"is_beta":false,"boss_relics":[{"not_picked":["Velvet Choker","Runic Dome"],"picked":"Philosopher\u0027s Stone"},{"not_picked":["White Beast Statue","Empty Cage"],"picked":"Eternal Feather"}],"items_purged_floors":[],"is_endless":false,"potions_floor_spawned":[7,8,13,18,27,31,35,38,46],"killed_by":"Donu and Deca","ascension_level":0}