{"gold_per_floor":[113,113,128,143,198,198,198,3,3,32,44,6,38,49,49,148,198,187,15,15,31,48,48],"floor_reached":23,"playtime":1241,"items_purged":[],"score":211,"play_id":"5d40076b-d16b-4ca2-936c-5738e16311d8","local_time":"20190706013639","is_ascension_mode":true,"campfire_choices":[{"data":"Poisoned Stab","floor":6,"key":"SMITH"},{"floor":15,"key":"REST"}],"neow_cost":"NONE","seed_source_timestamp":455634494987360,"circlet_count":0,"master_deck":["Strike_G","Strike_G","Strike_G","Strike_G","Strike_G","Defend_G","Defend_G","Defend_G","Defend_G","Defend_G","Survivor","Neutralize","Well Laid Plans","Footwork","Poisoned Stab+1","Sucker Punch+1","Infinite Blades+1","Cloak And Dagger+1","Caltrops+1","Slice","Outmaneuver+1","Doppelganger+1","Prepared+1","Deadly Poison+1","PiercingWail+1","Dodge and Roll+1","Expertise+1"],"relics":["Ring of the Snake","NeowsBlessing","Juzu Bracelet","Tiny Chest","Snake Skull","Toxic Egg 2","Frozen Egg 2","Pen Nib","Tiny House","Vajra"],"potions_floor_usage":[13,16,16,23],"damage_taken":[{"damage":0,"enemies":"2 Louse","floor":1,"turns":1},{"damage":0,"enemies":"Jaw Worm","floor":3,"turns":1},{"damage":0,"enemies":"Small Slimes","floor":4,"turns":2},{"damage":24,"enemies":"3 Sentries","floor":10,"turns":12},{"damage":4,"enemies":"Blue Slaver","floor":11,"turns":4},{"damage":8,"enemies":"Lagavulin","floor":13,"turns":5},{"damage":3,"enemies":"Exordium Wildlife","floor":14,"turns":3},{"damage":11,"enemies":"The Guardian","floor":16,"turns":11},{"damage":11,"enemies":"2 Thieves","floor":18,"turns":4},{"damage":15,"enemies":"Spheric Guardian","floor":21,"turns":4},{"damage":16,"enemies":"3 Cultists","floor":22,"turns":6},{"damage":39,"enemies":"Slavers","floor":23,"turns":4}],"seed_played":"4326935535388040511","potions_obtained":[{"floor":1,"key":"PowerPotion"},{"floor":3,"key":"Weak Potion"},{"floor":14,"key":"Fire Potion"},{"floor":17,"key":"Fire Potion"},{"floor":18,"key":"FearPotion"}],"is_trial":false,"path_per_floor":["M","?","M","M","T","R","?","$","T","E","M","$","E","M","R","B",null,"M","$","?","M","M","E"],"character_chosen":"THE_SILENT","items_purchased":["Snake Skull","Sucker Punch","Caltrops+1","Vajra","PiercingWail+1"],"campfire_rested":1,"item_purchase_floors":[8,8,12,19,19],"current_hp_per_floor":[70,63,63,63,63,63,63,63,63,39,35,35,27,24,45,34,75,64,64,64,49,33,0],"gold":48,"neow_bonus":"THREE_ENEMY_KILL","is_prod":false,"is_daily":false,"chose_seed":false,"campfire_upgraded":1,"win_rate":0,"timestamp":1562391399,"path_taken":["M","?","M","M","?","R","?","$","T","E","M","?","E","M","R","BOSS","M","$","?","M","M","E"],"build_version":"2019-07-05","purchased_purges":0,"victory":false,"max_hp_per_floor":[70,70,70,70,70,70,70,70,70,70,70,70,70,70,70,70,75,75,75,75,75,75,75],"card_choices":[{"not_picked":["Choke","Underhanded Strike"],"picked":"Well Laid Plans","floor":1},{"not_picked":["Cloak And Dagger","Outmaneuver"],"picked":"Footwork","floor":3},{"not_picked":["Prepared","Setup"],"picked":"Poisoned Stab","floor":4},{"not_picked":["Unload","Poisoned Stab"],"picked":"Infinite Blades","floor":10},{"not_picked":["Blade Dance+1","Footwork+1"],"picked":"Cloak And Dagger+1","floor":11},{"not_picked":["PiercingWail+1","Footwork+1"],"picked":"Slice","floor":13},{"not_picked":["Quick Slash","Acrobatics+1"],"picked":"Outmaneuver+1","floor":14},{"not_picked":["Burst+1","Wraith Form v2+1"],"picked":"Doppelganger+1","floor":16},{"not_picked":["Dagger Throw","Dagger Spray"],"picked":"Prepared+1","floor":17},{"not_picked":["Quick Slash","Prepared+1"],"picked":"Deadly Poison+1","floor":18},{"not_picked":["Slice","Quick Slash"],"picked":"Dodge and Roll+1","floor":21},{"not_picked":["Quick Slash","Skewer"],"picked":"Expertise+1","floor":22}],"player_experience":820390,"relics_obtained":[{"floor":5,"key":"Tiny Chest"},{"floor":9,"key":"Toxic Egg 2"},{"floor":10,"key":"Frozen Egg 2"},{"floor":13,"key":"Pen Nib"}],"event_choices":[{"damage_healed":0,"gold_gain":0,"player_choice":"Success","damage_taken":7,"relics_obtained":["Juzu Bracelet"],"max_hp_gain":0,"max_hp_loss":0,"event_name":"Scrap Ooze","floor":2,"gold_loss":0},{"damage_healed":0,"gold_gain":0,"player_choice":"Leave","damage_taken":0,"max_hp_gain":0,"max_hp_loss":0,"event_name":"The Cleric","floor":7,"gold_loss":0},{"damage_healed":0,"gold_gain":0,"player_choice":"Ignored","damage_taken":0,"max_hp_gain":0,"max_hp_loss":0,"event_name":"Ghosts","floor":20,"gold_loss":0}],"is_beta":false,"boss_relics":[{"not_picked":["Busted Crown","Cursed Key"],"picked":"Tiny House"}],"items_purged_floors":[],"is_endless":false,"potions_floor_spawned":[1,3,14,18],"killed_by":"Slavers","ascension_level":1}