{"gold_per_floor":[113,132,18,29,42,42,61,61,87,100,124,194,210,234,234,357,357,371,371,646,666,581,581,616,640,693,717,9,9,32,32,32,132,132,148,162,7,7,7,7,7,7,83,0,20,37,50,0,0,104,104,116,116,127,402,28,28,42,75,75,88,113,127,143,143,143,241,241,260,276,287,287,306,306,322,334,364,364,381,481,14,33,33,129,129,142,161,436,33,52,80,80,135,162,177,187,187,215,215,215,320,320,338,650,662,21,44,13,13,26,66,91,135,154,154,154,154,292,292,316,316,316,316,316,359,359,378,421,421,421,39,39,83,83,214,214,227,240,16,16,39,39,74,74,114,114,114,139,164,187,187,312,312,331,331,346,0,0,33,46,125,164,164,43,79,79,118,118,118],"floor_reached":169,"playtime":15302,"items_purged":[],"score":4883,"play_id":"b0a48e29-50bc-44d6-951e-6b2c4c3d3676","local_time":"20180922134623","daily_mods":["Diverse","Heirloom","Specialized","Allstar","Shiny","Time Dilation","Vintage"],"is_ascension_mode":false,"campfire_choices":[{"data":"Mayhem","floor":6.0,"key":"SMITH"},{"data":"Metamorphosis","floor":15.0,"key":"SMITH"},{"data":"Creative AI","floor":23.0,"key":"SMITH"},{"floor":29.0,"key":"REST"},{"floor":32.0,"key":"REST"},{"data":"Mayhem","floor":40.0,"key":"SMITH"},{"data":"Mind Blast","floor":42.0,"key":"SMITH"},{"data":"Buffer","floor":49.0,"key":"SMITH"},{"data":"Hyperbeam","floor":66.0,"key":"SMITH"},{"data":"Multi-Cast","floor":74.0,"key":"SMITH"},{"data":"Thunder Strike","floor":83.0,"key":"SMITH"},{"data":"Turbo","floor":92.0,"key":"SMITH"},{"data":"Barricade","floor":97.0,"key":"SMITH"},{"data":"Electrodynamics","floor":100.0,"key":"SMITH"},{"data":"Meteor Strike","floor":109.0,"key":"SMITH"},{"data":"Recycle","floor":117.0,"key":"SMITH"},{"data":"Juggernaut","floor":130.0,"key":"SMITH"},{"data":"Biased Cognition","floor":134.0,"key":"SMITH"},{"data":"Endless Agony","floor":142.0,"key":"SMITH"},{"data":"Loop","floor":151,"key":"SMITH"},{"data":"Hyperbeam","floor":166,"key":"PURGE"},{"data":"Rainbow","floor":168,"key":"SMITH"}],"neow_cost":"","seed_source_timestamp":0,"circlet_count":18,"master_deck":["Multi-Cast+1","Hyperbeam+1","Thunder Strike+1","Biased Cognition+1","Machine Learning+1","Electrodynamics+1","Buffer+1","Rainbow+1","Seek","Meteor Strike+1","Echo Form","Reboot+1","Amplify","Creative AI+1","Core Surge+1","Hyperbeam","Hyperbeam","Hyperbeam","Hyperbeam","Chrysalis+1","Metamorphosis+1","Mayhem+1","Secret Technique","Mind Blast+1","Dagger Throw+1","Juggernaut+1","Endless Agony+1","Mayhem+1","Loop+1","Finesse","Steam","Melter+1","Recycle+1","Demon Form","All Out Attack","Conserve Battery+1","Good Instincts","Jack Of All Trades","The Bomb","Predator","Dodge and Roll","A Thousand Cuts+1","Choke","Turbo+1","Barricade+1","Storm+1","Deflect","Self Repair","Deep Breath","Forethought","Wild Strike","Electrodynamics+1","Go for the Eyes","Reaper","Deadly Poison+1","Go for the Eyes+1","Burst+1","Injury","Mayhem+1","Combust+1","Endless Agony+1","Flame Barrier+1","FTL+1","Unload+1","Mind Blast+1","Berserk+1","Shame","Writhe","Flex+1","Turbo+1","Feed+1","White Noise+1","Apotheosis+1","Crippling Poison+1","Necronomicurse","Slice+1","Dark Embrace+1","Genetic Algorithm+1","Secret Weapon+1","Slice+1","Turbo+1","Madness+1","Madness+1","Barricade+1","Bandage Up+1","Turbo+1","Self Repair+1","Evolve+1","Beam Cell+1","Hello World+1","Heatsinks+1","Power Through+1","Deadly Poison+1"],"special_seed":0,"relics":["Unceasing Top","Turnip","Anchor","Smiling Mask","Lantern","Bottled Tornado","Boot","Bloody Idol","Ancient Tea Set","Thread and Needle","Bag of Marbles","Dodecahedron","Bag of Preparation","Question Card","Calling Bell","DataDisk","Letter Opener","Shovel","War Paint","Nilry\u0027s Codex","Mercury Hourglass","Dream Catcher","Whetstone","Ornamental Fan","Happy Flower","PreservedInsect","Du-Vu Doll","Strawberry","Blue Candle","Nuclear Battery","Dead Branch","Ginger","Tiny Chest","Gambling Chip","Cables","Singing Bowl","Art of War","Orichalcum","Nunchaku","Red Mask","Ice Cream","Eternal Feather","Mango","The Courier","Torii","Bronze Scales","Sundial","Calipers","Bird Faced Urn","Peace Pipe","Pen Nib","Oddly Smooth Stone","FossilizedHelix","Mummified Hand","Potion Belt","Pocketwatch","Blood Vial","Pantograph","WingedGreaves","Incense Burner","Darkstone Periapt","Juzu Bracelet","Regal Pillow","Frozen Egg 2","Bottled Flame","Omamori","Vajra","StoneCalendar","Toolbox","Shuriken","Emotion Chip","Molten Egg 2","Toxic Egg 2","Matryoshka","MawBank","Old Coin","Golden Idol","Lee\u0027s Waffle","Kunai","Centennial Puzzle","Pear","Circlet","Nloth\u0027s Gift","PrismaticShard","Necronomicon","Chemical X","Symbiotic Virus","Meat on the Bone","Bottled Lightning","Gremlin Horn"],"potions_floor_usage":[152,152,152,152,152],"damage_taken":[{"damage":0.0,"enemies":"Cultist","floor":1.0,"turns":2.0},{"damage":10.0,"enemies":"Jaw Worm","floor":2.0,"turns":5.0},{"damage":0.0,"enemies":"Small Slimes","floor":4.0,"turns":4.0},{"damage":0.0,"enemies":"3 Louse","floor":5.0,"turns":3.0},{"damage":0.0,"enemies":"Exordium Wildlife","floor":7.0,"turns":3.0},{"damage":9.0,"enemies":"Red Slaver","floor":10.0,"turns":3.0},{"damage":8.0,"enemies":"Exordium Thugs","floor":11.0,"turns":3.0},{"damage":0.0,"enemies":"Large Slime","floor":13.0,"turns":3.0},{"damage":0.0,"enemies":"Looter","floor":14.0,"turns":4.0},{"damage":0.0,"enemies":"Hexaghost","floor":16.0,"turns":4.0},{"damage":0.0,"enemies":"2 Thieves","floor":18.0,"turns":2.0},{"damage":28.0,"enemies":"3 Byrds","floor":21.0,"turns":5.0},{"damage":34.0,"enemies":"Book of Stabbing","floor":24.0,"turns":4.0},{"damage":20.0,"enemies":"Sentry and Sphere","floor":25.0,"turns":4.0},{"damage":7.0,"enemies":"Snake Plant","floor":27.0,"turns":2.0},{"damage":0.0,"enemies":"Chosen and Byrds","floor":30.0,"turns":1.0},{"damage":16.0,"enemies":"Automaton","floor":33.0,"turns":6.0},{"damage":1.0,"enemies":"Orb Walker","floor":35.0,"turns":2.0},{"damage":0.0,"enemies":"3 Shapes","floor":36.0,"turns":1.0},{"damage":17.0,"enemies":"Mind Bloom Boss Battle","floor":38.0,"turns":5.0},{"damage":4.0,"enemies":"3 Darklings","floor":45.0,"turns":2.0},{"damage":23.0,"enemies":"Spire Growth","floor":46.0,"turns":3.0},{"damage":6.0,"enemies":"4 Shapes","floor":47.0,"turns":3.0},{"damage":12.0,"enemies":"Donu and Deca","floor":50.0,"turns":4.0},{"damage":0.0,"enemies":"Cultist","floor":52.0,"turns":1.0},{"damage":0.0,"enemies":"Small Slimes","floor":54.0,"turns":2.0},{"damage":0.0,"enemies":"Jaw Worm","floor":58.0,"turns":1.0},{"damage":1.0,"enemies":"Lagavulin","floor":59.0,"turns":2.0},{"damage":0.0,"enemies":"Exordium Thugs","floor":61.0,"turns":1.0},{"damage":0.0,"enemies":"Gremlin Nob","floor":62.0,"turns":2.0},{"damage":0.0,"enemies":"Exordium Wildlife","floor":63.0,"turns":1.0},{"damage":0.0,"enemies":"Lots of Slimes","floor":64.0,"turns":2.0},{"damage":0.0,"enemies":"The Guardian","floor":67.0,"turns":1.0},{"damage":1.0,"enemies":"2 Thieves","floor":69.0,"turns":2.0},{"damage":0.0,"enemies":"Shell Parasite","floor":70.0,"turns":1.0},{"damage":0.0,"enemies":"Shelled Parasite and Fungi","floor":71.0,"turns":1.0},{"damage":0.0,"enemies":"3 Cultists","floor":73.0,"turns":1.0},{"damage":0.0,"enemies":"Sentry and Sphere","floor":75.0,"turns":1.0},{"damage":0.0,"enemies":"Snecko","floor":76.0,"turns":2.0},{"damage":0.0,"enemies":"Gremlin Leader","floor":77.0,"turns":2.0},{"damage":0.0,"enemies":"Snake Plant","floor":79.0,"turns":1.0},{"damage":0.0,"enemies":"Colosseum Slavers","floor":80.0,"turns":1.0},{"damage":0.0,"enemies":"Colosseum Nobs","floor":80.0,"turns":2.0},{"damage":0.0,"enemies":"Cultist and Chosen","floor":82.0,"turns":2.0},{"damage":0.0,"enemies":"Automaton","floor":84.0,"turns":2.0},{"damage":0.0,"enemies":"3 Darklings","floor":86.0,"turns":2.0},{"damage":0.0,"enemies":"3 Shapes","floor":87.0,"turns":2.0},{"damage":0.0,"enemies":"Spire Growth","floor":90.0,"turns":2.0},{"damage":0.0,"enemies":"Nemesis","floor":91.0,"turns":1.0},{"damage":0.0,"enemies":"Mysterious Sphere","floor":93.0,"turns":2.0},{"damage":0.0,"enemies":"2 Orb Walkers","floor":94.0,"turns":1.0},{"damage":0.0,"enemies":"Reptomancer","floor":95.0,"turns":1.0},{"damage":0.0,"enemies":"Sphere and 2 Shapes","floor":96.0,"turns":1.0},{"damage":0.0,"enemies":"Giant Head","floor":98.0,"turns":3.0},{"damage":25.0,"enemies":"Time Eater","floor":101.0,"turns":6.0},{"damage":0.0,"enemies":"Small Slimes","floor":103.0,"turns":3.0},{"damage":0.0,"enemies":"2 Louse","floor":107.0,"turns":2.0},{"damage":0.0,"enemies":"Cultist","floor":110.0,"turns":2.0},{"damage":0.0,"enemies":"Gremlin Nob","floor":111.0,"turns":2.0},{"damage":0.0,"enemies":"Large Slime","floor":112.0,"turns":3.0},{"damage":0.0,"enemies":"Lagavulin","floor":113.0,"turns":3.0},{"damage":0.0,"enemies":"2 Fungi Beasts","floor":114.0,"turns":2.0},{"damage":0.0,"enemies":"Slime Boss","floor":118.0,"turns":4.0},{"damage":0.0,"enemies":"Spheric Guardian","floor":120.0,"turns":2.0},{"damage":87.0,"enemies":"Gremlin Leader","floor":125.0,"turns":4.0},{"damage":0.0,"enemies":"Chosen","floor":127.0,"turns":3.0},{"damage":35.0,"enemies":"Slavers","floor":128.0,"turns":2.0},{"damage":20.0,"enemies":"Book of Stabbing","floor":133.0,"turns":2.0},{"damage":2.0,"enemies":"Automaton","floor":135.0,"turns":3.0},{"damage":21.0,"enemies":"Orb Walker","floor":137.0,"turns":3.0},{"damage":33.0,"enemies":"3 Darklings","floor":138.0,"turns":4.0},{"damage":18.0,"enemies":"Sphere and 2 Shapes","floor":141.0,"turns":3.0},{"damage":18.0,"enemies":"Giant Head","floor":143.0,"turns":4.0},{"damage":22.0,"enemies":"2 Orb Walkers","floor":145.0,"turns":4.0},{"damage":0,"enemies":"Mind Bloom Boss Battle","floor":146,"turns":3},{"damage":0,"enemies":"Maw","floor":148,"turns":4},{"damage":13,"enemies":"Reptomancer","floor":149,"turns":3},{"damage":33,"enemies":"Sphere and 2 Shapes","floor":150,"turns":2},{"damage":117,"enemies":"Time Eater","floor":152,"turns":9},{"damage":0,"enemies":"Small Slimes","floor":154,"turns":1},{"damage":0,"enemies":"2 Louse","floor":156,"turns":2},{"damage":0,"enemies":"Gremlin Nob","floor":159,"turns":2},{"damage":0,"enemies":"Jaw Worm","floor":160,"turns":2},{"damage":0,"enemies":"3 Sentries","floor":162,"turns":4},{"damage":0,"enemies":"Lagavulin","floor":165,"turns":2},{"damage":0,"enemies":"Gremlin Nob","floor":167,"turns":2},{"damage":189,"enemies":"Hexaghost","floor":169,"turns":2}],"seed_played":"-2368648656018138137","potions_obtained":[{"floor":1.0,"key":"SkillPotion"},{"floor":2.0,"key":"Explosive Potion"},{"floor":10.0,"key":"Poison Potion"},{"floor":13.0,"key":"SteroidPotion"},{"floor":33.0,"key":"GamblersBrew"},{"floor":38.0,"key":"Poison Potion"},{"floor":46.0,"key":"Energy Potion"},{"floor":47.0,"key":"LiquidBronze"},{"floor":52.0,"key":"Strength Potion"},{"floor":58.0,"key":"SkillPotion"},{"floor":63.0,"key":"SteroidPotion"},{"floor":70.0,"key":"SkillPotion"},{"floor":71.0,"key":"LiquidBronze"},{"floor":75.0,"key":"LiquidBronze"},{"floor":80.0,"key":"Weak Potion"},{"floor":82.0,"key":"SkillPotion"},{"floor":84.0,"key":"EssenceOfSteel"},{"floor":90.0,"key":"Ancient Potion"},{"floor":96.0,"key":"Block Potion"},{"floor":98.0,"key":"FocusPotion"},{"floor":101.0,"key":"Strength Potion"},{"floor":107.0,"key":"PowerPotion"},{"floor":141.0,"key":"SkillPotion"},{"floor":152,"key":"LiquidBronze"},{"floor":156,"key":"LiquidBronze"},{"floor":162,"key":"Weak Potion"},{"floor":165,"key":"SkillPotion"},{"floor":167,"key":"EssenceOfSteel"}],"is_trial":true,"path_per_floor":["M","M","$","M","M","R","M","?","T","M","M","T","M","M","R","B",null,"M","?","?","M","?","R","E","M","T","M","$","R","M","?","R","B",null,"M","M","$","?","T","R","?","R","T","$","M","M","M","?","R","B",null,"M","?","M","?","$","?","M","E","T","M","E","M","M","?","R","B",null,"M","M","M","?","M","R","M","M","E","?","M","?","$","M","R","B",null,"M","M","?","$","M","E","R","?","E","M","M","R","E","?","R","B",null,"M","?","?","$","M","$","R","M","E","M","E","M","?","?","R","B",null,"M","?","?","?","?","E","?","M","E","?","R","$","?","E","R","B",null,"M","M","$","?","M","R","E","?","E","?","?","M","M","M","R","B",null,"M","?","M","$","?","E","M","?","E","?","$","E","R","E","R"],"character_chosen":"DEFECT","items_purchased":["Mind Blast","Dagger Throw","Du-Vu Doll","Mayhem","Loop","Finesse","Steam","Tiny Chest","All Out Attack","Predator","Dodge and Roll","Torii","Bronze Scales","Self Repair","Juzu Bracelet","Regal Pillow","Deep Breath","Forethought","Wild Strike","StoneCalendar","Toolbox","Go for the Eyes","Lee\u0027s Waffle","Mayhem+1","Kunai","Centennial Puzzle","Combust+1","Endless Agony+1","PrismaticShard","Apotheosis+1","Crippling Poison+1","Chemical X","Genetic Algorithm+1","Bottled Lightning","Bandage Up+1","Turbo+1","Self Repair+1","Hello World+1","Heatsinks+1"],"campfire_rested":2,"item_purchase_floors":[3,3,28,28,28,28,28,37,37,44,44,56,56,81,81,81,81,81,81,89,89,89,106,106,106,106,106,108,131,131,131,139,139,157,157,157,157,164,164],"current_hp_per_floor":[75,65,65,65,65,65,65,65,65,56,48,48,48,48,48,48,75,75,59,59,43,43,43,21,13,13,18,18,40,47,47,71,60,82,82,82,82,65,65,65,55,55,60,60,61,55,58,58,58,51,82,96,96,96,96,96,96,96,96,96,96,96,96,96,96,96,96,96,96,96,96,77,86,101,101,101,101,98,98,98,98,98,98,98,98,98,98,98,98,98,98,98,98,98,98,98,98,98,98,98,95,98,98,98,104,111,121,121,121,121,121,121,121,121,121,121,121,121,121,121,121,127,133,133,64,64,87,110,110,133,133,123,125,139,139,139,125,138,138,138,137,139,139,139,131,139,122,139,139,121,139,108,139,139,139,139,139,139,139,139,139,139,136,136,139,139,139,139,0],"gold":118,"neow_bonus":"","is_prod":false,"is_daily":false,"chose_seed":false,"campfire_upgraded":19,"win_rate":0,"timestamp":1537638383,"path_taken":["M","?","$","M","M","R","M","?","T","M","M","?","?","M","R","BOSS","M","?","?","?","?","R","E","?","T","M","$","R","M","?","R","BOSS","M","?","$","?","?","R","?","R","T","?","M","M","?","?","R","BOSS","M","?","?","?","$","?","M","E","T","M","?","?","M","?","R","BOSS","M","M","?","?","M","R","M","?","E","?","M","?","$","M","R","BOSS","M","M","?","$","M","E","R","?","E","M","M","R","E","?","R","BOSS","M","?","?","$","M","?","R","M","E","M","E","M","?","?","R","BOSS","M","?","?","?","?","E","?","M","E","?","R","$","?","E","R","BOSS","M","M","$","?","M","R","E","?","E","?","?","M","M","M","R","BOSS","M","?","M","$","?","E","M","?","E","?","$","E","R","E","R","BOSS"],"build_version":"2018-09-20","purchased_purges":0,"victory":false,"max_hp_per_floor":[75,75,75,75,75,75,75,75,75,75,75,75,75,75,75,75,75,75,75,75,75,75,75,75,75,75,75,75,75,82,82,82,82,82,82,82,82,82,82,82,82,82,82,82,82,82,82,82,82,82,82,96,96,96,96,96,96,96,96,96,96,96,96,96,96,96,96,96,96,96,96,101,101,101,101,101,101,98,98,98,98,98,98,98,98,98,98,98,98,98,98,98,98,98,98,98,98,98,98,98,98,98,98,98,104,111,121,121,121,121,121,121,121,121,121,121,121,121,121,121,121,127,133,133,133,133,133,133,133,133,133,139,139,139,139,139,139,139,139,139,139,139,139,139,139,139,139,139,139,139,139,139,139,139,139,139,139,139,139,139,139,139,139,139,139,139,139,139,139],"card_choices":[{"not_picked":["Impervious","Rainbow"],"picked":"Juggernaut","floor":16.0},{"not_picked":["Shockwave","Terror+1","Dagger Throw+1"],"picked":"Endless Agony","floor":24.0},{"not_picked":["Underhanded Strike","Acrobatics+1","Iron Wave+1"],"picked":"Melter+1","floor":29.0},{"not_picked":["Redo","Dagger Throw","Poisoned Stab"],"picked":"Recycle","floor":32.0},{"not_picked":["Thunder Strike","Doppelganger","Venomology"],"picked":"Demon Form","floor":33.0},{"not_picked":["Perfected Strike+1","Cold Snap","Redo+1"],"picked":"Conserve Battery+1","floor":38.0},{"not_picked":["Thinking Ahead","Mind Blast","Secret Technique"],"picked":"Good Instincts","floor":41.0},{"not_picked":["Impatience","Master of Strategy","Blind"],"picked":"Jack Of All Trades","floor":41.0},{"not_picked":["Enlightenment","Blind","Impatience"],"picked":"The Bomb","floor":41.0},{"not_picked":["Machine Learning","Thunder Strike","Reaper"],"picked":"A Thousand Cuts","floor":50.0},{"not_picked":["Chaos","Chill","Skim"],"picked":"Choke","floor":59.0},{"not_picked":["Shrug It Off","Rupture","Outmaneuver"],"picked":"Turbo","floor":62.0},{"not_picked":["Seek","Multi-Cast","Night Terror"],"picked":"Barricade","floor":67.0},{"not_picked":["Beam Cell","Backflip","Dodge and Roll"],"picked":"Storm+1","floor":77.0},{"not_picked":["Sword Boomerang+1","Stack","Acrobatics"],"picked":"Deflect","floor":80.0},{"not_picked":["Fission","All For One","Burst"],"picked":"Electrodynamics+1","floor":84.0},{"not_picked":["Shrug It Off","Reckless Charge","Beam Cell"],"picked":"Reaper","floor":91.0},{"not_picked":["Reckless Charge","PiercingWail+1","Poisoned Stab+1"],"picked":"Deadly Poison+1","floor":93.0},{"not_picked":["Deflect","Twin Strike+1","Carnage+1"],"picked":"Chill+1","floor":94.0},{"not_picked":["Headbutt+1","Chaos+1","Heavy Blade+1"],"picked":"Go for the Eyes+1","floor":98.0},{"not_picked":["Storm of Steel+1","Reboot+1","Seek+1"],"picked":"Burst+1","floor":101.0},{"not_picked":["Heavy Blade+1","Defragment+1","Well Laid Plans+1"],"picked":"Flame Barrier+1","floor":111.0},{"not_picked":["Dash+1","Wild Strike+1","Reckless Charge+1"],"picked":"FTL+1","floor":113.0},{"not_picked":["Limit Break+1","Malaise+1","Meteor Strike+1"],"picked":"Berserk+1","floor":118.0},{"not_picked":["Gash+1","Reinforced Body+1","Dagger Throw+1"],"picked":"Flex+1","floor":125.0},{"not_picked":["Backflip+1","Bloodletting+1","Buffer+1"],"picked":"Feed+1","floor":128.0},{"not_picked":["Cold Snap+1","Dagger Throw+1","Pommel Strike+1"],"picked":"Slice+1","floor":133.0},{"not_picked":["Phantasmal Killer+1","Biased Cognition+1","Seek+1"],"picked":"Dark Embrace+1","floor":135.0},{"not_picked":["Backflip+1","Echo Form+1","Rebound+1"],"picked":"Secret Weapon+1","floor":143.0},{"not_picked":["All Out Attack+1","Scrape+1","True Grit+1"],"picked":"Slice+1","floor":145},{"not_picked":["Flying Knee+1","Deflect+1","Backstab+1"],"picked":"Turbo+1","floor":146},{"not_picked":["Impervious+1","Machine Learning+1","Envenom+1"],"picked":"Barricade+1","floor":152},{"not_picked":["Pommel Strike+1","Dagger Spray+1","Turbo+1"],"picked":"Evolve+1","floor":159},{"not_picked":["Coolheaded+1","Quick Slash+1","Rebound+1"],"picked":"Beam Cell+1","floor":162},{"not_picked":["Double Tap+1","Wild Strike+1","Bane+1"],"picked":"Power Through+1","floor":165},{"not_picked":["Dramatic Entrance+1","Doppelganger+1","Acrobatics+1"],"picked":"Deadly Poison+1","floor":167}],"player_experience":371826,"relics_obtained":[{"floor":1.0,"key":"Anchor"},{"floor":2.0,"key":"Smiling Mask"},{"floor":4.0,"key":"Lantern"},{"floor":5.0,"key":"Bottled Tornado"},{"floor":7.0,"key":"Boot"},{"floor":9.0,"key":"Ancient Tea Set"},{"floor":10.0,"key":"Thread and Needle"},{"floor":11.0,"key":"Bag of Marbles"},{"floor":12.0,"key":"Meat on the Bone"},{"floor":13.0,"key":"Dodecahedron"},{"floor":14.0,"key":"Bag of Preparation"},{"floor":16.0,"key":"Question Card"},{"floor":17.0,"key":"DataDisk"},{"floor":17.0,"key":"Letter Opener"},{"floor":17.0,"key":"Shovel"},{"floor":18.0,"key":"War Paint"},{"floor":19.0,"key":"Nilry\u0027s Codex"},{"floor":21.0,"key":"Mercury Hourglass"},{"floor":24.0,"key":"Whetstone"},{"floor":25.0,"key":"Ornamental Fan"},{"floor":26.0,"key":"Happy Flower"},{"floor":27.0,"key":"PreservedInsect"},{"floor":30.0,"key":"Strawberry"},{"floor":33.0,"key":"Blue Candle"},{"floor":35.0,"key":"Dead Branch"},{"floor":36.0,"key":"Ginger"},{"floor":38.0,"key":"Gambling Chip"},{"floor":39.0,"key":"Cables"},{"floor":43.0,"key":"Singing Bowl"},{"floor":45.0,"key":"Art of War"},{"floor":46.0,"key":"Orichalcum"},{"floor":47.0,"key":"Nunchaku"},{"floor":50.0,"key":"Ice Cream"},{"floor":52.0,"key":"Mango"},{"floor":54.0,"key":"The Courier"},{"floor":58.0,"key":"Sundial"},{"floor":60.0,"key":"Calipers"},{"floor":61.0,"key":"Bird Faced Urn"},{"floor":63.0,"key":"Peace Pipe"},{"floor":64.0,"key":"Pen Nib"},{"floor":67.0,"key":"Oddly Smooth Stone"},{"floor":69.0,"key":"FossilizedHelix"},{"floor":70.0,"key":"Mummified Hand"},{"floor":71.0,"key":"Potion Belt"},{"floor":73.0,"key":"Pocketwatch"},{"floor":75.0,"key":"Blood Vial"},{"floor":76.0,"key":"Pantograph"},{"floor":79.0,"key":"WingedGreaves"},{"floor":80.0,"key":"Incense Burner"},{"floor":80.0,"key":"Darkstone Periapt"},{"floor":82.0,"key":"Frozen Egg 2"},{"floor":84.0,"key":"Bottled Flame"},{"floor":86.0,"key":"Omamori"},{"floor":87.0,"key":"Vajra"},{"floor":90.0,"key":"Shuriken"},{"floor":93.0,"key":"Emotion Chip"},{"floor":95.0,"key":"Molten Egg 2"},{"floor":96.0,"key":"Toxic Egg 2"},{"floor":101.0,"key":"Matryoshka"},{"floor":103.0,"key":"MawBank"},{"floor":107.0,"key":"Pear"},{"floor":110.0,"key":"Circlet"},{"floor":112.0,"key":"Circlet"},{"floor":114.0,"key":"Circlet"},{"floor":118.0,"key":"Circlet"},{"floor":120.0,"key":"Circlet"},{"floor":127.0,"key":"Circlet"},{"floor":132.0,"key":"Necronomicon"},{"floor":135.0,"key":"Circlet"},{"floor":137.0,"key":"Circlet"},{"floor":138.0,"key":"Circlet"},{"floor":141.0,"key":"Circlet"},{"floor":146,"key":"Circlet"},{"floor":148,"key":"Circlet"},{"floor":149,"key":"Circlet"},{"floor":150,"key":"Circlet"},{"floor":152,"key":"Circlet"},{"floor":154,"key":"Symbiotic Virus"},{"floor":156,"key":"Meat on the Bone"},{"floor":160,"key":"Gremlin Horn"}],"event_choices":[{"event_name":"Golden Idol","player_choice":"Take Wound","floor":8.0,"damage_taken":0.0},{"event_name":"Cursed Tome","player_choice":"Obtained Book","floor":19.0,"damage_taken":0.0},{"event_name":"Golden Shrine","player_choice":"Desecrate","floor":20.0,"damage_taken":0.0},{"event_name":"Addict","player_choice":"Obtained Relic","floor":22.0,"damage_taken":0.0},{"event_name":"Forgotten Altar","player_choice":"Gave Idol","floor":31.0,"damage_taken":0.0},{"event_name":"MindBloom","player_choice":"Fight","floor":38.0,"damage_taken":0.0},{"event_name":"SensoryStone","player_choice":"Memory 3","floor":41.0,"damage_taken":0.0},{"event_name":"Tomb of Lord Red Mask","player_choice":"Paid","floor":48.0,"damage_taken":0.0},{"event_name":"The Cleric","player_choice":"Leave","floor":53.0,"damage_taken":0.0},{"event_name":"Golden Shrine","player_choice":"Desecrate","floor":55.0,"damage_taken":0.0},{"event_name":"Living Wall","player_choice":"Grow","floor":57.0,"damage_taken":0.0},{"event_name":"Mushrooms","player_choice":"Healed and dodged fight","floor":65.0,"damage_taken":0.0},{"event_name":"Forgotten Altar","player_choice":"Shed Blood","floor":72.0,"damage_taken":0.0},{"event_name":"Fountain of Cleansing","player_choice":"Removed Curse","floor":78.0,"damage_taken":0.0},{"event_name":"Colosseum","player_choice":"Fight","floor":80.0,"damage_taken":0.0},{"event_name":"Colosseum","player_choice":"Fought Nobs","floor":80.0,"damage_taken":0.0},{"event_name":"Golden Shrine","player_choice":"Desecrate","floor":88.0,"damage_taken":0.0},{"event_name":"Mysterious Sphere","player_choice":"Fight","floor":93.0,"damage_taken":0.0},{"event_name":"Falling","player_choice":"Removed Attack","floor":99.0,"damage_taken":0.0},{"event_name":"Big Fish","player_choice":"Box","floor":104.0,"damage_taken":0.0},{"event_name":"Golden Idol","player_choice":"Take Wound","floor":105.0,"damage_taken":0.0},{"event_name":"Transmorgrifier","player_choice":"Transform","floor":115.0,"damage_taken":0.0},{"event_name":"Living Wall","player_choice":"Change","floor":116.0,"damage_taken":0.0},{"event_name":"Back to Basics","player_choice":"Simplicity","floor":121.0,"damage_taken":0.0},{"event_name":"Addict","player_choice":"Stole Relic","floor":122.0,"damage_taken":0.0},{"event_name":"The Mausoleum","player_choice":"Yes","floor":123.0,"damage_taken":0.0},{"event_name":"N\u0027loth","player_choice":"Traded a Meat on the Bone","floor":124.0,"damage_taken":0.0},{"event_name":"Duplicator","player_choice":"One dupe","floor":126.0,"damage_taken":0.0},{"event_name":"The Library","player_choice":"Read","floor":129.0,"damage_taken":0.0},{"event_name":"Cursed Tome","player_choice":"Obtained Book","floor":132.0,"damage_taken":0.0},{"event_name":"The Moai Head","player_choice":"Ignored","floor":140.0,"damage_taken":0.0},{"event_name":"Upgrade Shrine","player_choice":"Upgraded","floor":144.0,"damage_taken":0.0},{"event_name":"MindBloom","player_choice":"Fight","floor":146,"damage_taken":0},{"event_name":"Winding Halls","player_choice":"Embrace Madness","floor":147,"damage_taken":0},{"event_name":"Purifier","player_choice":"One Purge","floor":155,"damage_taken":0},{"event_name":"Transmorgrifier","player_choice":"Skipped","floor":158,"damage_taken":0},{"event_name":"Golden Wing","player_choice":"Gained Gold","floor":161,"damage_taken":0},{"event_name":"Scrap Ooze","player_choice":"success","floor":163,"damage_taken":3}],"is_beta":false,"boss_relics":[{"not_picked":["Inserter","Ectoplasm"],"picked":"Calling Bell"},{"not_picked":["Astrolabe","Tiny House"],"picked":"Nuclear Battery"},{"not_picked":["Black Star","Runic Dome"],"picked":"Eternal Feather"},{"not_picked":["BlightedDurian"],"picked":"MetallicRebirth"},{"not_picked":["BlightedDurian"],"picked":"MetallicRebirth"},{"not_picked":["Scatterbrain"],"picked":"GraspOfShadows"},{"not_picked":["BlightedDurian"],"picked":"MetallicRebirth"},{"not_picked":["BlightedDurian"],"picked":"MetallicRebirth"},{"not_picked":["BlightedDurian"],"picked":"VoidEssence"}],"items_purged_floors":[],"is_endless":true,"potions_floor_spawned":[1,2,10,13,33,38,45,46,47,52,58,63,70,71,75,79,80,82,84,90,96,98,101,103,107,111,125,135,141,143,145,150,152,156,162,165,167],"killed_by":"Hexaghost","ascension_level":0}