{"gold_per_floor":[109,128,49,106,181,102,102,113,113,141,141,170,182,205,217,229],"floor_reached":16,"playtime":676,"items_purged":[],"score":211,"play_id":"cbbbddb8-950c-45b7-92e3-5c978db3d3b2","local_time":"20190522214224","is_ascension_mode":true,"campfire_choices":[{"data":"Footwork","floor":7.0,"key":"SMITH"},{"floor":11,"key":"REST"},{"data":"Noxious Fumes","floor":13,"key":"SMITH"},{"floor":15,"key":"REST"}],"neow_cost":"NONE","seed_source_timestamp":109758349739076,"circlet_count":0,"master_deck":["AscendersBane","Defend_G","Defend_G","Defend_G","Defend_G","Defend_G","Strike_G","Strike_G","Strike_G","Strike_G","Strike_G","Survivor","Neutralize","Backstab","Footwork+1","Adrenaline","Noxious Fumes+1","Backflip","Dagger Spray","Well Laid Plans"],"special_seed":0,"relics":["Ring of the Snake","NeowsBlessing","Bottled Tornado","Mummified Hand","MawBank"],"potions_floor_usage":[16],"damage_taken":[{"damage":0.0,"enemies":"Jaw Worm","floor":1.0,"turns":1.0},{"damage":0.0,"enemies":"2 Louse","floor":2.0,"turns":1.0},{"damage":0.0,"enemies":"Small Slimes","floor":8.0,"turns":1.0},{"damage":32.0,"enemies":"Lagavulin","floor":10.0,"turns":8.0},{"damage":13,"enemies":"3 Sentries","floor":12,"turns":9},{"damage":9,"enemies":"Exordium Wildlife","floor":14,"turns":5},{"damage":34,"enemies":"Slime Boss","floor":16,"turns":9}],"seed_played":"-671826511382852285","potions_obtained":[{"floor":8.0,"key":"GhostInAJar"},{"floor":10.0,"key":"Swift Potion"}],"is_trial":false,"path_per_floor":["M","M","$","?","?","$","R","M","T","E","R","E","R","M","R","B"],"character_chosen":"THE_SILENT","items_purchased":["Adrenaline","Noxious Fumes"],"campfire_rested":2,"item_purchase_floors":[3,6],"current_hp_per_floor":[59,59,59,59,48,48,48,48,48,16,35,22,22,13,32,0],"gold":229,"neow_bonus":"THREE_ENEMY_KILL","is_prod":false,"is_daily":false,"chose_seed":false,"campfire_upgraded":2,"win_rate":0,"timestamp":1558586544,"path_taken":["M","M","$","?","?","?","R","M","T","E","R","E","R","M","R","BOSS"],"build_version":"2019-01-23","purchased_purges":0,"victory":false,"max_hp_per_floor":[66,66,66,66,66,66,66,66,66,66,66,66,66,66,66,66],"card_choices":[{"not_picked":["Deadly Poison","Dodge and Roll"],"picked":"Backstab","floor":1.0},{"not_picked":["Outmaneuver","Quick Slash"],"picked":"Footwork","floor":2.0},{"not_picked":["Bouncing Flask","Bane"],"picked":"Backflip","floor":8.0},{"not_picked":["Prepared","Crippling Poison","Tactician"],"picked":"SKIP","floor":10.0},{"not_picked":["Catalyst","Poisoned Stab"],"picked":"Dagger Spray","floor":12},{"not_picked":["PiercingWail","Backstab"],"picked":"Well Laid Plans","floor":14}],"player_experience":743750,"relics_obtained":[{"floor":9.0,"key":"Bottled Tornado"},{"floor":10.0,"key":"Mummified Hand"},{"floor":12,"key":"MawBank"}],"event_choices":[{"damage_healed":0.0,"max_hp_gain":0.0,"max_hp_loss":0.0,"gold_gain":57.0,"event_name":"Golden Wing","player_choice":"Gained Gold","floor":4.0,"gold_loss":0.0,"damage_taken":0.0},{"damage_healed":0.0,"max_hp_gain":0.0,"max_hp_loss":0.0,"gold_gain":75.0,"event_name":"World of Goop","player_choice":"Gather Gold","floor":5.0,"gold_loss":0.0,"damage_taken":11.0}],"is_beta":false,"boss_relics":[],"items_purged_floors":[],"is_endless":false,"potions_floor_spawned":[8,10],"killed_by":"Slime Boss","ascension_level":19}