{"gold_per_floor":[116,132,132,132,146,179,22,122,147,147,160,172,172],"floor_reached":13,"playtime":2152,"items_purged":[],"score":89,"play_id":"7e1192a3-54b0-403d-affa-264e7c2ed775","local_time":"20181115222833","is_ascension_mode":true,"campfire_choices":[{"floor":10,"key":"REST"}],"neow_cost":"NONE","seed_source_timestamp":129365175048568,"circlet_count":0,"master_deck":["Defend_G","Defend_G","Defend_G","Defend_G","Defend_G+1","Strike_G","Strike_G","Strike_G","Strike_G","Strike_G","Survivor+1","Neutralize","Caltrops","Dodge and Roll","Regret","Tactician","Flying Knee","Dark Shackles","Infinite Blades","Slice","Outmaneuver"],"relics":["Ring of the Snake","Bag of Marbles","Incense Burner","Regal Pillow"],"potions_floor_usage":[6,13,13],"damage_taken":[{"damage":2,"enemies":"Cultist","floor":1,"turns":4},{"damage":3,"enemies":"Jaw Worm","floor":2,"turns":5},{"damage":0,"enemies":"Small Slimes","floor":5,"turns":4},{"damage":50,"enemies":"3 Sentries","floor":6,"turns":14},{"damage":4,"enemies":"2 Fungi Beasts","floor":11,"turns":5},{"damage":5,"enemies":"Red Slaver","floor":12,"turns":4},{"damage":44,"enemies":"Gremlin Nob","floor":13,"turns":5}],"seed_played":"-3824855744478529780","potions_obtained":[{"floor":1,"key":"Poison Potion"},{"floor":5,"key":"Fruit Juice"},{"floor":12,"key":"Block Potion"}],"is_trial":false,"path_per_floor":["M","M","?","?","M","E","$","?","T","R","M","M","E"],"character_chosen":"THE_SILENT","items_purchased":["Dark Shackles","Infinite Blades"],"campfire_rested":1,"item_purchase_floors":[7,7],"current_hp_per_floor":[75,72,72,57,57,12,12,12,12,51,47,42,0],"gold":172,"neow_bonus":"TEN_PERCENT_HP_BONUS","is_prod":false,"is_daily":false,"chose_seed":false,"campfire_upgraded":0,"win_rate":0,"timestamp":1542338913,"path_taken":["M","?","?","?","M","E","$","?","T","R","M","?","E"],"build_version":"2018-11-15","purchased_purges":0,"victory":false,"max_hp_per_floor":[77,77,77,77,77,82,82,82,82,82,82,82,82],"card_choices":[{"not_picked":["Slice","Concentrate"],"picked":"Caltrops","floor":1},{"not_picked":["PiercingWail","Endless Agony"],"picked":"Dodge and Roll","floor":2},{"not_picked":["Setup","Dodge and Roll"],"picked":"Tactician","floor":5},{"not_picked":["Masterful Stab","Catalyst"],"picked":"Flying Knee","floor":6},{"not_picked":["Quick Slash","Bane"],"picked":"Slice","floor":11},{"not_picked":["Flying Knee","Dagger Spray"],"picked":"Outmaneuver","floor":12}],"player_experience":489959,"relics_obtained":[{"floor":6,"key":"Incense Burner"},{"floor":9,"key":"Regal Pillow"}],"event_choices":[{"damage_healed":0,"gold_gain":0,"player_choice":"Box","damage_taken":0,"relics_obtained":["Bag of Marbles"],"max_hp_gain":0,"max_hp_loss":0,"event_name":"Big Fish","floor":3,"gold_loss":0,"cards_obtained":["Regret"]},{"damage_healed":0,"gold_gain":0,"player_choice":"Entered Light","damage_taken":15,"max_hp_gain":0,"max_hp_loss":0,"event_name":"Shining Light","floor":4,"gold_loss":0,"cards_upgraded":["Defend_G","Survivor"]},{"damage_healed":0,"gold_gain":100,"player_choice":"Pray","damage_taken":0,"max_hp_gain":0,"max_hp_loss":0,"event_name":"Golden Shrine","floor":8,"gold_loss":0}],"is_beta":false,"boss_relics":[],"items_purged_floors":[],"is_endless":false,"potions_floor_spawned":[1,5,12],"killed_by":"Gremlin Nob","ascension_level":1}