{"gold_per_floor":[11,11,29,29,44,44,74,74,74,103,103,136,136,79,79,156,156,175,188,201,201],"floor_reached":21,"playtime":899,"items_purged":[],"score":374,"play_id":"4f65a3c0-dc23-42c5-805d-8488eccd5e96","local_time":"20190520214802","is_ascension_mode":true,"campfire_choices":[{"data":"Loop","floor":6.0,"key":"SMITH"},{"floor":8.0,"key":"REST"},{"floor":11.0,"key":"REST"},{"data":"Fission","floor":13.0,"key":"SMITH"},{"data":"Zap","floor":15.0,"key":"SMITH"}],"neow_cost":"NO_GOLD","seed_source_timestamp":48480247301444,"circlet_count":0,"master_deck":["AscendersBane","Strike_B","Strike_B","Strike_B","Defend_B","Defend_B","Defend_B","Zap+1","Dualcast","BootSequence","Doom and Gloom","Loop+1","Decay","Leap","Lockon","Echo Form","Ball Lightning","Fission+1","Conserve Battery","Multi-Cast","Ball Lightning","Defragment"],"special_seed":0,"relics":["Cracked Core","Pantograph","Pen Nib","Strawberry","Vajra","Nuclear Battery"],"potions_floor_usage":[19,20],"damage_taken":[{"damage":0.0,"enemies":"Small Slimes","floor":1.0,"turns":3.0},{"damage":1.0,"enemies":"Cultist","floor":3.0,"turns":3.0},{"damage":5.0,"enemies":"2 Louse","floor":5.0,"turns":2.0},{"damage":28.0,"enemies":"Lagavulin","floor":7.0,"turns":5.0},{"damage":32.0,"enemies":"Gremlin Nob","floor":10.0,"turns":4.0},{"damage":14.0,"enemies":"3 Sentries","floor":12.0,"turns":4.0},{"damage":40.0,"enemies":"Slime Boss","floor":16.0,"turns":4.0},{"damage":21.0,"enemies":"3 Byrds","floor":18.0,"turns":3.0},{"damage":11,"enemies":"Shell Parasite","floor":19,"turns":3},{"damage":27,"enemies":"Chosen and Byrds","floor":20,"turns":5},{"damage":13,"enemies":"Centurion and Healer","floor":21,"turns":2}],"seed_played":"6099628565930577840","potions_obtained":[{"floor":1.0,"key":"EssenceOfSteel"},{"floor":3.0,"key":"FearPotion"},{"floor":5.0,"key":"Energy Potion"},{"floor":18.0,"key":"FocusPotion"}],"is_trial":false,"path_per_floor":["M","?","M","$","M","R","E","R","T","E","R","E","R","$","R","B",null,"M","M","M","M"],"character_chosen":"DEFECT","items_purchased":["Conserve Battery"],"campfire_rested":2,"item_purchase_floors":[14],"current_hp_per_floor":[64,64,63,63,58,58,30,51,51,26,49,35,35,35,35,20,64,43,32,5,0],"gold":201,"neow_bonus":"TRANSFORM_TWO_CARDS","is_prod":false,"is_daily":false,"chose_seed":false,"campfire_upgraded":3,"win_rate":0,"timestamp":1558414082,"path_taken":["M","?","M","?","?","R","E","R","T","E","R","E","R","$","R","BOSS","M","M","M","M"],"build_version":"2019-01-23","purchased_purges":0,"victory":false,"max_hp_per_floor":[71,71,71,71,71,71,71,71,71,78,78,78,78,78,78,78,78,78,78,78,78],"card_choices":[{"not_picked":["Glacier","Cold Snap"],"picked":"Loop","floor":1.0},{"not_picked":["Compile Driver","Cold Snap"],"picked":"Leap","floor":3.0},{"not_picked":["Redo","Sunder"],"picked":"Lockon","floor":5.0},{"not_picked":["Ball Lightning","Skim"],"picked":"Echo Form","floor":7.0},{"not_picked":["Streamline","Turbo"],"picked":"Ball Lightning","floor":10.0},{"not_picked":["Compile Driver","Reinforced Body"],"picked":"Fission","floor":12.0},{"not_picked":["All For One","Biased Cognition"],"picked":"Multi-Cast","floor":16.0},{"not_picked":["Rebound","Static Discharge"],"picked":"Ball Lightning","floor":18.0},{"not_picked":["Darkness","Go for the Eyes","Ball Lightning"],"picked":"SKIP","floor":19},{"not_picked":["Doom and Gloom","Reinforced Body"],"picked":"Defragment","floor":20}],"player_experience":731470,"relics_obtained":[{"floor":7.0,"key":"Pantograph"},{"floor":9.0,"key":"Pen Nib"},{"floor":10.0,"key":"Strawberry"},{"floor":12.0,"key":"Vajra"}],"event_choices":[{"damage_healed":0.0,"max_hp_gain":0.0,"max_hp_loss":0.0,"gold_gain":0.0,"event_name":"Wheel of Change","player_choice":"Cursed","floor":2.0,"gold_loss":0.0,"damage_taken":0.0,"cards_obtained":["Decay"]}],"is_beta":false,"boss_relics":[{"not_picked":["Inserter","FrozenCore"],"picked":"Nuclear Battery"}],"items_purged_floors":[],"is_endless":false,"potions_floor_spawned":[1,3,5,18],"killed_by":"Centurion and Healer","ascension_level":18}