{"gold_per_floor":[368,379,654,273,283,283,84,156,156,156,183,195,241,270,282,294],"floor_reached":16,"playtime":728,"items_purged":["Regret"],"score":216,"play_id":"78659894-1f04-4693-bd80-c1e072dd49c7","local_time":"20190620212256","is_ascension_mode":true,"campfire_choices":[{"floor":6.0,"key":"REST"},{"data":"Noxious Fumes","floor":10.0,"key":"SMITH"},{"data":"Footwork","floor":15,"key":"SMITH"}],"neow_cost":"CURSE","seed_source_timestamp":0,"circlet_count":0,"master_deck":["AscendersBane","Defend_G","Defend_G","Defend_G","Defend_G","Defend_G","Strike_G","Strike_G","Strike_G","Strike_G","Survivor","Neutralize","Writhe","Poisoned Stab","Dash","Caltrops","Slice","Noxious Fumes+1","Flying Knee","Footwork+1","Doppelganger","Adrenaline+1","PiercingWail+1"],"special_seed":0,"relics":["Ring of the Snake","Membership Card","Lantern","Pear","Dodecahedron","Torii","MawBank","Toxic Egg 2"],"potions_floor_usage":[16],"damage_taken":[{"damage":17.0,"enemies":"Jaw Worm","floor":1.0,"turns":6.0},{"damage":7.0,"enemies":"Cultist","floor":2.0,"turns":4.0},{"damage":6.0,"enemies":"Small Slimes","floor":5.0,"turns":3.0},{"damage":25.0,"enemies":"Lagavulin","floor":11.0,"turns":8.0},{"damage":4,"enemies":"3 Sentries","floor":13,"turns":8},{"damage":1,"enemies":"Blue Slaver","floor":14,"turns":3},{"damage":30,"enemies":"Hexaghost","floor":16,"turns":10}],"seed_played":"-4584242838082349026","potions_obtained":[{"floor":2.0,"key":"GamblersBrew"},{"floor":11,"key":"LiquidBronze"},{"floor":14,"key":"Swift Potion"}],"is_trial":false,"path_per_floor":["M","M","?","$","M","R","$","T","T","R","E","?","E","M","R","B"],"character_chosen":"THE_SILENT","items_purchased":["Membership Card","Lantern","Caltrops","Noxious Fumes","Pear","Flying Knee"],"campfire_rested":1,"item_purchase_floors":[4,4,4,7,7,7],"current_hp_per_floor":[42,35,35,35,29,48,58,58,58,58,33,33,29,28,28,0],"gold":294,"neow_bonus":"TWO_FIFTY_GOLD","is_prod":false,"is_daily":false,"chose_seed":false,"campfire_upgraded":2,"win_rate":0,"timestamp":1561090976,"path_taken":["M","M","?","$","M","R","?","?","T","R","E","?","E","M","R","BOSS"],"build_version":"2019-01-23","purchased_purges":1,"victory":false,"max_hp_per_floor":[66,66,66,66,66,66,76,76,76,76,76,76,76,76,76,76],"card_choices":[{"not_picked":["Crippling Poison","Riddle With Holes"],"picked":"Poisoned Stab","floor":1.0},{"not_picked":["Acrobatics","Cloak And Dagger"],"picked":"Dash","floor":2.0},{"not_picked":["Prepared","Eviscerate"],"picked":"Slice","floor":5.0},{"not_picked":["Slice","Choke"],"picked":"Footwork","floor":11},{"not_picked":["Deadly Poison","Acrobatics"],"picked":"Adrenaline","floor":13},{"not_picked":["Concentrate+1","Quick Slash"],"picked":"PiercingWail+1","floor":14}],"player_experience":843307,"relics_obtained":[{"floor":8.0,"key":"Dodecahedron"},{"floor":9.0,"key":"Torii"},{"floor":11,"key":"MawBank"},{"floor":13,"key":"Toxic Egg 2"}],"event_choices":[{"damage_healed":0.0,"max_hp_gain":0.0,"max_hp_loss":0.0,"gold_gain":275.0,"event_name":"Golden Shrine","player_choice":"Desecrate","floor":3.0,"gold_loss":0.0,"damage_taken":0.0,"cards_obtained":["Regret"]},{"damage_healed":0,"gold_gain":0,"cards_transformed":["Strike_G"],"player_choice":"Change","damage_taken":0,"max_hp_gain":0,"max_hp_loss":0,"event_name":"Living Wall","floor":12,"gold_loss":0,"cards_obtained":["Doppelganger"]}],"is_beta":false,"boss_relics":[],"items_purged_floors":[4],"is_endless":false,"potions_floor_spawned":[2,11,14],"killed_by":"Hexaghost","ascension_level":20}