{"gold_per_floor":[113,123,123,135,152,152,184,202,202,232,232,249,263,279,279,382,382,398,413,139,151,151,184,184,204,284,295,295,328,328,346,346,448,448,464,483,483,583,595,630,245,255,255,336,336,0,0,17,17,17],"floor_reached":51,"playtime":3713,"items_purged":["Strike_R","Strike_R"],"score":733,"play_id":"81c01a58-5df0-48d8-91a3-a57b814a40cb","local_time":"20190708132603","is_ascension_mode":true,"campfire_choices":[{"data":"Demon Form","floor":6,"key":"SMITH"},{"floor":11,"key":"REST"},{"floor":15,"key":"REST"},{"floor":24,"key":"REST"},{"floor":28,"key":"REST"},{"floor":30,"key":"REST"},{"floor":32,"key":"REST"},{"floor":45,"key":"REST"},{"floor":49,"key":"REST"}],"neow_cost":"PERCENT_DAMAGE","seed_source_timestamp":190587993461600,"circlet_count":0,"master_deck":["Strike_R","Strike_R","Strike_R","Defend_R","Defend_R","Defend_R","Limit Break","Demon Form+1","Flex+1","Pummel","Heavy Blade+1","Heavy Blade+1","Offering+1","Twin Strike+1","Pummel+1","Limit Break+1","Impervious+1","Headbutt+1"],"relics":["Burning Blood","Toxic Egg 2","Molten Egg 2","Velvet Choker","Lee\u0027s Waffle","Dodecahedron","Darkstone Periapt","Bag of Preparation","Philosopher\u0027s Stone","Ginger","Paper Frog","Shuriken","StoneCalendar","Bottled Flame","Red Mask"],"potions_floor_usage":[8,13,16,19,33,33,50],"damage_taken":[{"damage":2,"enemies":"2 Louse","floor":1,"turns":4},{"damage":1,"enemies":"Cultist","floor":2,"turns":4},{"damage":1,"enemies":"Jaw Worm","floor":4,"turns":3},{"damage":13,"enemies":"Blue Slaver","floor":5,"turns":6},{"damage":33,"enemies":"Gremlin Nob","floor":7,"turns":5},{"damage":12,"enemies":"3 Louse","floor":8,"turns":3},{"damage":5,"enemies":"Looter","floor":12,"turns":2},{"damage":18,"enemies":"Large Slime","floor":13,"turns":6},{"damage":11,"enemies":"Blue Slaver","floor":14,"turns":4},{"damage":30,"enemies":"Hexaghost","floor":16,"turns":8},{"damage":24,"enemies":"Spheric Guardian","floor":18,"turns":5},{"damage":0,"enemies":"Chosen","floor":19,"turns":3},{"damage":28,"enemies":"Centurion and Healer","floor":21,"turns":5},{"damage":22,"enemies":"Gremlin Leader","floor":23,"turns":4},{"damage":16,"enemies":"Chosen and Byrds","floor":25,"turns":4},{"damage":6,"enemies":"Cultist and Chosen","floor":27,"turns":3},{"damage":36,"enemies":"Book of Stabbing","floor":29,"turns":4},{"damage":37,"enemies":"Centurion and Healer","floor":31,"turns":4},{"damage":69,"enemies":"Collector","floor":33,"turns":5},{"damage":7,"enemies":"Orb Walker","floor":35,"turns":2},{"damage":11,"enemies":"3 Shapes","floor":36,"turns":3},{"damage":9,"enemies":"Mind Bloom Boss Battle","floor":38,"turns":2},{"damage":9,"enemies":"Maw","floor":39,"turns":4},{"damage":27,"enemies":"Nemesis","floor":40,"turns":2},{"damage":6,"enemies":"Jaw Worm Horde","floor":42,"turns":3},{"damage":28,"enemies":"Sphere and 2 Shapes","floor":48,"turns":4},{"damage":21,"enemies":"Time Eater","floor":50,"turns":5}],"seed_played":"7063446506961629351","potions_obtained":[{"floor":2,"key":"Fire Potion"},{"floor":5,"key":"LiquidBronze"},{"floor":7,"key":"SpeedPotion"},{"floor":12,"key":"AttackPotion"},{"floor":13,"key":"SteroidPotion"},{"floor":14,"key":"SpeedPotion"},{"floor":18,"key":"Block Potion"},{"floor":19,"key":"Regen Potion"},{"floor":25,"key":"SkillPotion"},{"floor":35,"key":"GamblersBrew"},{"floor":38,"key":"LiquidBronze"}],"is_trial":false,"path_per_floor":["M","M","$","M","M","R","E","M","T","?","R","M","M","M","R","B",null,"M","M","$","M","?","E","R","M","T","M","R","E","R","M","R","B",null,"M","M","?","?","M","E","$","M","T","T","R","?","$","M","R","B",null],"character_chosen":"IRONCLAD","items_purchased":["Lee\u0027s Waffle","Headbutt+1","Shuriken"],"campfire_rested":8,"item_purchase_floors":[20,41,41],"current_hp_per_floor":[60,65,65,70,63,63,36,30,30,30,54,55,43,38,62,38,80,62,68,87,65,65,49,75,65,65,65,87,57,83,52,78,15,87,86,81,81,78,75,54,54,54,54,54,80,80,80,58,84,69],"gold":17,"neow_bonus":"THREE_RARE_CARDS","is_prod":false,"is_daily":false,"chose_seed":false,"campfire_upgraded":1,"win_rate":0,"timestamp":1562585163,"path_taken":["M","M","$","M","M","R","E","M","T","?","R","M","M","M","R","BOSS","M","M","$","M","?","E","R","?","T","M","R","E","R","M","R","BOSS","M","M","?","?","M","E","$","M","T","?","R","?","?","M","R","BOSS"],"build_version":"2019-07-05","purchased_purges":2,"victory":true,"max_hp_per_floor":[80,80,80,80,80,80,80,80,80,80,80,80,80,80,80,80,80,80,80,87,87,87,87,87,87,87,87,87,87,87,87,87,87,87,87,87,87,87,87,87,87,87,87,87,87,87,87,87,87,87],"card_choices":[{"not_picked":["Immolate","Juggernaut"],"picked":"Limit Break","floor":0},{"not_picked":["Shrug It Off","Flame Barrier","Wild Strike"],"picked":"SKIP","floor":1},{"not_picked":["Warcry","Perfected Strike","Clothesline"],"picked":"SKIP","floor":2},{"not_picked":["Corruption","Combust","Anger"],"picked":"SKIP","floor":4},{"not_picked":["Sword Boomerang","Whirlwind"],"picked":"Demon Form","floor":5},{"not_picked":["Warcry","Flame Barrier"],"picked":"Flex","floor":7},{"not_picked":["Flame Barrier+1","Clothesline"],"picked":"Pummel","floor":8},{"not_picked":["Rupture","Pommel Strike+1"],"picked":"Heavy Blade+1","floor":12},{"not_picked":["Headbutt+1","Infernal Blade+1"],"picked":"Heavy Blade+1","floor":13},{"not_picked":["Blood for Blood+1","Carnage+1","Feel No Pain"],"picked":"SKIP","floor":14},{"not_picked":["Demon Form","Barricade"],"picked":"Offering+1","floor":16},{"not_picked":["Anger+1","Inflame"],"picked":"Twin Strike+1","floor":18},{"not_picked":["Rupture","Iron Wave+1","Reckless Charge+1"],"picked":"SKIP","floor":19},{"not_picked":["Shrug It Off+1","Sword Boomerang+1","Thunderclap+1"],"picked":"SKIP","floor":21},{"not_picked":["Rampage+1","Intimidate+1"],"picked":"Pummel+1","floor":23},{"not_picked":["Pommel Strike+1","Clash+1","Armaments+1"],"picked":"SKIP","floor":25},{"not_picked":["Flex+1","Anger+1","Twin Strike+1"],"picked":"SKIP","floor":27},{"not_picked":["Pommel Strike+1","Searing Blow+1","Rage+1"],"picked":"SKIP","floor":29},{"not_picked":["Anger+1","Clothesline+1","Heavy Blade+1"],"picked":"SKIP","floor":31},{"not_picked":["Offering+1","Barricade"],"picked":"Limit Break+1","floor":33},{"not_picked":["Thunderclap+1","Body Slam+1","Shrug It Off+1"],"picked":"SKIP","floor":35},{"not_picked":["Clothesline+1","Armaments+1","Clash+1"],"picked":"SKIP","floor":36},{"not_picked":["Wild Strike+1","Disarm+1","Clash+1"],"picked":"SKIP","floor":39},{"not_picked":["Clothesline+1","Warcry+1"],"picked":"Impervious+1","floor":40},{"not_picked":["Bloodletting+1","Hemokinesis+1","Shrug It Off+1"],"picked":"SKIP","floor":42},{"not_picked":["Pommel Strike+1","Shockwave+1","Warcry+1"],"picked":"SKIP","floor":48}],"player_experience":34894,"relics_obtained":[{"floor":7,"key":"Toxic Egg 2"},{"floor":9,"key":"Molten Egg 2"},{"floor":23,"key":"Dodecahedron"},{"floor":26,"key":"Darkstone Periapt"},{"floor":29,"key":"Bag of Preparation"},{"floor":38,"key":"Ginger"},{"floor":40,"key":"Paper Frog"},{"floor":43,"key":"StoneCalendar"},{"floor":44,"key":"Bottled Flame"}],"event_choices":[{"damage_healed":0,"gold_gain":30,"player_choice":"Searched \u00271\u0027 times","damage_taken":0,"max_hp_gain":0,"max_hp_loss":0,"event_name":"Dead Adventurer","floor":10,"gold_loss":0},{"cards_removed":["Bash"],"damage_healed":0,"gold_gain":0,"player_choice":"Purged","damage_taken":0,"max_hp_gain":0,"max_hp_loss":0,"event_name":"Purifier","floor":22,"gold_loss":0},{"cards_removed":["Defend_R"],"damage_healed":0,"gold_gain":0,"player_choice":"Removed Skill","damage_taken":0,"max_hp_gain":0,"max_hp_loss":0,"event_name":"Falling","floor":37,"gold_loss":0},{"damage_healed":0,"gold_gain":0,"player_choice":"Fight","damage_taken":0,"max_hp_gain":0,"max_hp_loss":0,"event_name":"MindBloom","floor":38,"gold_loss":0},{"damage_healed":0,"gold_gain":0,"player_choice":"Paid","damage_taken":0,"relics_obtained":["Red Mask"],"max_hp_gain":0,"max_hp_loss":0,"event_name":"Tomb of Lord Red Mask","floor":46,"gold_loss":336}],"is_beta":false,"boss_relics":[{"not_picked":["Cursed Key","White Beast Statue"],"picked":"Velvet Choker"},{"not_picked":["Sozu","Eternal Feather"],"picked":"Philosopher\u0027s Stone"}],"items_purged_floors":[20,41],"is_endless":false,"potions_floor_spawned":[2,5,7,12,13,14,18,19,23,25,27,35,38,39],"ascension_level":1}