{"gold_per_floor":[116,129,144,158,177,204,218,218,242,271,12,12,12,29,29,127,127,144,159,171,86,101,101],"floor_reached":23,"playtime":1899,"items_purged":["Defend_R"],"score":217,"play_id":"798d05de-f9c6-451a-8a2a-b453f1ffb1e9","local_time":"20190708103304","is_ascension_mode":true,"campfire_choices":[{"floor":8,"key":"REST"},{"floor":15,"key":"REST"}],"neow_cost":"NONE","seed_source_timestamp":182052841338400,"circlet_count":0,"master_deck":["Strike_R","Strike_R","Strike_R","Strike_R","Strike_R","Defend_R","Defend_R","Defend_R","Bash","Twin Strike","Perfected Strike+1","Warcry","Clash","Seeing Red","Clash","Seeing Red","Mayhem+1","Brutality","Sever Soul","Headbutt+1","Headbutt+1"],"relics":["Burning Blood","Self Forming Clay","Lantern","Boot","Eternal Feather","Omamori"],"potions_floor_usage":[5],"damage_taken":[{"damage":7,"enemies":"Small Slimes","floor":1,"turns":4},{"damage":6,"enemies":"Cultist","floor":2,"turns":3},{"damage":5,"enemies":"2 Louse","floor":3,"turns":3},{"damage":7,"enemies":"2 Fungi Beasts","floor":4,"turns":4},{"damage":11,"enemies":"Exordium Wildlife","floor":5,"turns":4},{"damage":43,"enemies":"3 Sentries","floor":6,"turns":9},{"damage":8,"enemies":"3 Louse","floor":7,"turns":2},{"damage":16,"enemies":"Gremlin Nob","floor":10,"turns":3},{"damage":6,"enemies":"Large Slime","floor":14,"turns":3},{"damage":63,"enemies":"Hexaghost","floor":16,"turns":9},{"damage":12,"enemies":"2 Thieves","floor":18,"turns":4},{"damage":10,"enemies":"Chosen","floor":19,"turns":4},{"damage":27,"enemies":"Sentry and Sphere","floor":20,"turns":5},{"damage":27,"enemies":"Snecko","floor":22,"turns":5},{"damage":38,"enemies":"Gremlin Leader","floor":23,"turns":3}],"seed_played":"5031365284133774864","potions_obtained":[{"floor":2,"key":"Dexterity Potion"},{"floor":3,"key":"Energy Potion"},{"floor":6,"key":"Strength Potion"},{"floor":7,"key":"SneckoOil"},{"floor":16,"key":"Weak Potion"},{"floor":19,"key":"AttackPotion"}],"is_trial":false,"path_per_floor":["M","M","M","M","M","E","M","R","T","E","$","?","?","M","R","B",null,"M","M","M","?","M","E"],"character_chosen":"IRONCLAD","items_purchased":["Mayhem"],"campfire_rested":2,"item_purchase_floors":[11],"current_hp_per_floor":[87,87,88,87,82,45,43,69,69,59,59,59,59,59,85,28,88,82,78,57,57,36,0],"gold":101,"neow_bonus":"TEN_PERCENT_HP_BONUS","is_prod":false,"is_daily":false,"chose_seed":false,"campfire_upgraded":0,"win_rate":0,"timestamp":1562574784,"path_taken":["M","M","M","M","M","E","M","R","T","E","$","?","?","M","R","BOSS","M","M","M","?","M","E"],"build_version":"2019-07-05","purchased_purges":1,"victory":false,"max_hp_per_floor":[88,88,88,88,88,88,88,88,88,88,88,88,88,88,88,88,88,88,88,88,88,88,88],"card_choices":[{"not_picked":["Headbutt","Metallicize"],"picked":"Twin Strike","floor":1},{"not_picked":["Corruption","True Grit","Hemokinesis"],"picked":"SKIP","floor":2},{"not_picked":["Body Slam","Sword Boomerang"],"picked":"Perfected Strike","floor":3},{"not_picked":["Flex","Flame Barrier"],"picked":"Warcry","floor":4},{"not_picked":["Heavy Blade","Wild Strike"],"picked":"Clash","floor":5},{"not_picked":["Flex","Feed"],"picked":"Seeing Red","floor":6},{"not_picked":["Cleave","Thunderclap"],"picked":"Clash","floor":7},{"not_picked":["Feed","Twin Strike"],"picked":"Seeing Red","floor":10},{"not_picked":["Anger","Heavy Blade","Armaments"],"picked":"SKIP","floor":14},{"not_picked":["Feed","Dark Embrace"],"picked":"Brutality","floor":16},{"not_picked":["Armaments","Spot Weakness"],"picked":"Sever Soul","floor":18},{"not_picked":["Rampage","Combust+1","Cleave"],"picked":"SKIP","floor":19},{"not_picked":["Second Wind+1","Corruption"],"picked":"Headbutt+1","floor":20},{"not_picked":["True Grit","Whirlwind"],"picked":"Headbutt+1","floor":22}],"player_experience":30161,"relics_obtained":[{"floor":6,"key":"Self Forming Clay"},{"floor":9,"key":"Lantern"},{"floor":10,"key":"Boot"}],"event_choices":[{"damage_healed":0,"gold_gain":0,"player_choice":"Grow","damage_taken":0,"max_hp_gain":0,"max_hp_loss":0,"event_name":"Living Wall","floor":12,"gold_loss":0,"cards_upgraded":["Mayhem"]},{"damage_healed":0,"gold_gain":0,"player_choice":"Upgraded","damage_taken":0,"max_hp_gain":0,"max_hp_loss":0,"event_name":"Upgrade Shrine","floor":13,"gold_loss":0,"cards_upgraded":["Perfected Strike"]},{"damage_healed":0,"gold_gain":0,"player_choice":"Obtained Relic","damage_taken":0,"relics_obtained":["Omamori"],"max_hp_gain":0,"max_hp_loss":0,"event_name":"Addict","floor":21,"gold_loss":85}],"is_beta":false,"boss_relics":[{"not_picked":["White Beast Statue","Coffee Dripper"],"picked":"Eternal Feather"}],"items_purged_floors":[11],"is_endless":false,"potions_floor_spawned":[2,3,6,7,16,19],"killed_by":"Gremlin Leader","ascension_level":1}