{"gold_per_floor":[115,134,134,152,164,164,189,189,235,235,254,254],"floor_reached":12,"playtime":3757,"items_purged":[],"score":84,"play_id":"cf98a124-d124-49fa-af1d-77d8b9f7fa49","local_time":"20181026160726","is_ascension_mode":true,"campfire_choices":[{"data":"Tactician","floor":6,"key":"SMITH"},{"floor":8,"key":"REST"}],"neow_cost":"NONE","seed_source_timestamp":161839407633623,"circlet_count":0,"master_deck":["Defend_G","Defend_G","Defend_G","Defend_G","Defend_G","Strike_G","Strike_G","Strike_G+1","Strike_G","Strike_G","Survivor","Neutralize","Tactician+1","Deadly Poison","Deflect","Dagger Spray+1","Prepared","After Image"],"relics":["Ring of the Snake","Bottled Flame","Omamori"],"potions_floor_usage":[],"damage_taken":[{"damage":3,"enemies":"2 Louse","floor":1,"turns":4},{"damage":1,"enemies":"Cultist","floor":2,"turns":5},{"damage":0,"enemies":"Small Slimes","floor":4,"turns":3},{"damage":5,"enemies":"2 Fungi Beasts","floor":5,"turns":4},{"damage":41,"enemies":"3 Sentries","floor":7,"turns":9},{"damage":0,"enemies":"Lots of Slimes","floor":11,"turns":1},{"damage":36,"enemies":"Lagavulin Event","floor":12,"turns":6}],"seed_played":"-4546188456273102708","potions_obtained":[{"floor":2,"key":"FearPotion"},{"floor":4,"key":"Ancient Potion"}],"is_trial":false,"path_per_floor":["M","M","?","M","M","R","E","R","T","?","M"],"character_chosen":"THE_SILENT","items_purchased":[],"campfire_rested":1,"item_purchase_floors":[],"current_hp_per_floor":[74,73,73,73,68,68,27,50,50,35,35,0],"gold":254,"neow_bonus":"TEN_PERCENT_HP_BONUS","is_prod":false,"is_daily":false,"chose_seed":false,"campfire_upgraded":1,"win_rate":0,"timestamp":1540584446,"path_taken":["M","M","?","?","M","R","E","R","T","?","?","?"],"build_version":"2018-10-25v2","purchased_purges":0,"victory":false,"max_hp_per_floor":[77,77,77,77,77,77,77,77,77,77,77,77],"card_choices":[{"not_picked":["Blade Dance","Catalyst"],"picked":"Tactician","floor":1},{"not_picked":["Setup","Heel Hook"],"picked":"Deadly Poison","floor":2},{"not_picked":["Sucker Punch","Flying Knee"],"picked":"Deflect","floor":4},{"not_picked":["Quick Slash","Flechettes"],"picked":"Dagger Spray","floor":5},{"not_picked":["Cloak And Dagger","Underhanded Strike"],"picked":"Prepared","floor":7},{"not_picked":["Blade Dance","Acrobatics"],"picked":"After Image","floor":11}],"player_experience":459553,"relics_obtained":[{"floor":7,"key":"Bottled Flame"},{"floor":9,"key":"Omamori"}],"event_choices":[{"damage_healed":0,"gold_gain":0,"player_choice":"Leave","damage_taken":0,"max_hp_gain":0,"max_hp_loss":0,"event_name":"The Cleric","floor":3,"gold_loss":0},{"damage_healed":0,"gold_gain":0,"player_choice":"Entered Light","damage_taken":15,"max_hp_gain":0,"max_hp_loss":0,"event_name":"Shining Light","floor":10,"gold_loss":0,"cards_upgraded":["Dagger Spray","Strike_G"]},{"damage_healed":0,"gold_gain":0,"player_choice":"Searched \u00271\u0027 times","damage_taken":0,"max_hp_gain":0,"max_hp_loss":0,"event_name":"Dead Adventurer","floor":12,"gold_loss":0}],"is_beta":false,"boss_relics":[],"items_purged_floors":[],"is_endless":false,"potions_floor_spawned":[2,4],"killed_by":"Lagavulin Event","ascension_level":1}