{"gold_per_floor":[117,117,92,103,115,115,150,165,234,289,289,364,364,75,75,148,148,159,159,62,0,14,14,33,33],"floor_reached":25,"playtime":1491,"items_purged":[],"score":418,"play_id":"11891563-09bf-4670-b1e9-d5cc6e0fb7e1","local_time":"20190608140228","is_ascension_mode":true,"campfire_choices":[{"data":"Feed","floor":6.0,"key":"SMITH"},{"data":"Anger","floor":11.0,"key":"SMITH"},{"floor":13.0,"key":"REST"},{"data":"Disarm","floor":15.0,"key":"SMITH"},{"floor":23,"key":"REST"}],"neow_cost":"NONE","seed_source_timestamp":0,"circlet_count":0,"master_deck":["AscendersBane","Strike_R","Strike_R","Strike_R","Strike_R","Strike_R","Defend_R","Defend_R","Defend_R","Defend_R","Bash","Disarm+1","Ghostly Armor","Feed+1","Clash","Iron Wave","Iron Wave","Rampage","Anger+1","Clash","Havoc+1","Impervious+1","True Grit+1","Inflame","Armaments+1","Entrench+1","Pommel Strike"],"special_seed":0,"relics":["Burning Blood","NeowsBlessing","StoneCalendar","Kunai","Tiny Chest","Toxic Egg 2","Velvet Choker"],"potions_floor_usage":[18],"damage_taken":[{"damage":0.0,"enemies":"2 Louse","floor":1.0,"turns":1.0},{"damage":0.0,"enemies":"Cultist","floor":4.0,"turns":1.0},{"damage":0.0,"enemies":"Jaw Worm","floor":5.0,"turns":3.0},{"damage":30.0,"enemies":"3 Sentries","floor":7.0,"turns":13.0},{"damage":11.0,"enemies":"Large Slime","floor":8.0,"turns":7.0},{"damage":19.0,"enemies":"Lagavulin","floor":10.0,"turns":7.0},{"damage":32.0,"enemies":"Hexaghost","floor":16.0,"turns":10.0},{"damage":28,"enemies":"Chosen","floor":18,"turns":5},{"damage":25,"enemies":"3 Byrds","floor":22,"turns":6},{"damage":20,"enemies":"Shelled Parasite and Fungi","floor":24,"turns":7},{"damage":28,"enemies":"Gremlin Leader","floor":25,"turns":3}],"seed_played":"5754355360538692324","potions_obtained":[{"floor":1.0,"key":"FearPotion"},{"floor":5.0,"key":"Block Potion"},{"floor":16.0,"key":"BloodPotion"}],"is_trial":false,"path_per_floor":["M","?","$","M","M","R","E","M","T","E","R","?","R","$","R","B",null,"M","?","$","?","M","R","M","E"],"character_chosen":"IRONCLAD","items_purchased":["Clash","Toxic Egg 2","Havoc+1","Inflame","Armaments+1"],"campfire_rested":2,"item_purchase_floors":[3,14,14,20,20],"current_hp_per_floor":[74,74,74,75,78,78,54,49,49,36,36,25,48,48,48,22,64,49,27,27,27,12,38,28,0],"gold":33,"neow_bonus":"THREE_ENEMY_KILL","is_prod":false,"is_daily":false,"chose_seed":false,"campfire_upgraded":3,"win_rate":0,"timestamp":1560027748,"path_taken":["M","?","$","?","M","R","E","M","T","E","R","?","R","$","R","BOSS","M","?","$","?","M","R","M","E"],"build_version":"2019-01-23","purchased_purges":0,"victory":false,"max_hp_per_floor":[75,75,75,75,78,78,78,78,78,78,78,78,78,78,78,78,78,78,83,83,83,87,87,91,91],"card_choices":[{"not_picked":["Fire Breathing","Bloodletting"],"picked":"Disarm","floor":1.0},{"not_picked":["Pommel Strike","Hemokinesis"],"picked":"Iron Wave","floor":4.0},{"not_picked":["Wild Strike","Flex"],"picked":"Iron Wave","floor":5.0},{"not_picked":["Wild Strike","Warcry"],"picked":"Rampage","floor":7.0},{"not_picked":["Clash","Headbutt"],"picked":"Anger","floor":8.0},{"not_picked":["Dropkick","Rampage"],"picked":"Clash","floor":10.0},{"not_picked":["Dark Embrace","Berserk"],"picked":"Impervious+1","floor":16.0},{"not_picked":["Disarm+1","Shrug It Off+1"],"picked":"True Grit+1","floor":18},{"not_picked":["Heavy Blade","Wild Strike"],"picked":"Entrench+1","floor":22},{"not_picked":["Perfected Strike","Heavy Blade"],"picked":"Pommel Strike","floor":24}],"player_experience":807732,"relics_obtained":[{"floor":7.0,"key":"StoneCalendar"},{"floor":9.0,"key":"Kunai"},{"floor":10.0,"key":"Tiny Chest"}],"event_choices":[{"damage_healed":0.0,"max_hp_gain":0.0,"max_hp_loss":0.0,"gold_gain":0.0,"event_name":"Match and Keep!","player_choice":"2 cards matched","floor":2.0,"gold_loss":0.0,"damage_taken":0.0,"cards_obtained":["Ghostly Armor","Feed"]},{"damage_healed":0.0,"max_hp_gain":0.0,"max_hp_loss":0.0,"gold_gain":75.0,"event_name":"World of Goop","player_choice":"Gather Gold","floor":12.0,"gold_loss":0.0,"damage_taken":11.0},{"damage_healed":0,"gold_gain":0,"player_choice":"Shed Blood","damage_taken":27,"max_hp_gain":5,"max_hp_loss":0,"event_name":"Forgotten Altar","floor":19,"gold_loss":0},{"damage_healed":0,"gold_gain":0,"player_choice":"Paid Fearfully","damage_taken":0,"max_hp_gain":0,"max_hp_loss":0,"event_name":"Masked Bandits","floor":21,"gold_loss":62}],"is_beta":false,"boss_relics":[{"not_picked":["Black Star","Runic Cube"],"picked":"Velvet Choker"}],"items_purged_floors":[],"is_endless":false,"potions_floor_spawned":[1,5,16],"killed_by":"Gremlin Leader","ascension_level":20}