{"gold_per_floor":[110,285,297,10,10,36,36,56,56,76,76,96,96,125,125,221,221,237,237,237,23,36,36,36,63,63,63,14,30,30,48,48,146,146,165,265,265,265,9,9],"floor_reached":40,"playtime":3231,"items_purged":[],"score":457,"play_id":"cadba447-16fd-4966-8e81-bfe87ed293a9","local_time":"20190118175739","is_ascension_mode":true,"campfire_choices":[{"data":"Bouncing Flask","floor":7,"key":"SMITH"},{"data":"Caltrops","floor":15,"key":"SMITH"},{"data":"Apotheosis","floor":23,"key":"SMITH"},{"floor":30,"key":"REST"},{"floor":32,"key":"REST"}],"neow_cost":"NONE","seed_source_timestamp":114623358583153,"circlet_count":0,"master_deck":["Defend_G","Defend_G","Defend_G","Defend_G","Defend_G","Strike_G","Strike_G+1","Strike_G","Strike_G","Strike_G","Survivor","Neutralize","Sucker Punch","Acrobatics","Bouncing Flask+1","Dagger Spray+1","Deadly Poison","Caltrops+1","Well Laid Plans","After Image","Doubt","Writhe","Prepared+1","Apotheosis+1","Deflect","Outmaneuver","Deflect","Flying Knee","Poisoned Stab","Poisoned Stab","A Thousand Cuts","Footwork","Bane","Quick Slash"],"relics":["Ring of the Snake","NeowsBlessing","Du-Vu Doll","Torii","Calipers","Pocketwatch","Question Card","Calling Bell","Oddly Smooth Stone","Sundial","Ginger","The Specimen","Bag of Preparation","Juzu Bracelet","Philosopher\u0027s Stone","Nunchaku","Strange Spoon"],"potions_floor_usage":[16,16,16,29,33,33],"damage_taken":[{"damage":0,"enemies":"2 Louse","floor":1,"turns":1},{"damage":0,"enemies":"Jaw Worm","floor":3,"turns":1},{"damage":0,"enemies":"3 Sentries","floor":6,"turns":1},{"damage":0,"enemies":"Cultist","floor":8,"turns":3},{"damage":2,"enemies":"Looter","floor":10,"turns":3},{"damage":0,"enemies":"2 Fungi Beasts","floor":12,"turns":2},{"damage":24,"enemies":"Gremlin Nob","floor":14,"turns":4},{"damage":26,"enemies":"Slime Boss","floor":16,"turns":13},{"damage":8,"enemies":"Shell Parasite","floor":18,"turns":4},{"damage":27,"enemies":"2 Thieves","floor":22,"turns":4},{"damage":20,"enemies":"Gremlin Leader","floor":25,"turns":6},{"damage":2,"enemies":"Snecko","floor":29,"turns":6},{"damage":13,"enemies":"Centurion and Healer","floor":31,"turns":6},{"damage":1,"enemies":"Champ","floor":33,"turns":13},{"damage":16,"enemies":"3 Darklings","floor":35,"turns":4},{"damage":0,"enemies":"Mind Bloom Boss Battle","floor":36,"turns":5},{"damage":72,"enemies":"Nemesis","floor":40,"turns":6}],"seed_played":"-6390335730052725208","potions_obtained":[{"floor":1,"key":"GamblersBrew"},{"floor":8,"key":"Dexterity Potion"},{"floor":10,"key":"SkillPotion"},{"floor":16,"key":"EssenceOfSteel"},{"floor":22,"key":"GhostInAJar"},{"floor":29,"key":"GhostInAJar"}],"is_trial":false,"path_per_floor":["M","?","M","$","?","E","R","M","T","M","?","M","?","E","R","B",null,"M","?","?","$","M","R","T","E","T","?","$","M","R","M","R","B",null,"M","?","?","?","$","E"],"character_chosen":"THE_SILENT","items_purchased":["Du-Vu Doll","Apotheosis","Deflect","Flying Knee","Strange Spoon","Quick Slash"],"campfire_rested":2,"item_purchase_floors":[4,21,21,28,39,39],"current_hp_per_floor":[70,70,70,70,70,70,70,70,70,68,54,54,54,30,30,4,70,62,62,62,62,35,35,35,15,15,15,15,13,34,21,42,41,70,54,54,54,70,70,0],"gold":9,"neow_bonus":"THREE_ENEMY_KILL","is_prod":false,"is_daily":false,"chose_seed":false,"campfire_upgraded":3,"win_rate":0,"timestamp":1547852259,"path_taken":["M","?","M","$","?","E","R","M","T","?","?","M","?","E","R","BOSS","M","?","?","$","?","R","?","E","T","?","$","M","R","M","R","BOSS","M","?","?","?","$","E"],"build_version":"2019-01-17v2","purchased_purges":0,"victory":false,"max_hp_per_floor":[70,70,70,70,70,70,70,70,70,70,70,70,70,70,70,70,70,70,70,70,70,70,70,70,70,70,70,70,70,70,70,70,70,70,70,70,70,70,70,70],"card_choices":[{"not_picked":["Catalyst","Bane"],"picked":"Sucker Punch","floor":1},{"not_picked":["Concentrate","Sucker Punch"],"picked":"Acrobatics","floor":3},{"not_picked":["Sucker Punch","Dagger Throw"],"picked":"Bouncing Flask","floor":6},{"not_picked":["Finisher","Venomology"],"picked":"Dagger Spray","floor":8},{"not_picked":["Calculated Gamble","Skewer"],"picked":"Deadly Poison","floor":10},{"not_picked":["Underhanded Strike","Dagger Throw"],"picked":"Caltrops","floor":12},{"not_picked":["Flying Knee","Distraction"],"picked":"Well Laid Plans","floor":14},{"not_picked":["Phantasmal Killer","Corpse Explosion","Adrenaline"],"picked":"After Image","floor":16},{"not_picked":["Cloak And Dagger","Bane","PiercingWail"],"picked":"Prepared+1","floor":18},{"not_picked":["Flechettes+1","Backflip","Masterful Stab"],"picked":"Outmaneuver","floor":22},{"not_picked":["Terror","Predator+1","Sucker Punch"],"picked":"Deflect","floor":25},{"not_picked":["Quick Slash+1","Reflex","Endless Agony"],"picked":"Poisoned Stab","floor":29},{"not_picked":["Flying Knee","Expertise","Storm of Steel"],"picked":"Poisoned Stab","floor":31},{"not_picked":["Venomology","After Image","Doppelganger"],"picked":"A Thousand Cuts","floor":33},{"not_picked":["Accuracy","Well Laid Plans+1","Bouncing Flask"],"picked":"Footwork","floor":35},{"not_picked":["Calculated Gamble","Expertise","Outmaneuver+1"],"picked":"Bane","floor":36}],"player_experience":537558,"relics_obtained":[{"floor":6,"key":"Torii"},{"floor":9,"key":"Calipers"},{"floor":14,"key":"Question Card"},{"floor":17,"key":"Oddly Smooth Stone"},{"floor":17,"key":"Sundial"},{"floor":17,"key":"Ginger"},{"floor":24,"key":"The Specimen"},{"floor":25,"key":"Bag of Preparation"},{"floor":26,"key":"Juzu Bracelet"},{"floor":36,"key":"Nunchaku"}],"event_choices":[{"damage_healed":0,"gold_gain":175,"player_choice":"AGREE","damage_taken":0,"max_hp_gain":0,"max_hp_loss":0,"event_name":"Liars Game","floor":2,"gold_loss":0,"cards_obtained":["Doubt"]},{"cards_removed":["Doubt"],"damage_healed":0,"gold_gain":0,"player_choice":"Card Removal","damage_taken":0,"max_hp_gain":0,"max_hp_loss":0,"event_name":"Wheel of Change","floor":5,"gold_loss":0},{"damage_healed":0,"gold_gain":0,"player_choice":"Entered Light","damage_taken":14,"max_hp_gain":0,"max_hp_loss":0,"event_name":"Shining Light","floor":11,"gold_loss":0,"cards_upgraded":["Dagger Spray","Strike_G"]},{"damage_healed":0,"gold_gain":0,"player_choice":"Searched \u00272\u0027 times","damage_taken":0,"relics_obtained":["Pocketwatch"],"max_hp_gain":0,"max_hp_loss":0,"event_name":"Dead Adventurer","floor":13,"gold_loss":0},{"damage_healed":0,"gold_gain":0,"player_choice":"Ignored","damage_taken":0,"max_hp_gain":0,"max_hp_loss":0,"event_name":"Ghosts","floor":19,"gold_loss":0},{"cards_removed":["Regret"],"damage_healed":0,"gold_gain":0,"player_choice":"Elegance","damage_taken":0,"max_hp_gain":0,"max_hp_loss":0,"event_name":"Back to Basics","floor":20,"gold_loss":0},{"damage_healed":0,"gold_gain":0,"player_choice":"Ignored","damage_taken":0,"max_hp_gain":0,"max_hp_loss":0,"event_name":"Beggar","floor":27,"gold_loss":0},{"damage_healed":0,"gold_gain":0,"player_choice":"Fight","damage_taken":0,"max_hp_gain":0,"max_hp_loss":0,"event_name":"MindBloom","floor":36,"gold_loss":0},{"damage_healed":0,"gold_gain":0,"player_choice":"Ignored","damage_taken":0,"max_hp_gain":0,"max_hp_loss":0,"event_name":"Tomb of Lord Red Mask","floor":37,"gold_loss":0},{"damage_healed":16,"gold_gain":0,"player_choice":"Full Heal","damage_taken":0,"max_hp_gain":0,"max_hp_loss":0,"event_name":"Wheel of Change","floor":38,"gold_loss":0}],"is_beta":false,"boss_relics":[{"not_picked":["Runic Dome","Coffee Dripper"],"picked":"Calling Bell"},{"not_picked":["HoveringKite","Empty Cage"],"picked":"Philosopher\u0027s Stone"}],"items_purged_floors":[],"is_endless":false,"potions_floor_spawned":[1,8,10,16,22,29],"killed_by":"Nemesis","ascension_level":1}