{"gold_per_floor":[114,114,129,11,26,26,56,71,71,101,116,116,175,250,250,350,400,415,415,8,8,8,38,53,53],"floor_reached":25,"playtime":1887,"items_purged":[],"score":229,"play_id":"5bc6dd32-641d-4c17-8464-f6a85323fc26","local_time":"20181030202556","daily_mods":["Chimera","Green Cards","Careless"],"is_ascension_mode":false,"campfire_choices":[{"floor":15,"key":"REST"}],"neow_cost":"","seed_source_timestamp":0,"circlet_count":0,"master_deck":["Bash","Survivor+1","Zap","Strike_R+1","Strike_B+1","Defend_R+1","Defend_G+1","Defend_B+1","Anger","Wild Strike","Distraction","Noxious Fumes","Outmaneuver","Twin Strike","After Image","Underhanded Strike","Backflip","Prepared","Corpse Explosion","Dagger Spray","Quick Slash+1","Prepared","Metallicize","Iron Wave","Reaper","Flying Knee"],"special_seed":17834,"relics":["Burning Blood","Lantern","Blue Candle","Question Card","Juzu Bracelet","Tiny House","Unceasing Top","Ice Cream"],"potions_floor_usage":[16,16,23,25],"damage_taken":[{"damage":10,"enemies":"Small Slimes","floor":1,"turns":3},{"damage":6,"enemies":"Cultist","floor":3,"turns":4},{"damage":0,"enemies":"2 Louse","floor":5,"turns":2},{"damage":27,"enemies":"3 Sentries","floor":7,"turns":7},{"damage":18,"enemies":"Lots of Slimes","floor":8,"turns":5},{"damage":18,"enemies":"Gremlin Nob","floor":10,"turns":4},{"damage":24,"enemies":"Gremlin Gang","floor":11,"turns":4},{"damage":18,"enemies":"Hexaghost","floor":16,"turns":9},{"damage":16,"enemies":"Spheric Guardian","floor":18,"turns":6},{"damage":47,"enemies":"Slavers","floor":23,"turns":4},{"damage":18,"enemies":"3 Byrds","floor":24,"turns":3},{"damage":30,"enemies":"Centurion and Healer","floor":25,"turns":3}],"seed_played":"-1635922721403175301","potions_obtained":[{"floor":1,"key":"GamblersBrew"},{"floor":5,"key":"SteroidPotion"},{"floor":11,"key":"LiquidBronze"},{"floor":17,"key":"AttackPotion"},{"floor":23,"key":"Ancient Potion"}],"is_trial":false,"path_per_floor":["M","?","M","$","M","$","E","M","T","E","M","?","?","?","R","B",null,"M","?","$","?","?","E","M"],"character_chosen":"IRONCLAD","items_purchased":["Noxious Fumes","Outmaneuver","Unceasing Top","Metallicize","Iron Wave"],"campfire_rested":1,"item_purchase_floors":[4,4,20,20,20],"current_hp_per_floor":[76,76,76,76,80,80,59,47,47,35,17,17,17,6,30,18,85,75,75,75,75,75,34,22,0],"gold":53,"neow_bonus":"","is_prod":false,"is_daily":true,"chose_seed":false,"campfire_upgraded":0,"win_rate":0,"timestamp":1540945556,"path_taken":["M","?","M","$","?","$","E","?","T","E","?","?","?","?","R","BOSS","M","?","$","?","?","E","M","M"],"build_version":"2018-10-25v2","purchased_purges":0,"victory":false,"max_hp_per_floor":[80,80,80,80,80,80,80,80,80,80,80,80,80,80,80,80,85,85,85,85,85,85,85,85,85],"card_choices":[{"not_picked":["Reflex","Bane"],"picked":"Anger","floor":1},{"not_picked":["Wild Strike","Second Wind"],"picked":"Distraction","floor":3},{"not_picked":["Dagger Throw","Blade Dance"],"picked":"Twin Strike","floor":5},{"not_picked":["Wild Strike","Thunderclap"],"picked":"After Image","floor":7},{"not_picked":["Prepared","Quick Slash"],"picked":"Underhanded Strike","floor":8},{"not_picked":["Flechettes","Predator"],"picked":"Backflip","floor":10},{"not_picked":["Body Slam","Tactician","Backflip"],"picked":"Prepared","floor":11},{"not_picked":["Burst","Immolate","Bludgeon"],"picked":"Corpse Explosion","floor":16},{"not_picked":["Quick Slash","Outmaneuver","Riddle With Holes"],"picked":"Dagger Spray","floor":17},{"not_picked":["Masterful Stab","Thunderclap","Hemokinesis"],"picked":"Quick Slash+1","floor":18},{"not_picked":["Leg Sweep","Sever Soul","Metallicize+1"],"picked":"Reaper","floor":23},{"not_picked":["Sever Soul","Footwork","Sucker Punch+1"],"picked":"Flying Knee","floor":24}],"player_experience":472184,"relics_obtained":[{"floor":7,"key":"Lantern"},{"floor":9,"key":"Blue Candle"},{"floor":10,"key":"Question Card"},{"floor":23,"key":"Ice Cream"}],"event_choices":[{"damage_healed":0,"gold_gain":0,"cards_transformed":["Strike_G"],"player_choice":"Transformed","damage_taken":0,"max_hp_gain":0,"max_hp_loss":0,"event_name":"Transmorgrifier","floor":2,"gold_loss":0,"cards_obtained":["Wild Strike"]},{"damage_healed":0,"gold_gain":0,"player_choice":"Searched \u00271\u0027 times","damage_taken":0,"relics_obtained":["Juzu Bracelet"],"max_hp_gain":0,"max_hp_loss":0,"event_name":"Dead Adventurer","floor":12,"gold_loss":0},{"damage_healed":0,"gold_gain":59,"player_choice":"Gained Gold","damage_taken":0,"max_hp_gain":0,"max_hp_loss":0,"event_name":"Golden Wing","floor":13,"gold_loss":0},{"damage_healed":0,"gold_gain":75,"player_choice":"Gather Gold","damage_taken":11,"max_hp_gain":0,"max_hp_loss":0,"event_name":"World of Goop","floor":14,"gold_loss":0},{"damage_healed":0,"gold_gain":0,"player_choice":"Copied","damage_taken":0,"max_hp_gain":0,"max_hp_loss":0,"event_name":"Duplicator","floor":19,"gold_loss":0,"cards_obtained":["Prepared"]},{"damage_healed":0,"gold_gain":0,"player_choice":"Ignored","damage_taken":0,"max_hp_gain":0,"max_hp_loss":0,"event_name":"Beggar","floor":21,"gold_loss":0},{"damage_healed":0,"gold_gain":0,"player_choice":"Simplicity","damage_taken":0,"max_hp_gain":0,"max_hp_loss":0,"event_name":"Back to Basics","floor":22,"gold_loss":0,"cards_upgraded":["Strike_R","Strike_B","Defend_R","Defend_G","Defend_B"]}],"is_beta":false,"boss_relics":[{"not_picked":["Fusion Hammer","Philosopher\u0027s Stone"],"picked":"Tiny House"}],"items_purged_floors":[],"is_endless":false,"potions_floor_spawned":[1,5,11,23],"killed_by":"Centurion and Healer","ascension_level":0}