{"gold_per_floor":[116,66,66,78,93,124,124,156,456,474,474],"floor_reached":11,"playtime":529,"items_purged":[],"score":87,"play_id":"d3e3dc80-b7ae-40cf-ae35-732850a76c27","local_time":"20190707231213","is_ascension_mode":true,"campfire_choices":[{"floor":7,"key":"REST"}],"neow_cost":"NONE","seed_source_timestamp":142570439609200,"circlet_count":0,"master_deck":["Strike_R","Strike_R","Strike_R","Strike_R","Strike_R","Defend_R","Defend_R","Defend_R","Bash","Spot Weakness","Jack Of All Trades","Clash","Spot Weakness","Heavy Blade","Dual Wield"],"relics":["Fusion Hammer","Gremlin Horn","Prayer Wheel","Old Coin"],"potions_floor_usage":[],"damage_taken":[{"damage":1,"enemies":"Cultist","floor":1,"turns":3},{"damage":7,"enemies":"2 Louse","floor":4,"turns":2},{"damage":1,"enemies":"Jaw Worm","floor":5,"turns":2},{"damage":36,"enemies":"Lagavulin","floor":6,"turns":6},{"damage":39,"enemies":"Gremlin Nob","floor":8,"turns":4},{"damage":12,"enemies":"Blue Slaver","floor":10,"turns":2},{"damage":8,"enemies":"Red Slaver","floor":11,"turns":1}],"seed_played":"4402463144136164199","potions_obtained":[{"floor":1,"key":"SkillPotion"},{"floor":4,"key":"Explosive Potion"},{"floor":5,"key":"FearPotion"}],"is_trial":false,"path_per_floor":["M","?","?","M","M","E","R","E","T","M","M"],"character_chosen":"IRONCLAD","items_purchased":[],"campfire_rested":1,"item_purchase_floors":[],"current_hp_per_floor":[79,79,79,72,71,35,59,20,20,8,0],"gold":474,"neow_bonus":"BOSS_RELIC","is_prod":false,"is_daily":false,"chose_seed":false,"campfire_upgraded":0,"win_rate":0,"timestamp":1562533933,"path_taken":["M","?","?","?","M","E","R","E","T","M","M"],"build_version":"2019-07-05","purchased_purges":0,"victory":false,"max_hp_per_floor":[80,80,80,80,80,80,80,80,80,80,80],"card_choices":[{"not_picked":["Thunderclap","Pommel Strike"],"picked":"Spot Weakness","floor":1},{"not_picked":["Hemokinesis","Armaments"],"picked":"Clash","floor":4},{"not_picked":["Anger","Corruption"],"picked":"Spot Weakness","floor":5},{"not_picked":["Warcry","Offering"],"picked":"Heavy Blade","floor":6},{"not_picked":["Hemokinesis","Headbutt"],"picked":"Dual Wield","floor":8},{"not_picked":["Searing Blow","Warcry","Twin Strike"],"picked":"SKIP","floor":10},{"not_picked":["Perfected Strike","True Grit","Warcry"],"picked":"SKIP","floor":10}],"player_experience":21377,"relics_obtained":[{"floor":6,"key":"Gremlin Horn"},{"floor":8,"key":"Prayer Wheel"},{"floor":9,"key":"Old Coin"}],"event_choices":[{"cards_removed":["Defend_R"],"damage_healed":0,"gold_gain":0,"player_choice":"Card Removal","damage_taken":0,"max_hp_gain":0,"max_hp_loss":0,"event_name":"The Cleric","floor":2,"gold_loss":50},{"damage_healed":0,"gold_gain":0,"player_choice":"1 cards matched","damage_taken":0,"max_hp_gain":0,"max_hp_loss":0,"event_name":"Match and Keep!","floor":3,"gold_loss":0,"cards_obtained":["Jack Of All Trades"]}],"is_beta":false,"boss_relics":[],"items_purged_floors":[],"is_endless":false,"potions_floor_spawned":[1,4,5],"killed_by":"Red Slaver","ascension_level":1}