{"gold_per_floor":[119,119,119,135,153,153,230,244,244,244,255,274,192,210,210,313,313,329,329,349,361,361,361],"floor_reached":23,"playtime":2211,"items_purged":[],"score":185,"play_id":"b6687c79-4bd0-4932-b1f0-64be3e32008b","local_time":"20190706003109","is_ascension_mode":false,"campfire_choices":[{"data":"Shrug It Off","floor":6,"key":"SMITH"},{"data":"Infernal Blade","floor":15,"key":"SMITH"}],"neow_cost":"","seed_source_timestamp":101844722010593,"circlet_count":0,"master_deck":["Strike_R","Strike_R","Strike_R","Strike_R","Defend_R","Defend_R","Defend_R","Defend_R","Bash+1","Intimidate+1","Shrug It Off+1","Shrug It Off","Infernal Blade+1","Rampage","Inflame","Enlightenment","Reaper","Rampage","Flex+1","Iron Wave"],"relics":["Burning Blood","Bag of Marbles","Philosopher\u0027s Stone"],"potions_floor_usage":[16],"damage_taken":[{"damage":6,"enemies":"2 Louse","floor":1,"turns":4},{"damage":0,"enemies":"Small Slimes","floor":4,"turns":4},{"damage":2,"enemies":"Cultist","floor":5,"turns":6},{"damage":0,"enemies":"Blue Slaver","floor":8,"turns":4},{"damage":35,"enemies":"Gremlin Gang","floor":11,"turns":7},{"damage":13,"enemies":"Large Slime","floor":12,"turns":6},{"damage":0,"enemies":"3 Louse","floor":14,"turns":4},{"damage":29,"enemies":"The Guardian","floor":16,"turns":10},{"damage":25,"enemies":"3 Byrds","floor":18,"turns":7},{"damage":13,"enemies":"Chosen","floor":20,"turns":6},{"damage":21,"enemies":"Centurion and Healer","floor":21,"turns":7},{"damage":50,"enemies":"Book of Stabbing","floor":23,"turns":5}],"seed_played":"-3081735251301087156","potions_obtained":[{"floor":4,"key":"FearPotion"},{"floor":11,"key":"Ancient Potion"},{"floor":16,"key":"Energy Potion"},{"floor":18,"key":"Poison Potion"},{"floor":20,"key":"GamblersBrew"}],"is_trial":false,"path_per_floor":["M","?","?","M","M","R","?","M","T","?","M","M","$","M","R","B",null,"M","?","M","M","?","E"],"character_chosen":"IRONCLAD","items_purchased":["Enlightenment"],"campfire_rested":0,"item_purchase_floors":[13],"current_hp_per_floor":[80,80,80,80,80,80,80,80,80,80,51,44,44,50,50,27,80,61,61,60,46,46,0],"gold":361,"neow_bonus":"","is_prod":false,"is_daily":false,"chose_seed":false,"campfire_upgraded":2,"win_rate":0.0,"timestamp":1562409069,"path_taken":["M","?","?","?","M","R","?","M","T","?","M","?","$","M","R","BOSS","M","?","M","M","?","E"],"build_version":"2019-07-05","purchased_purges":0,"victory":false,"max_hp_per_floor":[80,80,80,80,80,80,80,80,80,80,80,80,80,80,80,80,80,80,80,80,80,80,80],"card_choices":[{"not_picked":["Flex","Reckless Charge"],"picked":"Intimidate","floor":1},{"not_picked":["Warcry","Headbutt"],"picked":"Shrug It Off","floor":4},{"not_picked":["True Grit","Clash"],"picked":"Shrug It Off","floor":5},{"not_picked":["Warcry","Disarm","Reckless Charge"],"picked":"SKIP","floor":8},{"not_picked":["Anger","Flex"],"picked":"Rampage","floor":11},{"not_picked":["Seeing Red","Blood for Blood"],"picked":"Inflame","floor":12},{"not_picked":["Dual Wield","Sword Boomerang","Combust"],"picked":"SKIP","floor":14},{"not_picked":["Offering","Berserk"],"picked":"Reaper","floor":16},{"not_picked":["Cleave","Flex"],"picked":"Rampage","floor":18},{"not_picked":["Bloodletting","Battle Trance"],"picked":"Flex+1","floor":20},{"not_picked":["Battle Trance+1","Twin Strike"],"picked":"Iron Wave","floor":21}],"player_experience":0,"relics_obtained":[{"floor":9,"key":"Bag of Marbles"}],"event_choices":[{"damage_healed":0,"gold_gain":0,"player_choice":"Grow","damage_taken":0,"max_hp_gain":0,"max_hp_loss":0,"event_name":"Living Wall","floor":2,"gold_loss":0,"cards_upgraded":["Bash"]},{"damage_healed":0,"gold_gain":0,"player_choice":"Forge","damage_taken":0,"max_hp_gain":0,"max_hp_loss":0,"event_name":"Accursed Blacksmith","floor":3,"gold_loss":0,"cards_upgraded":["Intimidate"]},{"damage_healed":0,"gold_gain":77,"player_choice":"Gained Gold","damage_taken":0,"max_hp_gain":0,"max_hp_loss":0,"event_name":"Golden Wing","floor":7,"gold_loss":0},{"damage_healed":0,"gold_gain":0,"cards_transformed":["Strike_R"],"player_choice":"Transformed","damage_taken":0,"max_hp_gain":0,"max_hp_loss":0,"event_name":"Transmorgrifier","floor":10,"gold_loss":0,"cards_obtained":["Infernal Blade"]},{"damage_healed":0,"gold_gain":0,"player_choice":"Ignored","damage_taken":0,"max_hp_gain":0,"max_hp_loss":0,"event_name":"The Mausoleum","floor":19,"gold_loss":0},{"damage_healed":0,"gold_gain":0,"player_choice":"Ignored","damage_taken":0,"max_hp_gain":0,"max_hp_loss":0,"event_name":"Ghosts","floor":22,"gold_loss":0}],"is_beta":false,"boss_relics":[{"not_picked":["Velvet Choker","Lizard Tail"],"picked":"Philosopher\u0027s Stone"}],"items_purged_floors":[],"is_endless":false,"potions_floor_spawned":[4,11,16,18,20],"killed_by":"Book of Stabbing","ascension_level":0}