{"gold_per_floor":[117,132,132,132,144,144,178,178,178,178,190,204,220,220],"floor_reached":14,"playtime":736,"items_purged":[],"score":101,"play_id":"ec082ae2-c469-4224-8bb7-8a70f7f11158","local_time":"20190710190846","is_ascension_mode":true,"campfire_choices":[{"data":"Reboot","floor":6,"key":"SMITH"},{"floor":8,"key":"REST"}],"neow_cost":"PERCENT_DAMAGE","seed_source_timestamp":28391060753400,"circlet_count":0,"master_deck":["Strike_B","Strike_B","Strike_B","Strike_B","Defend_B","Defend_B","Defend_B","Defend_B","Zap","Dualcast","Hyperbeam+1","Hologram","Stack","Reboot+1","Genetic Algorithm","Turbo","Gash"],"relics":["Cracked Core","Ginger","Girya"],"potions_floor_usage":[],"damage_taken":[{"damage":0,"enemies":"2 Louse","floor":1,"turns":1},{"damage":2,"enemies":"Jaw Worm","floor":2,"turns":3},{"damage":7,"enemies":"Small Slimes","floor":5,"turns":2},{"damage":33,"enemies":"Lagavulin","floor":7,"turns":6},{"damage":12,"enemies":"Exordium Thugs","floor":11,"turns":3},{"damage":0,"enemies":"Large Slime","floor":12,"turns":2},{"damage":21,"enemies":"Lots of Slimes","floor":13,"turns":3},{"damage":26,"enemies":"Gremlin Nob","floor":14,"turns":3}],"seed_played":"-507598579598288585","potions_obtained":[{"floor":5,"key":"Energy Potion"}],"is_trial":false,"path_per_floor":["M","M","?","?","M","R","E","R","T","T","M","M","M","E"],"character_chosen":"DEFECT","items_purchased":[],"campfire_rested":1,"item_purchase_floors":[],"current_hp_per_floor":[54,52,75,75,68,68,35,57,57,57,45,45,24,0],"gold":220,"neow_bonus":"THREE_RARE_CARDS","is_prod":false,"is_daily":false,"chose_seed":false,"campfire_upgraded":1,"win_rate":0,"timestamp":1562778526,"path_taken":["M","M","?","?","M","R","E","R","T","?","M","M","M","E"],"build_version":"2019-07-05","purchased_purges":0,"victory":false,"max_hp_per_floor":[75,75,75,75,75,75,75,75,75,75,75,75,75,75],"card_choices":[{"not_picked":["Creative AI","Thunder Strike"],"picked":"Hyperbeam","floor":0},{"not_picked":["Beam Cell","FTL"],"picked":"Hologram","floor":1},{"not_picked":["Redo","Conserve Battery"],"picked":"Stack","floor":2},{"not_picked":["White Noise","Cold Snap"],"picked":"Reboot","floor":5},{"not_picked":["Streamline","Hologram"],"picked":"Genetic Algorithm","floor":7},{"not_picked":["Steam Power","Ball Lightning"],"picked":"Turbo","floor":11},{"not_picked":["Ball Lightning","Amplify","White Noise"],"picked":"SKIP","floor":12},{"not_picked":["Redo","Streamline"],"picked":"Gash","floor":13}],"player_experience":139989,"relics_obtained":[{"floor":7,"key":"Ginger"},{"floor":9,"key":"Girya"}],"event_choices":[{"damage_healed":25,"gold_gain":0,"player_choice":"Banana","damage_taken":0,"max_hp_gain":0,"max_hp_loss":0,"event_name":"Big Fish","floor":3,"gold_loss":0},{"damage_healed":0,"gold_gain":0,"player_choice":"Grow","damage_taken":0,"max_hp_gain":0,"max_hp_loss":0,"event_name":"Living Wall","floor":4,"gold_loss":0,"cards_upgraded":["Hyperbeam"]}],"is_beta":false,"boss_relics":[],"items_purged_floors":[],"is_endless":false,"potions_floor_spawned":[5],"killed_by":"Gremlin Nob","ascension_level":2}