{"gold_per_floor":[114,2,2,2,2,2,17,17,17,32,62,62,77,92,92,192,242,257,272,287,287,302,302,317,23,23,23],"floor_reached":27,"playtime":2343,"items_purged":[],"score":240,"play_id":"2bf28cbd-748a-4be2-8d10-266bd6b5c992","local_time":"20190103062859","daily_mods":["Specialized","Diverse","DeadlyEvents"],"is_ascension_mode":false,"campfire_choices":[{"data":"Dualcast","floor":6,"key":"SMITH"},{"data":"Dark Shackles","floor":8,"key":"SMITH"},{"data":"Go for the Eyes","floor":12,"key":"SMITH"},{"data":"White Noise","floor":15,"key":"SMITH"},{"floor":23,"key":"REST"}],"neow_cost":"","seed_source_timestamp":0,"circlet_count":0,"master_deck":["Strike_B","Strike_B","Strike_B","Strike_B","Defend_B","Defend_B+1","Defend_B","Defend_B","Zap+1","Dualcast+1","Shrug It Off+1","Shrug It Off+1","Shrug It Off","Shrug It Off","Shrug It Off","Go for the Eyes+1","Dark Shackles+1","Wild Strike","Dagger Spray","Backstab","Reaper","White Noise+1","Sucker Punch","Bullet Time","Cleave","Anger","Dagger Throw","Coolheaded","Storm","Reaper","Bandage Up","Steam"],"special_seed":17899,"relics":["Cracked Core","Sundial","The Courier","Bottled Flame","Tiny House","Symbiotic Virus","Frozen Egg 2"],"potions_floor_usage":[16,20,22,24,24,27],"damage_taken":[{"damage":0,"enemies":"Jaw Worm","floor":1,"turns":4},{"damage":0,"enemies":"2 Louse","floor":7,"turns":2},{"damage":0,"enemies":"Small Slimes","floor":10,"turns":2},{"damage":10,"enemies":"Gremlin Nob","floor":11,"turns":4},{"damage":0,"enemies":"Blue Slaver","floor":13,"turns":2},{"damage":0,"enemies":"Red Slaver","floor":14,"turns":2},{"damage":25,"enemies":"Slime Boss","floor":16,"turns":11},{"damage":3,"enemies":"Chosen","floor":18,"turns":5},{"damage":21,"enemies":"2 Thieves","floor":19,"turns":4},{"damage":23,"enemies":"Chosen and Byrds","floor":20,"turns":7},{"damage":26,"enemies":"Colosseum Slavers","floor":21,"turns":5},{"damage":7,"enemies":"Snake Plant","floor":22,"turns":6},{"damage":44,"enemies":"Cultist and Chosen","floor":24,"turns":9},{"damage":14,"enemies":"Snecko","floor":27,"turns":4}],"seed_played":"6069031500032485637","potions_obtained":[{"floor":1,"key":"FocusPotion"},{"floor":11,"key":"Block Potion"},{"floor":13,"key":"Block Potion"},{"floor":17,"key":"SteroidPotion"},{"floor":22,"key":"SkillPotion"},{"floor":24,"key":"Ancient Potion"}],"is_trial":false,"path_per_floor":["M","$","?","?","?","R","M","R","T","M","E","R","M","M","R","B",null,"M","M","M","?","M","R","M","$","T","M"],"character_chosen":"DEFECT","items_purchased":["Dark Shackles","Wild Strike","Symbiotic Virus","Bandage Up","Steam"],"campfire_rested":1,"item_purchase_floors":[2,2,25,25,25],"current_hp_per_floor":[75,75,68,53,53,53,53,53,53,53,43,43,43,43,43,22,80,77,62,45,25,22,46,5,5,5,0],"gold":23,"neow_bonus":"","is_prod":false,"is_daily":true,"chose_seed":false,"campfire_upgraded":4,"win_rate":0,"timestamp":1546514939,"path_taken":["M","$","?","?","?","R","M","R","T","M","?","R","M","M","R","BOSS","M","M","M","?","?","R","M","$","T","?"],"build_version":"2018-12-20","purchased_purges":0,"victory":false,"max_hp_per_floor":[75,75,75,75,75,75,75,75,75,75,75,75,75,75,75,75,80,80,80,80,80,80,80,80,80,80,80],"card_choices":[{"not_picked":["Cloak And Dagger","Steam"],"picked":"Go for the Eyes","floor":1},{"not_picked":["Catalyst","Cleave"],"picked":"Dagger Spray","floor":7},{"not_picked":["Dagger Spray","Quick Slash"],"picked":"Backstab","floor":10},{"not_picked":["True Grit","Clash"],"picked":"Reaper","floor":11},{"not_picked":["Armaments","Leap"],"picked":"White Noise","floor":13},{"not_picked":["Blade Dance","Redo"],"picked":"Sucker Punch","floor":14},{"not_picked":["Grand Finale","Brutality"],"picked":"Bullet Time","floor":16},{"not_picked":["Disarm","Flying Knee"],"picked":"Cleave","floor":17},{"not_picked":["Cleave","Whirlwind"],"picked":"Anger","floor":18},{"not_picked":["Fusion","Blade Dance+1"],"picked":"Dagger Throw","floor":19},{"not_picked":["Recycle","Rebound"],"picked":"Coolheaded","floor":20},{"not_picked":["Intimidate","Warcry"],"picked":"Storm","floor":22},{"not_picked":["Spot Weakness","Perfected Strike"],"picked":"Reaper","floor":24}],"player_experience":525121,"relics_obtained":[{"floor":9,"key":"The Courier"},{"floor":11,"key":"Bottled Flame"},{"floor":26,"key":"Frozen Egg 2"}],"event_choices":[{"damage_healed":0,"gold_gain":0,"player_choice":"Success","damage_taken":7,"relics_obtained":["Sundial"],"max_hp_gain":0,"max_hp_loss":0,"event_name":"Scrap Ooze","floor":3,"gold_loss":0},{"damage_healed":0,"gold_gain":0,"player_choice":"Entered Light","damage_taken":15,"max_hp_gain":0,"max_hp_loss":0,"event_name":"Shining Light","floor":4,"gold_loss":0,"cards_upgraded":["Shrug It Off","Defend_B"]},{"damage_healed":0,"gold_gain":0,"player_choice":"Grow","damage_taken":0,"max_hp_gain":0,"max_hp_loss":0,"event_name":"Living Wall","floor":5,"gold_loss":0,"cards_upgraded":["Zap"]},{"damage_healed":0,"gold_gain":0,"player_choice":"Fight","damage_taken":0,"max_hp_gain":0,"max_hp_loss":0,"event_name":"Colosseum","floor":21,"gold_loss":0},{"damage_healed":0,"gold_gain":0,"player_choice":"Fled From Nobs","damage_taken":0,"max_hp_gain":0,"max_hp_loss":0,"event_name":"Colosseum","floor":21,"gold_loss":0}],"is_beta":false,"boss_relics":[{"not_picked":["FrozenCore","Philosopher\u0027s Stone"],"picked":"Tiny House"}],"items_purged_floors":[],"is_endless":false,"potions_floor_spawned":[1,11,13,14,22,24],"killed_by":"Snecko","ascension_level":0}