{"gold_per_floor":[365,365,62,62,72,72,100,100,123,123,88,105,105,132,132,206,206,184,201,218,231,250,250,279,279,279,279,169,182,201,211,211,285,285,303,303,303,184,203,229,229,244,244,271,271,271,271,60,60,60,60],"floor_reached":51,"playtime":4446,"items_purged":[],"score":1466,"play_id":"5f4f2faf-cab6-4ea4-98bd-c6601326c2ea","local_time":"20190623222849","is_ascension_mode":true,"campfire_choices":[{"data":"Zap","floor":6.0,"key":"SMITH"},{"floor":8.0,"key":"REST"},{"data":"Defragment","floor":13.0,"key":"SMITH"},{"data":"Hologram","floor":15.0,"key":"SMITH"},{"data":"Machine Learning","floor":23.0,"key":"SMITH"},{"data":"Electrodynamics","floor":25.0,"key":"SMITH"},{"data":"Cold Snap","floor":27.0,"key":"SMITH"},{"data":"Loop","floor":32.0,"key":"SMITH"},{"data":"Echo Form","floor":41.0,"key":"SMITH"},{"data":"Blizzard","floor":45.0,"key":"SMITH"},{"data":"Thunder Strike","floor":47.0,"key":"SMITH"},{"data":"Self Repair","floor":49.0,"key":"SMITH"}],"neow_cost":"PERCENT_DAMAGE","seed_source_timestamp":0,"circlet_count":0,"master_deck":["AscendersBane","Strike_B","Strike_B+1","Strike_B+1","Defend_B+1","Defend_B","Zap+1","Dualcast","Self Repair+1","Hologram+1","Conserve Battery","Defragment+1","Leap","Cold Snap+1","Machine Learning+1","Cold Snap+1","Glacier+1","Self Repair","Leap","Cold Snap+1","Compile Driver+1","FTL","Reboot","Redo+1","Electrodynamics+1","Undo+1","Glacier+1","Loop+1","Rebound+1","Thunder Strike+1","Hologram+1","Defragment+1","Chaos+1","Blizzard+1","Blizzard+1","Cold Snap","Echo Form+1","Coolheaded+1"],"special_seed":0,"relics":["Cracked Core","DataDisk","Question Card","Bag of Marbles","Prayer Wheel","Cursed Key","Whetstone","Toxic Egg 2","Empty Cage","Ornamental Fan","Ancient Tea Set","Runic Capacitor"],"potions_floor_usage":[],"damage_taken":[{"damage":9.0,"enemies":"2 Louse","floor":1.0,"turns":4.0},{"damage":12.0,"enemies":"Small Slimes","floor":5.0,"turns":3.0},{"damage":34.0,"enemies":"Lagavulin","floor":7.0,"turns":7.0},{"damage":7.0,"enemies":"Jaw Worm","floor":12.0,"turns":3.0},{"damage":19.0,"enemies":"3 Sentries","floor":14.0,"turns":7.0},{"damage":42.0,"enemies":"Slime Boss","floor":16.0,"turns":15.0},{"damage":11.0,"enemies":"2 Thieves","floor":18.0,"turns":5.0},{"damage":1.0,"enemies":"Shell Parasite","floor":19.0,"turns":7.0},{"damage":28.0,"enemies":"Shelled Parasite and Fungi","floor":20.0,"turns":8.0},{"damage":21.0,"enemies":"Snake Plant","floor":21.0,"turns":5.0},{"damage":9.0,"enemies":"Sentry and Sphere","floor":22.0,"turns":9.0},{"damage":7.0,"enemies":"Slavers","floor":24.0,"turns":8.0},{"damage":3.0,"enemies":"Chosen and Byrds","floor":29.0,"turns":3.0},{"damage":12.0,"enemies":"Shelled Parasite and Fungi","floor":30.0,"turns":7.0},{"damage":0.0,"enemies":"Snake Plant","floor":31.0,"turns":4.0},{"damage":29.0,"enemies":"Automaton","floor":33.0,"turns":15.0},{"damage":17.0,"enemies":"Orb Walker","floor":35.0,"turns":3.0},{"damage":2.0,"enemies":"3 Shapes","floor":39.0,"turns":5.0},{"damage":29.0,"enemies":"Nemesis","floor":40.0,"turns":9.0},{"damage":20.0,"enemies":"Spire Growth","floor":42.0,"turns":7.0},{"damage":13.0,"enemies":"Giant Head","floor":44.0,"turns":9.0},{"damage":42.0,"enemies":"Time Eater","floor":50.0,"turns":26.0},{"damage":62,"enemies":"Awakened One","floor":51,"turns":4}],"seed_played":"122408889316184162","potions_obtained":[{"floor":12.0,"key":"Block Potion"},{"floor":14.0,"key":"Energy Potion"},{"floor":16.0,"key":"Ancient Potion"},{"floor":19.0,"key":"FocusPotion"},{"floor":21.0,"key":"Ancient Potion"},{"floor":24.0,"key":"GamblersBrew"},{"floor":42.0,"key":"SteroidPotion"},{"floor":44.0,"key":"EssenceOfSteel"}],"is_trial":false,"path_per_floor":["M","?","$","?","M","R","E","R","T","?","?","M","R","E","R","B",null,"M","M","M","M","M","R","E","R","T","R","?","M","M","M","R","B",null,"M","?","?","$","M","E","R","M","T","E","R","?","R","$","R","B","B"],"character_chosen":"DEFECT","items_purchased":["DataDisk","Hologram","Fruit Juice","Chaos+1","Blizzard","Runic Capacitor"],"campfire_rested":1,"item_purchase_floors":[3,3,3,38,38,48],"current_hp_per_floor":[37,30,30,53,53,53,26,48,48,48,67,67,67,55,55,20,62,58,64,50,43,48,48,55,55,55,55,55,59,61,75,75,60,72,62,62,62,62,74,59,59,53,53,68,68,68,68,68,68,60,0],"gold":60,"neow_bonus":"TWO_FIFTY_GOLD","is_prod":false,"is_daily":false,"chose_seed":false,"campfire_upgraded":11,"win_rate":0,"timestamp":1561354129,"path_taken":["M","?","$","?","M","R","E","R","T","?","?","M","R","E","R","BOSS","M","M","M","M","M","R","E","R","T","R","?","M","M","M","R","BOSS","M","?","?","$","M","E","R","?","T","E","R","?","R","?","R","BOSS","BOSS"],"build_version":"2019-01-23","purchased_purges":0,"victory":false,"max_hp_per_floor":[71,71,71,71,76,76,76,76,76,76,76,76,76,76,76,76,76,76,76,76,76,76,76,76,76,76,76,76,76,76,76,76,76,76,76,76,76,76,76,76,76,76,76,76,76,76,76,76,76,76,76],"card_choices":[{"not_picked":["Gash","Conserve Battery"],"picked":"Self Repair","floor":1.0},{"not_picked":["Hello World","Redo"],"picked":"Conserve Battery","floor":5.0},{"not_picked":["Barrage","Hologram"],"picked":"Defragment","floor":7.0},{"not_picked":["Barrage","Compile Driver","Gash"],"picked":"Leap","floor":12.0},{"not_picked":["Storm","Redo","Steam"],"picked":"Cold Snap","floor":14.0},{"not_picked":["Buffer","Seek","Creative AI"],"picked":"Machine Learning","floor":16.0},{"not_picked":["Lockon","Turbo","Redo"],"picked":"Cold Snap+1","floor":18.0},{"not_picked":["Ball Lightning","Consume","Streamline"],"picked":"Glacier+1","floor":18.0},{"not_picked":["Go for the Eyes","Leap","Turbo"],"picked":"Self Repair","floor":19.0},{"not_picked":["Auto Shields+1","Streamline","Stack"],"picked":"Leap","floor":19.0},{"not_picked":["Gash+1","Machine Learning","BootSequence"],"picked":"Cold Snap+1","floor":20.0},{"not_picked":["Sunder","Static Discharge","Redo"],"picked":"Compile Driver+1","floor":20.0},{"not_picked":["Sweeping Beam","Redo","Compile Driver"],"picked":"FTL","floor":21.0},{"not_picked":["Gash+1","Stack","Chaos"],"picked":"Reboot","floor":21.0},{"not_picked":["Scrape","Doom and Gloom","Heatsinks"],"picked":"Redo+1","floor":22.0},{"not_picked":["Beam Cell","Hologram","Conserve Battery","Streamline"],"picked":"SKIP","floor":22.0},{"not_picked":["Beam Cell","Hologram","Conserve Battery","Streamline"],"picked":"SKIP","floor":22.0},{"not_picked":["Sunder","Redo","Glacier"],"picked":"Electrodynamics","floor":24.0},{"not_picked":["Double Energy+1","Cold Snap+1","Melter"],"picked":"Undo+1","floor":29.0},{"not_picked":["Stack+1","Steam+1","Fusion+1","Sweeping Beam"],"picked":"SKIP","floor":29.0},{"not_picked":["Heatsinks","Hello World","Gash"],"picked":"Glacier+1","floor":30.0},{"not_picked":["Self Repair","Streamline","Double Energy+1","Stack+1"],"picked":"SKIP","floor":30.0},{"not_picked":["Blizzard","Gash","Coolheaded+1"],"picked":"Loop","floor":31.0},{"not_picked":["Leap+1","Machine Learning","Fusion+1"],"picked":"Rebound+1","floor":31.0},{"not_picked":["Biased Cognition","Fission+1","Seek+1"],"picked":"Thunder Strike","floor":33.0},{"not_picked":["Beam Cell","Recycle+1","Barrage+1"],"picked":"Hologram+1","floor":35.0},{"not_picked":["Compile Driver","Streamline","Recycle+1","Undo+1"],"picked":"SKIP","floor":35.0},{"not_picked":["Redo+1","Undo+1","Rip and Tear"],"picked":"Blizzard+1","floor":39.0},{"not_picked":["Conserve Battery+1","Leap+1","Sunder"],"picked":"Cold Snap","floor":39.0},{"not_picked":["Rip and Tear","Redo+1","Steam+1"],"picked":"Echo Form","floor":40.0},{"not_picked":["Barrage","Sweeping Beam","Steam+1"],"picked":"Coolheaded+1","floor":42.0},{"not_picked":["Stack+1","Beam Cell","Steam+1","Consume+1"],"picked":"SKIP","floor":42.0},{"not_picked":["Recycle+1","Coolheaded+1","Turbo+1","Lockon"],"picked":"SKIP","floor":44.0}],"player_experience":857613,"relics_obtained":[{"floor":7.0,"key":"Question Card"},{"floor":9.0,"key":"Bag of Marbles"},{"floor":14.0,"key":"Prayer Wheel"},{"floor":24.0,"key":"Whetstone"},{"floor":26.0,"key":"Toxic Egg 2"},{"floor":40.0,"key":"Ornamental Fan"},{"floor":44.0,"key":"Ancient Tea Set"}],"event_choices":[{"cards_removed":["Strike_B"],"damage_healed":0.0,"max_hp_gain":0.0,"max_hp_loss":0.0,"gold_gain":0.0,"event_name":"Golden Wing","player_choice":"Card Removal","floor":2.0,"gold_loss":0.0,"damage_taken":7.0},{"damage_healed":23.0,"max_hp_gain":0.0,"max_hp_loss":0.0,"gold_gain":0.0,"event_name":"Big Fish","player_choice":"Banana","floor":4.0,"gold_loss":0.0,"damage_taken":0.0},{"damage_healed":0.0,"max_hp_gain":0.0,"max_hp_loss":0.0,"gold_gain":0.0,"event_name":"Dead Adventurer","player_choice":"Searched \u00270\u0027 times","floor":10.0,"gold_loss":0.0,"damage_taken":0.0},{"damage_healed":19.0,"max_hp_gain":0.0,"max_hp_loss":0.0,"gold_gain":0.0,"event_name":"The Cleric","player_choice":"Healed","floor":11.0,"gold_loss":35.0,"damage_taken":0.0},{"cards_removed":["Regret"],"damage_healed":0.0,"max_hp_gain":0.0,"max_hp_loss":0.0,"gold_gain":0.0,"event_name":"Designer","player_choice":"Upgrade and Remove","floor":28.0,"gold_loss":110.0,"damage_taken":0.0,"cards_upgraded":["Defend_B"]},{"damage_healed":0.0,"max_hp_gain":0.0,"max_hp_loss":0.0,"gold_gain":0.0,"event_name":"Mysterious Sphere","player_choice":"Ignored","floor":36.0,"gold_loss":0.0,"damage_taken":0.0},{"damage_healed":0.0,"max_hp_gain":0.0,"max_hp_loss":0.0,"gold_gain":0.0,"event_name":"Duplicator","player_choice":"Copied","floor":37.0,"gold_loss":0.0,"damage_taken":0.0,"cards_obtained":["Defragment"]},{"damage_healed":0.0,"max_hp_gain":0.0,"max_hp_loss":0.0,"gold_gain":0.0,"event_name":"Tomb of Lord Red Mask","player_choice":"Ignored","floor":46.0,"gold_loss":0.0,"damage_taken":0.0}],"is_beta":false,"boss_relics":[{"not_picked":["Inserter","Black Star"],"picked":"Cursed Key"},{"not_picked":["Runic Pyramid","FrozenCore"],"picked":"Empty Cage"}],"items_purged_floors":[],"is_endless":false,"potions_floor_spawned":[12,14,16,19,21,22,24,42,44],"killed_by":"Awakened One","ascension_level":20}