{"gold_per_floor":[138,288,320,352,1,59,59,88,134,134,196,196,196,236,236,310,310,327,114,39,39,59,59,99,99,99,99,140,140,200,200,200,299,299,319,319,350,350,0,0,57,57,57,57,94,94,94,120,120,120],"floor_reached":50,"playtime":3593,"items_purged":["Doubt","Strike_G"],"score":1076,"play_id":"a0f2ba9a-00b7-4436-b0ed-8511cb4d76dd","local_time":"20190616130114","is_ascension_mode":true,"campfire_choices":[{"floor":7.0,"key":"REST"},{"floor":10.0,"key":"REST"},{"floor":15.0,"key":"REST"},{"floor":23.0,"key":"REST"},{"data":"Apotheosis","floor":25.0,"key":"SMITH"},{"floor":27.0,"key":"REST"},{"data":"Noxious Fumes","floor":29.0,"key":"SMITH"},{"floor":32.0,"key":"REST"},{"floor":40.0,"key":"REST"},{"floor":42.0,"key":"REST"},{"floor":47.0,"key":"REST"},{"floor":49.0,"key":"REST"}],"neow_cost":"CURSE","seed_source_timestamp":308873871067424,"circlet_count":0,"master_deck":["AscendersBane","Defend_G","Defend_G+1","Defend_G","Strike_G","Strike_G","Strike_G","Survivor","Neutralize","Enlightenment+1","HandOfGreed","Noxious Fumes+1","Calculated Gamble","Leg Sweep","Apotheosis+1","A Thousand Cuts","Wraith Form v2","Dash","Cloak And Dagger","Burst","Flying Knee+1","Cloak And Dagger+1","Phantasmal Killer","Cloak And Dagger","Calculated Gamble+1","Well Laid Plans","Corpse Explosion","Bane","Backstab","Trip","Noxious Fumes"],"special_seed":0,"relics":["Ring of the Serpent","Shuriken","Juzu Bracelet","Smiling Mask","War Paint","Spirit Poop","Bronze Scales","Gremlin Horn","Bag of Marbles","Sozu","Red Mask","Ancient Tea Set","Letter Opener","Mummified Hand"],"potions_floor_usage":[],"damage_taken":[{"damage":7.0,"enemies":"Jaw Worm","floor":1.0,"turns":4.0},{"damage":8.0,"enemies":"Small Slimes","floor":3.0,"turns":5.0},{"damage":6.0,"enemies":"Cultist","floor":4.0,"turns":5.0},{"damage":33.0,"enemies":"3 Sentries","floor":6.0,"turns":9.0},{"damage":8.0,"enemies":"Lagavulin","floor":8.0,"turns":7.0},{"damage":1.0,"enemies":"Gremlin Gang","floor":11.0,"turns":8.0},{"damage":1.0,"enemies":"Blue Slaver","floor":14.0,"turns":7.0},{"damage":4.0,"enemies":"Hexaghost","floor":16.0,"turns":9.0},{"damage":6.0,"enemies":"Spheric Guardian","floor":18.0,"turns":6.0},{"damage":15.0,"enemies":"2 Thieves","floor":21.0,"turns":4.0},{"damage":6.0,"enemies":"Snake Plant","floor":22.0,"turns":5.0},{"damage":10.0,"enemies":"Centurion and Healer","floor":24.0,"turns":9.0},{"damage":7.0,"enemies":"3 Cultists","floor":28.0,"turns":4.0},{"damage":24.0,"enemies":"Slavers","floor":30.0,"turns":5.0},{"damage":14.0,"enemies":"Champ","floor":33.0,"turns":11.0},{"damage":19.0,"enemies":"3 Darklings","floor":35.0,"turns":4.0},{"damage":3.0,"enemies":"3 Shapes","floor":37.0,"turns":3.0},{"damage":35.0,"enemies":"Nemesis","floor":41.0,"turns":7.0},{"damage":1.0,"enemies":"Jaw Worm Horde","floor":45.0,"turns":4.0},{"damage":7.0,"enemies":"Giant Head","floor":48.0,"turns":8.0},{"damage":82,"enemies":"Time Eater","floor":50,"turns":8}],"seed_played":"-354524622402214427","potions_obtained":[{"floor":4.0,"key":"Dexterity Potion"},{"floor":11.0,"key":"Swift Potion"},{"floor":14.0,"key":"FearPotion"},{"floor":18.0,"key":"Dexterity Potion"},{"floor":22.0,"key":"SpeedPotion"},{"floor":28.0,"key":"Poison Potion"}],"is_trial":false,"path_per_floor":["M","?","M","M","$","E","R","E","T","R","M","?","?","M","R","B",null,"M","$","?","M","M","R","M","R","T","R","M","R","E","?","R","B",null,"M","?","M","?","?","R","E","R","T","?","M","?","R","E","R","B"],"character_chosen":"THE_SILENT","items_purchased":["Apotheosis","A Thousand Cuts","Bronze Scales"],"campfire_rested":10,"item_purchase_floors":[5,5,19],"current_hp_per_floor":[52,52,44,38,38,5,24,16,16,35,34,34,34,33,52,48,62,56,56,56,41,35,54,44,44,44,63,56,56,32,32,51,37,59,40,40,37,37,37,56,21,40,40,40,39,39,58,51,66,0],"gold":120,"neow_bonus":"RANDOM_COLORLESS_2","is_prod":false,"is_daily":false,"chose_seed":false,"campfire_upgraded":2,"win_rate":0,"timestamp":1560715274,"path_taken":["M","?","M","M","$","E","R","E","T","R","M","?","?","M","R","BOSS","M","$","?","M","M","R","M","R","T","R","M","R","E","?","R","BOSS","M","?","M","?","?","R","E","R","T","?","M","?","R","E","R","BOSS"],"build_version":"2019-01-23","purchased_purges":2,"victory":false,"max_hp_per_floor":[66,66,66,66,66,66,66,66,66,66,66,66,66,66,66,66,66,66,66,66,66,66,66,66,66,66,66,66,66,66,66,66,66,66,66,66,66,66,66,66,66,66,66,66,66,66,66,66,66,66],"card_choices":[{"not_picked":["Slice","Catalyst"],"picked":"Noxious Fumes","floor":1.0},{"not_picked":["Outmaneuver","PiercingWail"],"picked":"Calculated Gamble","floor":3.0},{"not_picked":["Sucker Punch","Blade Dance"],"picked":"Leg Sweep","floor":4.0},{"not_picked":["Underhanded Strike","Slice"],"picked":"Bane","floor":6.0},{"not_picked":["Endless Agony","Bouncing Flask"],"picked":"Wraith Form v2","floor":8.0},{"not_picked":["Well Laid Plans","Flying Knee"],"picked":"Dash","floor":11.0},{"not_picked":["Catalyst","Reflex"],"picked":"Cloak And Dagger","floor":14.0},{"not_picked":["Venomology","Grand Finale"],"picked":"Burst","floor":16.0},{"not_picked":["Crippling Poison","Blade Dance"],"picked":"Flying Knee+1","floor":18.0},{"not_picked":["Quick Slash","Dagger Spray"],"picked":"Cloak And Dagger+1","floor":21.0},{"not_picked":["Flying Knee","Dagger Spray","Acrobatics"],"picked":"SKIP","floor":22.0},{"not_picked":["Dagger Throw","Quick Slash"],"picked":"Phantasmal Killer","floor":24.0},{"not_picked":["Masterful Stab","PiercingWail"],"picked":"Cloak And Dagger","floor":28.0},{"not_picked":["Masterful Stab","Deadly Poison"],"picked":"Calculated Gamble+1","floor":30.0},{"not_picked":["Glass Knife","A Thousand Cuts"],"picked":"Corpse Explosion","floor":33.0},{"not_picked":["Slice","Acrobatics+1","Calculated Gamble"],"picked":"SKIP","floor":35.0},{"not_picked":["Blade Dance+1","Reflex"],"picked":"Bane","floor":37.0},{"not_picked":["Accuracy","Sucker Punch"],"picked":"Backstab","floor":41.0},{"not_picked":["Secret Weapon","Dramatic Entrance"],"picked":"Trip","floor":44.0},{"not_picked":["All Out Attack","Poisoned Stab"],"picked":"Noxious Fumes","floor":45.0},{"not_picked":["Reflex+1","Tactician","Expertise"],"picked":"SKIP","floor":48.0}],"player_experience":832370,"relics_obtained":[{"floor":6.0,"key":"Shuriken"},{"floor":8.0,"key":"Juzu Bracelet"},{"floor":9.0,"key":"Smiling Mask"},{"floor":26.0,"key":"Gremlin Horn"},{"floor":30.0,"key":"Bag of Marbles"},{"floor":41.0,"key":"Ancient Tea Set"},{"floor":43.0,"key":"Letter Opener"},{"floor":48.0,"key":"Mummified Hand"}],"event_choices":[{"damage_healed":0.0,"max_hp_gain":0.0,"max_hp_loss":0.0,"gold_gain":150.0,"event_name":"Liars Game","player_choice":"AGREE","floor":2.0,"gold_loss":0.0,"damage_taken":0.0,"cards_obtained":["Doubt"]},{"damage_healed":0.0,"max_hp_gain":0.0,"max_hp_loss":0.0,"gold_gain":0.0,"event_name":"WeMeetAgain","player_choice":"Gave Potion","floor":12.0,"gold_loss":0.0,"damage_taken":0.0,"relics_obtained":["War Paint"]},{"cards_removed":["Doubt"],"damage_healed":0.0,"max_hp_gain":0.0,"max_hp_loss":0.0,"gold_gain":0.0,"event_name":"Bonfire Elementals","player_choice":"Offered Curse","floor":13.0,"gold_loss":0.0,"damage_taken":0.0,"relics_obtained":["Spirit Poop"]},{"cards_removed":["Strike_G"],"damage_healed":0.0,"max_hp_gain":0.0,"max_hp_loss":0.0,"gold_gain":0.0,"event_name":"Beggar","player_choice":"Gave Gold","floor":20.0,"gold_loss":75.0,"damage_taken":0.0},{"damage_healed":0.0,"max_hp_gain":0.0,"max_hp_loss":0.0,"gold_gain":0.0,"cards_transformed":["Defend_G"],"event_name":"Transmorgrifier","player_choice":"Transformed","floor":31.0,"gold_loss":0.0,"damage_taken":0.0,"cards_obtained":["Well Laid Plans"]},{"cards_removed":["Bane"],"damage_healed":0.0,"max_hp_gain":0.0,"max_hp_loss":0.0,"gold_gain":0.0,"event_name":"Falling","player_choice":"Removed Attack","floor":36.0,"gold_loss":0.0,"damage_taken":0.0},{"cards_removed":["Defend_G"],"damage_healed":0.0,"max_hp_gain":0.0,"max_hp_loss":0.0,"gold_gain":0.0,"event_name":"Purifier","player_choice":"Purged","floor":38.0,"gold_loss":0.0,"damage_taken":0.0},{"damage_healed":0.0,"max_hp_gain":0.0,"max_hp_loss":0.0,"gold_gain":0.0,"event_name":"Tomb of Lord Red Mask","player_choice":"Paid","floor":39.0,"gold_loss":350.0,"damage_taken":0.0,"relics_obtained":["Red Mask"]},{"damage_healed":0.0,"max_hp_gain":0.0,"max_hp_loss":0.0,"gold_gain":0.0,"event_name":"SensoryStone","player_choice":"Memory 1","floor":44.0,"gold_loss":0.0,"damage_taken":0.0},{"damage_healed":0.0,"max_hp_gain":0.0,"max_hp_loss":0.0,"gold_gain":0.0,"event_name":"Lab","player_choice":"Got Potions","floor":46.0,"gold_loss":0.0,"damage_taken":0.0}],"is_beta":false,"boss_relics":[{"not_picked":["Cursed Key","WristBlade"],"picked":"Ring of the Serpent"},{"not_picked":["Empty Cage","Eternal Feather"],"picked":"Sozu"}],"items_purged_floors":[5,19],"is_endless":false,"potions_floor_spawned":[4,11,14,18,22,28,37,45],"killed_by":"Time Eater","ascension_level":20}