{"gold_per_floor":[144,144,144,25,74,172,221,319,319,417,466,515,515],"floor_reached":13,"playtime":1141,"items_purged":[],"score":130,"play_id":"87a11d2f-eae4-42bd-bca1-18056b03de05","local_time":"20190428211006","daily_mods":["Specialized","Diverse","Midas"],"is_ascension_mode":false,"campfire_choices":[],"neow_cost":"","seed_source_timestamp":0,"circlet_count":0,"master_deck":["Strike_B","Strike_B","Strike_B","Strike_B","Defend_B","Defend_B","Defend_B","Defend_B","Zap","Dualcast","Ghostly Armor","Ghostly Armor","Ghostly Armor","Ghostly Armor","Caltrops","Evolve","Injury","Trip","Storm","Cloak And Dagger","White Noise","Iron Wave","Berserk","Body Slam","Escape Plan","Gash"],"special_seed":18015,"relics":["Cracked Core","Golden Idol","Dodecahedron","Ice Cream","Kunai","Bottled Tornado"],"potions_floor_usage":[10,13],"damage_taken":[{"damage":0,"enemies":"2 Louse","floor":1,"turns":3},{"damage":0,"enemies":"Small Slimes","floor":5,"turns":4},{"damage":8,"enemies":"3 Sentries","floor":6,"turns":9},{"damage":0,"enemies":"Jaw Worm","floor":7,"turns":4},{"damage":20,"enemies":"Lagavulin","floor":8,"turns":8},{"damage":16,"enemies":"Gremlin Nob","floor":10,"turns":5},{"damage":20,"enemies":"Gremlin Gang","floor":11,"turns":5},{"damage":2,"enemies":"Blue Slaver","floor":12,"turns":5},{"damage":11,"enemies":"Lots of Slimes","floor":13,"turns":1}],"seed_played":"4237710228146446790","potions_obtained":[{"floor":8,"key":"Strength Potion"},{"floor":11,"key":"PowerPotion"},{"floor":12,"key":"SpeedPotion"}],"is_trial":false,"path_per_floor":["M","?","?","$","M","E","M","E","T","E","M","M","M"],"character_chosen":"DEFECT","items_purchased":["Trip","Storm"],"campfire_rested":0,"item_purchase_floors":[4,4],"current_hp_per_floor":[75,75,75,75,75,67,67,47,47,31,11,9,0],"gold":515,"neow_bonus":"","is_prod":false,"is_daily":true,"chose_seed":false,"campfire_upgraded":0,"win_rate":0,"timestamp":1556500206,"path_taken":["M","?","?","$","M","E","M","E","T","E","M","?","?"],"build_version":"2019-01-23","purchased_purges":0,"victory":false,"max_hp_per_floor":[75,75,75,75,75,75,75,75,75,75,75,75,75],"card_choices":[{"not_picked":["Slice","Havoc"],"picked":"Caltrops","floor":1},{"not_picked":["Armaments","Predator"],"picked":"Cloak And Dagger","floor":5},{"not_picked":["Catalyst","Machine Learning"],"picked":"White Noise","floor":6},{"not_picked":["Disarm","Sucker Punch"],"picked":"Iron Wave","floor":7},{"not_picked":["Pummel","Loop"],"picked":"Berserk","floor":8},{"not_picked":["Steam","Beam Cell"],"picked":"Body Slam","floor":10},{"not_picked":["Searing Blow","Lockon"],"picked":"Escape Plan","floor":11},{"not_picked":["Prepared","Beam Cell"],"picked":"Gash","floor":12}],"player_experience":622393,"relics_obtained":[{"floor":6,"key":"Dodecahedron"},{"floor":8,"key":"Ice Cream"},{"floor":9,"key":"Kunai"},{"floor":10,"key":"Bottled Tornado"}],"event_choices":[{"damage_healed":0,"gold_gain":0,"cards_transformed":["Ghostly Armor"],"player_choice":"Change","damage_taken":0,"max_hp_gain":0,"max_hp_loss":0,"event_name":"Living Wall","floor":2,"gold_loss":0,"cards_obtained":["Evolve"]},{"damage_healed":0,"gold_gain":0,"player_choice":"Take Wound","damage_taken":0,"relics_obtained":["Golden Idol"],"max_hp_gain":0,"max_hp_loss":0,"event_name":"Golden Idol","floor":3,"gold_loss":0,"cards_obtained":["Injury"]}],"is_beta":false,"boss_relics":[],"items_purged_floors":[],"is_endless":false,"potions_floor_spawned":[8,11,12],"killed_by":"Lots of Slimes","ascension_level":0}