{"gold_per_floor":[13,163,238,238,251,285,285,299,322,322,349,367,367,140,140,212,212,223,223,43,63,63],"floor_reached":22,"playtime":881,"items_purged":[],"score":384,"play_id":"7047f3ce-9bf0-4d62-b675-1b3a1a37370f","local_time":"20190608150657","is_ascension_mode":true,"campfire_choices":[{"data":"Infernal Blade","floor":7.0,"key":"SMITH"},{"floor":10.0,"key":"REST"},{"data":"Havoc","floor":13.0,"key":"SMITH"},{"data":"Spot Weakness","floor":15.0,"key":"SMITH"}],"neow_cost":"NO_GOLD","seed_source_timestamp":266057601583836,"circlet_count":0,"master_deck":["AscendersBane","Strike_R","Strike_R","Strike_R","Strike_R","Defend_R","Defend_R","Defend_R","Bash","Infernal Blade+1","Dark Embrace","Sever Soul","Regret","Twin Strike","Blood for Blood","Shrug It Off","Spot Weakness+1","Havoc+1","Barricade","Anger","Apotheosis","Warcry"],"special_seed":0,"relics":["Burning Blood","Blood Vial","Gremlin Horn","Potion Belt","Red Skull","Toolbox","Fusion Hammer"],"potions_floor_usage":[],"damage_taken":[{"damage":8.0,"enemies":"2 Louse","floor":1.0,"turns":2.0},{"damage":7.0,"enemies":"Jaw Worm","floor":5.0,"turns":3.0},{"damage":38.0,"enemies":"Lagavulin","floor":6.0,"turns":6.0},{"damage":2.0,"enemies":"Small Slimes","floor":8.0,"turns":2.0},{"damage":10.0,"enemies":"Gremlin Nob","floor":11.0,"turns":3.0},{"damage":10.0,"enemies":"Red Slaver","floor":12.0,"turns":3.0},{"damage":50,"enemies":"Hexaghost","floor":16,"turns":8},{"damage":34,"enemies":"Chosen","floor":18,"turns":6},{"damage":14,"enemies":"2 Thieves","floor":21,"turns":3},{"damage":29,"enemies":"Snecko","floor":22,"turns":3}],"seed_played":"-5183345083891557240","potions_obtained":[{"floor":5.0,"key":"AttackPotion"},{"floor":6.0,"key":"Fire Potion"},{"floor":8.0,"key":"SteroidPotion"},{"floor":21,"key":"SpeedPotion"}],"is_trial":false,"path_per_floor":["M","?","?","?","M","E","R","M","T","R","E","M","R","$","R","B",null,"M","?","$","M","M"],"character_chosen":"IRONCLAD","items_purchased":["Toolbox","Apotheosis"],"campfire_rested":1,"item_purchase_floors":[14,20],"current_hp_per_floor":[66,66,55,55,56,26,26,32,32,54,52,50,50,50,50,8,58,32,32,32,26,0],"gold":63,"neow_bonus":"TRANSFORM_TWO_CARDS","is_prod":false,"is_daily":false,"chose_seed":false,"campfire_upgraded":3,"win_rate":0,"timestamp":1560031617,"path_taken":["M","?","?","?","M","E","R","M","T","R","E","M","R","?","R","BOSS","M","?","$","?","M"],"build_version":"2019-01-23","purchased_purges":0,"victory":false,"max_hp_per_floor":[75,75,75,75,75,75,75,75,75,75,75,75,75,75,75,75,75,75,75,75,75,75],"card_choices":[{"not_picked":["Wild Strike","Clothesline"],"picked":"Sever Soul","floor":1.0},{"not_picked":["Perfected Strike","Corruption"],"picked":"Twin Strike","floor":5.0},{"not_picked":["Twin Strike","Body Slam"],"picked":"Blood for Blood","floor":6.0},{"not_picked":["Evolve","Thunderclap"],"picked":"Shrug It Off","floor":8.0},{"not_picked":["Shockwave","Body Slam"],"picked":"Spot Weakness","floor":11.0},{"not_picked":["Fire Breathing","Body Slam"],"picked":"Havoc","floor":12.0},{"not_picked":["Limit Break","Exhume"],"picked":"Barricade","floor":16},{"not_picked":["Burning Pact","Rupture"],"picked":"Anger","floor":18},{"not_picked":["Iron Wave","Perfected Strike"],"picked":"Warcry","floor":21}],"player_experience":811408,"relics_obtained":[{"floor":6.0,"key":"Gremlin Horn"},{"floor":9.0,"key":"Potion Belt"},{"floor":11.0,"key":"Red Skull"}],"event_choices":[{"damage_healed":0.0,"max_hp_gain":0.0,"max_hp_loss":0.0,"gold_gain":150.0,"event_name":"Liars Game","player_choice":"AGREE","floor":2.0,"gold_loss":0.0,"damage_taken":0.0,"cards_obtained":["Doubt"]},{"damage_healed":0.0,"max_hp_gain":0.0,"max_hp_loss":0.0,"gold_gain":75.0,"event_name":"World of Goop","player_choice":"Gather Gold","floor":3.0,"gold_loss":0.0,"damage_taken":11.0},{"damage_healed":0.0,"max_hp_gain":0.0,"max_hp_loss":0.0,"gold_gain":0.0,"event_name":"Big Fish","player_choice":"Box","floor":4.0,"gold_loss":0.0,"damage_taken":0.0,"relics_obtained":["Blood Vial"],"cards_obtained":["Regret"]},{"cards_removed":["Doubt"],"damage_healed":0,"gold_gain":0,"player_choice":"Purged","damage_taken":0,"max_hp_gain":0,"max_hp_loss":0,"event_name":"Purifier","floor":19,"gold_loss":0}],"is_beta":false,"boss_relics":[{"not_picked":["Eternal Feather","White Beast Statue"],"picked":"Fusion Hammer"}],"items_purged_floors":[],"is_endless":false,"potions_floor_spawned":[5,6,8,21],"killed_by":"Snecko","ascension_level":20}