{"gold_per_floor":[114,129,129,129,144,159,159,159,159,159,174,9,24,39,39,39],"floor_reached":16,"playtime":690,"items_purged":[],"score":144,"play_id":"979637d5-8006-461f-b1bf-9c46d6c7ab3f","local_time":"20181115213258","daily_mods":["Insanity","Red Cards","Lethality"],"is_ascension_mode":false,"campfire_choices":[{"data":"Flex","floor":8,"key":"SMITH"},{"data":"Dagger Spray","floor":10,"key":"SMITH"},{"data":"Perfected Strike","floor":15,"key":"SMITH"}],"neow_cost":"","seed_source_timestamp":0,"circlet_count":0,"master_deck":["Masterful Stab","Flex+1","Poisoned Stab","Deflect","Dagger Spray+1","Battle Trance","Slice","Cleave","Clothesline","Anger","Combust","Anger","Dodge and Roll","Searing Blow","Perfected Strike","Flex","Warcry","Dodge and Roll","Wild Strike","Corruption+1","Perfected Strike+1","Acrobatics","Poisoned Stab","Dagger Throw","Quick Slash","Bane","Expertise","Sucker Punch","Sword Boomerang","Deadly Poison","Twin Strike","Clash","Tactician","Skewer","Sword Boomerang","Armaments","Disarm","Bane","Second Wind","Cloak And Dagger","Cleave","Body Slam","Havoc","Sucker Punch","Calculated Gamble","Iron Wave","Finisher","Escape Plan","Twin Strike","Backflip","Slice","Dagger Spray","Wild Strike","Accuracy","Parasite","Outmaneuver","Rupture","Entrench","Prepared","Wild Strike","Caltrops"],"special_seed":17851,"relics":["Ring of the Snake","Bag of Marbles"],"potions_floor_usage":[16,16],"damage_taken":[{"damage":0,"enemies":"2 Louse","floor":1,"turns":1},{"damage":0,"enemies":"Cultist","floor":2,"turns":1},{"damage":6,"enemies":"Small Slimes","floor":5,"turns":2},{"damage":5,"enemies":"2 Fungi Beasts","floor":6,"turns":2},{"damage":15,"enemies":"Blue Slaver","floor":11,"turns":2},{"damage":0,"enemies":"Looter","floor":13,"turns":1},{"damage":2,"enemies":"Large Slime","floor":14,"turns":3},{"damage":56,"enemies":"The Guardian","floor":16,"turns":5}],"seed_played":"6904533978699419916","potions_obtained":[{"floor":1,"key":"GamblersBrew"},{"floor":5,"key":"LiquidBronze"},{"floor":14,"key":"Energy Potion"}],"is_trial":false,"path_per_floor":["M","M","?","?","M","M","?","R","T","R","M","$","M","M","R","B"],"character_chosen":"THE_SILENT","items_purchased":["Rupture","Entrench","Prepared"],"campfire_rested":0,"item_purchase_floors":[12,12,12],"current_hp_per_floor":[70,70,70,70,64,59,70,70,70,70,55,55,55,53,53,0],"gold":39,"neow_bonus":"","is_prod":false,"is_daily":true,"chose_seed":false,"campfire_upgraded":3,"win_rate":0,"timestamp":1542335578,"path_taken":["M","M","?","?","?","M","?","R","T","R","M","$","M","M","R","BOSS"],"build_version":"2018-11-15","purchased_purges":0,"victory":false,"max_hp_per_floor":[70,70,70,70,70,70,70,70,70,70,70,70,70,70,70,70],"card_choices":[{"not_picked":["Heavy Blade","Warcry"],"picked":"Slice","floor":1},{"not_picked":["PiercingWail","Deadly Poison"],"picked":"Dagger Spray","floor":2},{"not_picked":["Corruption","Perfected Strike"],"picked":"Wild Strike","floor":5},{"not_picked":["Choke","Clothesline"],"picked":"Accuracy","floor":6},{"not_picked":["Reaper","Perfected Strike"],"picked":"Outmaneuver","floor":11},{"not_picked":["Tactician","Havoc"],"picked":"Wild Strike","floor":13},{"not_picked":["Dagger Spray","Catalyst"],"picked":"Caltrops","floor":14}],"player_experience":488450,"relics_obtained":[{"floor":9,"key":"Bag of Marbles"}],"event_choices":[{"damage_healed":0,"gold_gain":0,"player_choice":"Grow","damage_taken":0,"max_hp_gain":0,"max_hp_loss":0,"event_name":"Living Wall","floor":3,"gold_loss":0,"cards_upgraded":["Corruption"]},{"damage_healed":0,"gold_gain":0,"player_choice":"Bought 0 Potions","damage_taken":0,"max_hp_gain":0,"max_hp_loss":0,"event_name":"The Woman in Blue","floor":4,"gold_loss":0},{"damage_healed":17,"gold_gain":0,"player_choice":"Healed and dodged fight","damage_taken":0,"max_hp_gain":0,"max_hp_loss":0,"event_name":"Mushrooms","floor":7,"gold_loss":0,"cards_obtained":["Parasite"]}],"is_beta":false,"boss_relics":[],"items_purged_floors":[],"is_endless":false,"potions_floor_spawned":[1,5,14],"killed_by":"The Guardian","ascension_level":0}