{"gold_per_floor":[111,128,142,152,64,64,97,109,145,173,185,214,226,254,266,376,388,415,438,467,479,491],"floor_reached":22,"playtime":2607,"items_purged":[],"score":215,"play_id":"5561b677-43c3-48e8-b058-0af7f5d17aa0","local_time":"20190707195940","is_ascension_mode":false,"campfire_choices":[{"data":"Panacea","floor":6,"key":"SMITH"},{"floor":8,"key":"REST"},{"floor":15,"key":"REST"}],"neow_cost":"NONE","seed_source_timestamp":128934929522900,"circlet_count":0,"master_deck":["Strike_R","Strike_R","Strike_R","Strike_R","Strike_R","Defend_R","Defend_R","Defend_R+1","Bash","Rage","Cleave+1","Thunderclap","Ghostly Armor","Panacea+1","Searing Blow","Clash","Anger","Feed","Seeing Red"],"relics":["Burning Blood","MawBank","Potion Belt","Runic Cube"],"potions_floor_usage":[7,10,16],"damage_taken":[{"damage":5,"enemies":"Jaw Worm","floor":1,"turns":4},{"damage":1,"enemies":"2 Louse","floor":2,"turns":4},{"damage":9,"enemies":"Small Slimes","floor":3,"turns":3},{"damage":9,"enemies":"Exordium Wildlife","floor":4,"turns":5},{"damage":37,"enemies":"Lagavulin","floor":7,"turns":9},{"damage":8,"enemies":"Blue Slaver","floor":10,"turns":3},{"damage":0,"enemies":"3 Louse","floor":12,"turns":1},{"damage":18,"enemies":"Exordium Thugs","floor":14,"turns":3},{"damage":32,"enemies":"Slime Boss","floor":16,"turns":15},{"damage":17,"enemies":"3 Byrds","floor":18,"turns":5},{"damage":27,"enemies":"Spheric Guardian","floor":19,"turns":6},{"damage":37,"enemies":"Centurion and Healer","floor":20,"turns":8},{"damage":41,"enemies":"3 Cultists","floor":22,"turns":4}],"seed_played":"-4864437379090708243","potions_obtained":[{"floor":2,"key":"LiquidBronze"},{"floor":3,"key":"Regen Potion"},{"floor":4,"key":"EntropicBrew"},{"floor":12,"key":"Strength Potion"},{"floor":18,"key":"GamblersBrew"},{"floor":20,"key":"Strength Potion"}],"is_trial":false,"path_per_floor":["M","M","M","M","$","R","E","R","T","M","?","M","?","M","R","B",null,"M","M","M","?","M"],"character_chosen":"IRONCLAD","items_purchased":["Panacea"],"campfire_rested":2,"item_purchase_floors":[5],"current_hp_per_floor":[88,88,85,82,82,82,51,77,77,75,68,74,56,44,70,44,88,80,62,34,34,0],"gold":491,"neow_bonus":"TEN_PERCENT_HP_BONUS","is_prod":false,"is_daily":false,"chose_seed":false,"campfire_upgraded":1,"win_rate":0.0,"timestamp":1562522380,"path_taken":["M","M","M","M","$","R","E","R","T","M","?","M","?","M","R","BOSS","M","M","M","?","M"],"build_version":"2019-07-05","purchased_purges":0,"victory":false,"max_hp_per_floor":[88,88,88,88,88,88,88,88,88,88,88,88,88,88,88,88,88,91,94,97,97,97],"card_choices":[{"not_picked":["Flex","Sword Boomerang"],"picked":"Rage","floor":1},{"not_picked":["Flame Barrier","Warcry"],"picked":"Cleave","floor":2},{"not_picked":["Heavy Blade","Entrench"],"picked":"Thunderclap","floor":3},{"not_picked":["Flex","Armaments"],"picked":"Ghostly Armor","floor":4},{"not_picked":["Heavy Blade","Clothesline"],"picked":"Searing Blow","floor":7},{"not_picked":["Thunderclap","Armaments"],"picked":"Clash","floor":10},{"not_picked":["Thunderclap","Body Slam","Cleave"],"picked":"SKIP","floor":12},{"not_picked":["Thunderclap","Rupture"],"picked":"Anger","floor":14},{"not_picked":["Double Tap","Offering"],"picked":"Feed","floor":16},{"not_picked":["Perfected Strike+1","Uppercut","Searing Blow"],"picked":"SKIP","floor":18},{"not_picked":["Thunderclap","Perfected Strike","Body Slam"],"picked":"SKIP","floor":19},{"not_picked":["Infernal Blade","Flex"],"picked":"Seeing Red","floor":20}],"player_experience":8043,"relics_obtained":[{"floor":7,"key":"MawBank"},{"floor":9,"key":"Potion Belt"}],"event_choices":[{"cards_removed":["Defend_R"],"damage_healed":0,"gold_gain":0,"player_choice":"Card Removal","damage_taken":7,"max_hp_gain":0,"max_hp_loss":0,"event_name":"Golden Wing","floor":11,"gold_loss":0},{"damage_healed":0,"gold_gain":0,"player_choice":"Entered Light","damage_taken":18,"max_hp_gain":0,"max_hp_loss":0,"event_name":"Shining Light","floor":13,"gold_loss":0,"cards_upgraded":["Cleave","Defend_R"]},{"damage_healed":0,"gold_gain":0,"player_choice":"Ignored","damage_taken":0,"max_hp_gain":0,"max_hp_loss":0,"event_name":"Ghosts","floor":21,"gold_loss":0}],"is_beta":false,"boss_relics":[{"not_picked":["Busted Crown","Orrery"],"picked":"Runic Cube"}],"items_purged_floors":[],"is_endless":false,"potions_floor_spawned":[2,3,4,12,18,20],"killed_by":"3 Cultists","ascension_level":0}