{"gold_per_floor":[115,133,211,230,48,48,78,91,159,159,159,159,159,190,190,264,264,276,286,286,300,144,176,176,195,241,241,256,274,305,325,325,325],"floor_reached":33,"playtime":2232,"items_purged":["Defend_B"],"score":619,"play_id":"67a5fad3-6d8d-4503-a6a8-06700dd3490a","local_time":"20190621203730","is_ascension_mode":true,"campfire_choices":[{"floor":6.0,"key":"REST"},{"data":"Zap","floor":10.0,"key":"SMITH"},{"data":"Dualcast","floor":12.0,"key":"SMITH"},{"floor":15.0,"key":"REST"},{"data":"Beam Cell","floor":24.0,"key":"SMITH"},{"data":"Electrodynamics","floor":27.0,"key":"SMITH"},{"floor":32,"key":"REST"}],"neow_cost":"PERCENT_DAMAGE","seed_source_timestamp":358897164753196,"circlet_count":0,"master_deck":["AscendersBane","Strike_B","Strike_B","Defend_B+1","Defend_B+1","Defend_B","Zap+1","Dualcast+1","Beam Cell+1","Melter","Compile Driver","Cold Snap","Sunder","Steam+1","Undo+1","Redo+1","Leap+1","Fission+1","Leap+1","Leap+1","Cold Snap","Chaos+1","Leap+1","Electrodynamics+1","Leap+1","Clumsy","Self Repair","Cold Snap","Hologram+1","Ball Lightning","White Noise+1","Hologram+1","Chaos+1"],"special_seed":0,"relics":["Cracked Core","Toxic Egg 2","Pen Nib","Meat on the Bone","Letter Opener","Bird Faced Urn","Lantern","Cursed Key","Prayer Wheel","Orichalcum","War Paint"],"potions_floor_usage":[],"damage_taken":[{"damage":1.0,"enemies":"Cultist","floor":1.0,"turns":3.0},{"damage":7.0,"enemies":"Jaw Worm","floor":2.0,"turns":2.0},{"damage":1.0,"enemies":"2 Louse","floor":4.0,"turns":2.0},{"damage":28.0,"enemies":"Lagavulin","floor":7.0,"turns":7.0},{"damage":6.0,"enemies":"Looter","floor":8.0,"turns":2.0},{"damage":21.0,"enemies":"Gremlin Nob","floor":14.0,"turns":4.0},{"damage":29.0,"enemies":"Slime Boss","floor":16.0,"turns":9.0},{"damage":2.0,"enemies":"3 Byrds","floor":18.0,"turns":5.0},{"damage":0.0,"enemies":"Spheric Guardian","floor":19.0,"turns":1.0},{"damage":1.0,"enemies":"Centurion and Healer","floor":21.0,"turns":6.0},{"damage":2.0,"enemies":"Gremlin Leader","floor":23.0,"turns":8.0},{"damage":10.0,"enemies":"3 Cultists","floor":25.0,"turns":5.0},{"damage":13.0,"enemies":"Snecko","floor":28.0,"turns":7.0},{"damage":6.0,"enemies":"Centurion and Healer","floor":29.0,"turns":7.0},{"damage":22.0,"enemies":"Slavers","floor":30.0,"turns":3.0},{"damage":0,"enemies":"Sentry and Sphere","floor":31,"turns":4},{"damage":82,"enemies":"Champ","floor":33,"turns":13}],"seed_played":"4964901307481203271","potions_obtained":[{"floor":14.0,"key":"Block Potion"},{"floor":16.0,"key":"Strength Potion"},{"floor":29.0,"key":"SteroidPotion"},{"floor":30.0,"key":"SpeedPotion"}],"is_trial":false,"path_per_floor":["M","M","T","M","$","R","E","M","T","R","?","R","?","E","R","B",null,"M","M","?","M","$","E","R","M","T","R","M","M","E","M","R","B"],"character_chosen":"DEFECT","items_purchased":["Steam+1","Pen Nib","Chaos+1"],"campfire_rested":3,"item_purchase_floors":[5,5,22],"current_hp_per_floor":[45,38,38,37,37,58,30,36,36,36,31,31,31,22,43,26,60,58,58,58,57,57,55,55,45,45,45,46,51,43,43,64,0],"gold":325,"neow_bonus":"TRANSFORM_TWO_CARDS","is_prod":false,"is_daily":false,"chose_seed":false,"campfire_upgraded":4,"win_rate":0,"timestamp":1561174650,"path_taken":["M","M","?","M","?","R","E","?","T","R","?","R","?","E","R","BOSS","BOSS","M","M","?","M","$","E","R","M","T","R","M","M","E","M","R","BOSS"],"build_version":"2019-01-23","purchased_purges":1,"victory":false,"max_hp_per_floor":[71,71,71,71,71,71,71,71,71,71,71,71,71,71,71,71,71,71,71,71,71,71,71,71,71,71,71,71,71,71,71,71,71],"card_choices":[{"not_picked":["Turbo","Streamline"],"picked":"Compile Driver","floor":1.0},{"not_picked":["Ball Lightning","Melter"],"picked":"Cold Snap","floor":2.0},{"not_picked":["Skim+1","Barrage"],"picked":"Sunder","floor":4.0},{"not_picked":["FTL","Reprogram+1"],"picked":"Undo+1","floor":7.0},{"not_picked":["Steam+1","Melter"],"picked":"Redo+1","floor":8.0},{"not_picked":["Meteor Strike","Reprogram+1"],"picked":"Leap+1","floor":14.0},{"not_picked":["Hyperbeam","Core Surge"],"picked":"Fission+1","floor":16.0},{"not_picked":["Fusion+1","Rebound"],"picked":"Leap+1","floor":18.0},{"not_picked":["Steam+1","Streamline"],"picked":"Leap+1","floor":19.0},{"not_picked":["Steam+1","Go for the Eyes"],"picked":"Cold Snap","floor":21.0},{"not_picked":["Steam Power+1","Streamline"],"picked":"Leap+1","floor":23.0},{"not_picked":["Coolheaded+1","Cold Snap"],"picked":"Electrodynamics","floor":25.0},{"not_picked":["Go for the Eyes","Reprogram+1"],"picked":"Leap+1","floor":25.0},{"not_picked":["Sweeping Beam","Cold Snap"],"picked":"Self Repair","floor":28.0},{"not_picked":["Beam Cell+1","Conserve Battery+1"],"picked":"Cold Snap","floor":28.0},{"not_picked":["Sweeping Beam","Leap+1"],"picked":"Hologram+1","floor":29.0},{"not_picked":["Leap+1","Consume+1"],"picked":"Ball Lightning","floor":29.0},{"not_picked":["Auto Shields+1","Heatsinks"],"picked":"White Noise+1","floor":30.0},{"not_picked":["Go for the Eyes","Streamline"],"picked":"Hologram+1","floor":31},{"not_picked":["Redo+1","Conserve Battery+1"],"picked":"Chaos+1","floor":31}],"player_experience":848260,"relics_obtained":[{"floor":3.0,"key":"Toxic Egg 2"},{"floor":7.0,"key":"Meat on the Bone"},{"floor":9.0,"key":"Letter Opener"},{"floor":14.0,"key":"Lantern"},{"floor":23.0,"key":"Prayer Wheel"},{"floor":26.0,"key":"Orichalcum"},{"floor":30.0,"key":"War Paint"}],"event_choices":[{"damage_healed":0.0,"max_hp_gain":0.0,"max_hp_loss":0.0,"gold_gain":0.0,"event_name":"Scrap Ooze","player_choice":"Success","floor":11.0,"gold_loss":0.0,"damage_taken":5.0,"relics_obtained":["Bird Faced Urn"]},{"damage_healed":0.0,"max_hp_gain":0.0,"max_hp_loss":0.0,"gold_gain":0.0,"event_name":"Liars Game","player_choice":"Ignored","floor":13.0,"gold_loss":0.0,"damage_taken":0.0},{"damage_healed":0.0,"max_hp_gain":0.0,"max_hp_loss":0.0,"gold_gain":0.0,"event_name":"FaceTrader","player_choice":"Leave","floor":20.0,"gold_loss":0.0,"damage_taken":0.0}],"is_beta":false,"boss_relics":[{"not_picked":["Black Star","Lizard Tail"],"picked":"Cursed Key"}],"items_purged_floors":[22],"is_endless":false,"potions_floor_spawned":[14,16,18,19,21,29,30],"killed_by":"Champ","ascension_level":20}