{"gold_per_floor":[115,40,40,54,74,103,103,103,128,128,128,140,160,160],"floor_reached":14,"playtime":435,"items_purged":[],"score":176,"play_id":"4bdbae17-4b41-480d-a846-c798f7c8d651","local_time":"20190523221403","is_ascension_mode":true,"campfire_choices":[{"data":"Cold Snap","floor":7,"key":"SMITH"},{"floor":11,"key":"REST"}],"neow_cost":"CURSE","seed_source_timestamp":126899330573747,"circlet_count":0,"master_deck":["AscendersBane","Strike_B","Strike_B","Strike_B","Defend_B","Defend_B","Defend_B","Defend_B","Zap+1","Dualcast","Panacea","The Bomb","Undo","Cold Snap+1","Steam","Glacier","Reboot","Chaos"],"relics":["Cracked Core","Anchor","Potion Belt"],"potions_floor_usage":[],"damage_taken":[{"damage":7,"enemies":"Jaw Worm","floor":1,"turns":3},{"damage":0,"enemies":"2 Louse","floor":4,"turns":3},{"damage":0,"enemies":"Cultist","floor":5,"turns":3},{"damage":33,"enemies":"Lagavulin","floor":6,"turns":6},{"damage":17,"enemies":"Lots of Slimes","floor":12,"turns":4},{"damage":0,"enemies":"2 Fungi Beasts","floor":13,"turns":4},{"damage":29,"enemies":"Gremlin Nob","floor":14,"turns":3}],"seed_played":"-970746939498019738","potions_obtained":[{"floor":5,"key":"FocusPotion"},{"floor":12,"key":"LiquidBronze"}],"is_trial":false,"path_per_floor":["M","?","?","M","M","E","R","$","T","?","R","M","M","E"],"character_chosen":"DEFECT","items_purchased":[],"campfire_rested":1,"item_purchase_floors":[],"current_hp_per_floor":[57,57,57,57,57,24,24,24,24,24,45,28,28,0],"gold":160,"neow_bonus":"RANDOM_COLORLESS_2","is_prod":false,"is_daily":false,"chose_seed":false,"campfire_upgraded":1,"win_rate":0,"timestamp":1558674843,"path_taken":["M","?","?","M","?","E","R","?","T","?","R","M","M","E"],"build_version":"2019-01-23","purchased_purges":0,"victory":false,"max_hp_per_floor":[71,71,71,71,71,71,71,71,71,71,71,71,71,71],"card_choices":[{"not_picked":["Capacitor","White Noise"],"picked":"Undo","floor":1},{"not_picked":["Turbo","Sweeping Beam"],"picked":"Cold Snap","floor":4},{"not_picked":["Gash","Barrage"],"picked":"Steam","floor":5},{"not_picked":["Steam Power","BootSequence"],"picked":"Glacier","floor":6},{"not_picked":["Darkness","Rebound"],"picked":"Chaos","floor":12},{"not_picked":["Steam Power","Streamline","Reprogram"],"picked":"SKIP","floor":13}],"player_experience":756068,"relics_obtained":[{"floor":6,"key":"Anchor"},{"floor":9,"key":"Potion Belt"}],"event_choices":[{"cards_removed":["Injury"],"damage_healed":0,"gold_gain":0,"player_choice":"Card Removal","damage_taken":0,"max_hp_gain":0,"max_hp_loss":0,"event_name":"The Cleric","floor":2,"gold_loss":75},{"damage_healed":0,"gold_gain":0,"player_choice":"Upgraded","damage_taken":0,"max_hp_gain":0,"max_hp_loss":0,"event_name":"Upgrade Shrine","floor":3,"gold_loss":0,"cards_upgraded":["Zap"]},{"damage_healed":0,"gold_gain":0,"cards_transformed":["Strike_B"],"player_choice":"Transformed","damage_taken":0,"max_hp_gain":0,"max_hp_loss":0,"event_name":"Transmorgrifier","floor":10,"gold_loss":0,"cards_obtained":["Reboot"]}],"is_beta":false,"boss_relics":[],"items_purged_floors":[],"is_endless":false,"potions_floor_spawned":[5,12],"killed_by":"Gremlin Nob","ascension_level":19}