{"gold_per_floor":[110,110,129,129,129,165,178,194,217,18,33,33],"floor_reached":12,"playtime":690,"items_purged":[],"score":84,"play_id":"8d6bd7cb-b4f5-464b-ada4-2c25c3ddb84d","local_time":"20190708170608","is_ascension_mode":true,"campfire_choices":[],"neow_cost":"NONE","seed_source_timestamp":335866048548999,"circlet_count":0,"master_deck":["Strike_G","Strike_G","Strike_G","Strike_G","Strike_G","Defend_G","Defend_G","Defend_G","Defend_G","Defend_G","Survivor","Neutralize","Infinite Blades+1","Slice","Catalyst","Prepared","Infinite Blades"],"relics":["Ring of the Snake","Golden Idol","Bronze Scales","Boot","Membership Card"],"potions_floor_usage":[6,8,11,12,12],"damage_taken":[{"damage":0,"enemies":"2 Louse","floor":1,"turns":3},{"damage":7,"enemies":"Small Slimes","floor":3,"turns":7},{"damage":42,"enemies":"Gremlin Nob","floor":6,"turns":6},{"damage":0,"enemies":"Cultist","floor":7,"turns":3},{"damage":3,"enemies":"Lots of Slimes","floor":8,"turns":4},{"damage":0,"enemies":"Large Slime","floor":11,"turns":5},{"damage":11,"enemies":"Lagavulin","floor":12,"turns":5}],"seed_played":"-4002927471489455479","potions_obtained":[{"floor":5,"key":"SmokeBomb"},{"floor":5,"key":"GamblersBrew"},{"floor":5,"key":"Swift Potion"},{"floor":6,"key":"Fire Potion"},{"floor":7,"key":"EssenceOfSteel"},{"floor":8,"key":"SneckoOil"}],"is_trial":false,"path_per_floor":["M","?","M","?","?","E","M","M","T","$","M","E"],"character_chosen":"THE_SILENT","items_purchased":["Membership Card"],"campfire_rested":0,"item_purchase_floors":[10],"current_hp_per_floor":[77,58,51,51,51,9,9,6,6,6,6,0],"gold":33,"neow_bonus":"TEN_PERCENT_HP_BONUS","is_prod":false,"is_daily":false,"chose_seed":false,"campfire_upgraded":0,"win_rate":0,"timestamp":1562641568,"path_taken":["M","?","M","?","?","E","M","M","T","$","M","E"],"build_version":"2019-07-05","purchased_purges":0,"victory":false,"max_hp_per_floor":[77,77,77,77,77,77,77,77,77,77,77,77],"card_choices":[{"not_picked":["Bane","Deadly Poison","Flechettes"],"picked":"SKIP","floor":1},{"not_picked":["Acrobatics","Skewer"],"picked":"Infinite Blades","floor":3},{"not_picked":["Deadly Poison","Dagger Throw"],"picked":"Slice","floor":6},{"not_picked":["Wraith Form v2","Bane"],"picked":"Catalyst","floor":7},{"not_picked":["Choke","Deflect"],"picked":"Prepared","floor":8},{"not_picked":["Dagger Spray","Sucker Punch"],"picked":"Infinite Blades","floor":11}],"player_experience":60845,"relics_obtained":[{"floor":6,"key":"Bronze Scales"},{"floor":9,"key":"Boot"}],"event_choices":[{"damage_healed":0,"gold_gain":0,"player_choice":"Take Damage","damage_taken":19,"relics_obtained":["Golden Idol"],"max_hp_gain":0,"max_hp_loss":0,"event_name":"Golden Idol","floor":2,"gold_loss":0},{"damage_healed":0,"gold_gain":0,"player_choice":"Grow","damage_taken":0,"max_hp_gain":0,"max_hp_loss":0,"event_name":"Living Wall","floor":4,"gold_loss":0,"cards_upgraded":["Infinite Blades"]},{"damage_healed":0,"gold_gain":0,"player_choice":"Got Potions","damage_taken":0,"max_hp_gain":0,"max_hp_loss":0,"event_name":"Lab","floor":5,"gold_loss":0}],"is_beta":false,"boss_relics":[],"items_purged_floors":[],"is_endless":false,"potions_floor_spawned":[6,7,8],"killed_by":"Lagavulin","ascension_level":1}