{"gold_per_floor":[115,134,234,244,254,280,293,293,320,320,335,348,348,359,359,459,459,478,488,32,32,46,46,65,81,81,81,111,125,141,157,157,253,253,268,168,184,59,71,71,99,99,147,165,194,194,206,223,223,223],"floor_reached":50,"playtime":6308,"items_purged":["Strike_G","Strike_G","Strike_G"],"score":534,"play_id":"965acb7b-0373-49a1-9e2a-e422c5454052","local_time":"20190708155326","is_ascension_mode":false,"campfire_choices":[{"floor":8,"key":"REST"},{"data":"Crippling Poison","floor":10,"key":"SMITH"},{"data":"Noxious Fumes","floor":13,"key":"SMITH"},{"floor":15,"key":"REST"},{"data":"Adrenaline","floor":23,"key":"SMITH"},{"data":"Wraith Form v2","floor":27,"key":"SMITH"},{"floor":32,"key":"REST"},{"data":"Tools of the Trade","floor":40,"key":"SMITH"},{"floor":42,"key":"REST"},{"floor":49,"key":"REST"}],"neow_cost":"NONE","seed_source_timestamp":196867465828400,"circlet_count":0,"master_deck":["Strike_G","Strike_G","Defend_G","Defend_G","Defend_G","Defend_G","Defend_G","Survivor","Neutralize","Crippling Poison+1","Noxious Fumes+1","Flying Knee","Poisoned Stab","Dash","Underhanded Strike","Bouncing Flask","Well Laid Plans","Adrenaline+1","Tactician+1","Master of Strategy","Wraith Form v2+1","Outmaneuver+1","Blur","Night Terror","Tools of the Trade+1","Underhanded Strike+1","Well Laid Plans+1","Noxious Fumes+1","Secret Technique","Caltrops+1"],"relics":["Ring of the Snake","Mummified Hand","Oddly Smooth Stone","Sozu","ClockworkSouvenir","Bottled Lightning","Orichalcum","Busted Crown","Bag of Preparation","PreservedInsect","Happy Flower"],"potions_floor_usage":[6,44,50],"damage_taken":[{"damage":1,"enemies":"Cultist","floor":1,"turns":4},{"damage":2,"enemies":"Small Slimes","floor":2,"turns":4},{"damage":1,"enemies":"Jaw Worm","floor":4,"turns":5},{"damage":11,"enemies":"Looter","floor":5,"turns":4},{"damage":13,"enemies":"Lagavulin","floor":6,"turns":6},{"damage":12,"enemies":"3 Louse","floor":7,"turns":3},{"damage":0,"enemies":"2 Fungi Beasts","floor":11,"turns":3},{"damage":3,"enemies":"Blue Slaver","floor":12,"turns":4},{"damage":8,"enemies":"Gremlin Gang","floor":14,"turns":5},{"damage":12,"enemies":"The Guardian","floor":16,"turns":8},{"damage":0,"enemies":"Chosen","floor":18,"turns":4},{"damage":3,"enemies":"3 Byrds","floor":19,"turns":3},{"damage":4,"enemies":"Snake Plant","floor":22,"turns":4},{"damage":1,"enemies":"Centurion and Healer","floor":24,"turns":6},{"damage":4,"enemies":"Shelled Parasite and Fungi","floor":25,"turns":6},{"damage":16,"enemies":"Book of Stabbing","floor":28,"turns":7},{"damage":0,"enemies":"Chosen and Byrds","floor":29,"turns":5},{"damage":0,"enemies":"Snake Plant","floor":30,"turns":4},{"damage":0,"enemies":"Snecko","floor":31,"turns":5},{"damage":28,"enemies":"Automaton","floor":33,"turns":12},{"damage":0,"enemies":"3 Shapes","floor":35,"turns":5},{"damage":0,"enemies":"3 Darklings","floor":37,"turns":5},{"damage":3,"enemies":"4 Shapes","floor":39,"turns":4},{"damage":44,"enemies":"Giant Head","floor":41,"turns":10},{"damage":0,"enemies":"Transient","floor":44,"turns":5},{"damage":30,"enemies":"Nemesis","floor":45,"turns":7},{"damage":12,"enemies":"Writhing Mass","floor":47,"turns":5},{"damage":3,"enemies":"3 Darklings","floor":48,"turns":4},{"damage":35,"enemies":"Awakened One","floor":50,"turns":10}],"seed_played":"-7304671141690785101","potions_obtained":[{"floor":5,"key":"Poison Potion"},{"floor":6,"key":"SkillPotion"},{"floor":11,"key":"Block Potion"},{"floor":14,"key":"Strength Potion"}],"is_trial":false,"path_per_floor":["M","M","?","M","M","E","M","R","T","R","M","M","R","M","R","B",null,"M","M","$","?","M","R","M","M","T","R","E","M","M","M","R","B",null,"M","$","M","$","M","R","E","R","T","M","E","?","M","M","R","B"],"character_chosen":"THE_SILENT","items_purchased":["Master of Strategy","ClockworkSouvenir"],"campfire_rested":5,"item_purchase_floors":[20,20],"current_hp_per_floor":[76,74,74,73,62,49,37,60,60,60,60,57,57,49,72,60,77,77,74,74,74,70,70,69,65,65,65,49,49,49,49,72,44,77,77,77,77,77,74,74,30,53,53,53,23,23,11,8,31,0],"gold":223,"neow_bonus":"TEN_PERCENT_HP_BONUS","is_prod":false,"is_daily":false,"chose_seed":false,"campfire_upgraded":5,"win_rate":0.0,"timestamp":1562594006,"path_taken":["M","M","?","M","M","E","M","R","T","R","M","M","R","M","R","BOSS","M","?","$","?","M","R","M","M","T","R","E","M","M","M","R","BOSS","M","$","M","$","?","R","E","R","T","?","E","?","M","M","R","BOSS"],"build_version":"2019-07-05","purchased_purges":3,"victory":false,"max_hp_per_floor":[77,77,77,77,77,77,77,77,77,77,77,77,77,77,77,77,77,77,77,77,77,77,77,77,77,77,77,77,77,77,77,77,77,77,77,77,77,77,77,77,77,77,77,77,77,77,77,77,77,77],"card_choices":[{"not_picked":["Backflip","Slice"],"picked":"Crippling Poison","floor":1},{"not_picked":["Acrobatics","Underhanded Strike"],"picked":"Noxious Fumes","floor":2},{"not_picked":["Dodge and Roll","PiercingWail"],"picked":"Flying Knee","floor":4},{"not_picked":["Backflip","Dagger Throw"],"picked":"Poisoned Stab","floor":5},{"not_picked":["Dodge and Roll","Calculated Gamble"],"picked":"Dash","floor":6},{"not_picked":["Eviscerate","Deadly Poison"],"picked":"Underhanded Strike","floor":7},{"not_picked":["Caltrops","Quick Slash"],"picked":"Bouncing Flask","floor":11},{"not_picked":["Crippling Poison","Masterful Stab"],"picked":"Well Laid Plans","floor":12},{"not_picked":["Backflip","Dagger Spray","Bouncing Flask"],"picked":"SKIP","floor":14},{"not_picked":["Doppelganger","Malaise"],"picked":"Adrenaline","floor":16},{"not_picked":["Poisoned Stab","Sucker Punch+1"],"picked":"Tactician+1","floor":18},{"not_picked":["Sucker Punch","Dagger Throw","Flechettes"],"picked":"SKIP","floor":19},{"not_picked":["Masterful Stab","Dagger Throw"],"picked":"Wraith Form v2","floor":22},{"not_picked":["Outmaneuver","Sucker Punch","Deadly Poison"],"picked":"SKIP","floor":24},{"not_picked":["Deflect","Heel Hook"],"picked":"Outmaneuver+1","floor":25},{"not_picked":["Sucker Punch+1","Crippling Poison","Quick Slash"],"picked":"SKIP","floor":28},{"not_picked":["Poisoned Stab","All Out Attack"],"picked":"Blur","floor":29},{"not_picked":["Dodge and Roll","Backstab","Poisoned Stab+1"],"picked":"SKIP","floor":30},{"not_picked":["Outmaneuver+1","Distraction"],"picked":"Night Terror","floor":31},{"not_picked":["Phantasmal Killer","A Thousand Cuts"],"picked":"Tools of the Trade","floor":33},{"not_picked":[],"picked":"Underhanded Strike+1","floor":35},{"not_picked":["PiercingWail"],"picked":"SKIP","floor":37},{"not_picked":["Backstab"],"picked":"SKIP","floor":39},{"not_picked":[],"picked":"Well Laid Plans+1","floor":41},{"not_picked":[],"picked":"Noxious Fumes+1","floor":44},{"not_picked":["Flying Knee"],"picked":"SKIP","floor":45},{"not_picked":[],"picked":"Secret Technique","floor":46},{"not_picked":["Dagger Spray"],"picked":"SKIP","floor":47},{"not_picked":[],"picked":"Caltrops+1","floor":48}],"player_experience":40865,"relics_obtained":[{"floor":6,"key":"Mummified Hand"},{"floor":9,"key":"Oddly Smooth Stone"},{"floor":26,"key":"Bottled Lightning"},{"floor":28,"key":"Orichalcum"},{"floor":41,"key":"Bag of Preparation"},{"floor":43,"key":"PreservedInsect"},{"floor":45,"key":"Happy Flower"}],"event_choices":[{"damage_healed":0,"gold_gain":100,"player_choice":"Pray","damage_taken":0,"max_hp_gain":0,"max_hp_loss":0,"event_name":"Golden Shrine","floor":3,"gold_loss":0},{"damage_healed":0,"gold_gain":0,"player_choice":"Got Potions","damage_taken":0,"max_hp_gain":0,"max_hp_loss":0,"event_name":"Lab","floor":21,"gold_loss":0},{"damage_healed":0,"gold_gain":0,"player_choice":"Memory 1","damage_taken":0,"max_hp_gain":0,"max_hp_loss":0,"event_name":"SensoryStone","floor":46,"gold_loss":0}],"is_beta":false,"boss_relics":[{"not_picked":["Fusion Hammer","Velvet Choker"],"picked":"Sozu"},{"not_picked":["White Beast Statue","Coffee Dripper"],"picked":"Busted Crown"}],"items_purged_floors":[20,36,38],"is_endless":false,"potions_floor_spawned":[5,6,11,14,18,19,22,25,31,33,35,39,41],"killed_by":"Awakened One","ascension_level":0}