{"gold_per_floor":[116,41,41,116,132,164,164,164,190,221,232,407,407,10,10,114,114,133,79,79,178,53,53,71,71,97,114,114,125,136,149,149,246,246,266,279,290,52,68,68,68,68,138,138,169,169,169,44,44,44],"floor_reached":51,"playtime":841,"items_purged":["Defend_R","Doubt","Writhe"],"score":756,"play_id":"8db400bc-c4cd-427d-b7e8-d37c213c3481","local_time":"20190707040253","is_ascension_mode":false,"campfire_choices":[{"data":"Whirlwind","floor":13.0,"key":"SMITH"},{"data":"Bash","floor":15.0,"key":"SMITH"},{"data":"Demon Form","floor":23.0,"key":"SMITH"},{"data":"Thunderclap","floor":28,"key":"SMITH"},{"data":"Limit Break","floor":32,"key":"SMITH"},{"data":"Clash","floor":40,"key":"SMITH"},{"floor":46,"key":"REST"},{"data":"Inflame","floor":49,"key":"SMITH"}],"neow_cost":"NONE","seed_source_timestamp":495018104110,"circlet_count":0,"master_deck":["Strike_R","Strike_R","Strike_R","Strike_R","Strike_R","Defend_R","Bash+1","Clash","Whirlwind+1","Demon Form+1","Thunderclap+1","Flex+1","Twin Strike+1","Clash+1","Limit Break+1","Doubt","Limit Break+1","Pain","Inflame+1","Panacea"],"special_seed":0,"relics":["Burning Blood","NeowsBlessing","Bird Faced Urn","Vajra","Strawberry","Singing Bowl","Juzu Bracelet","Bag of Marbles","Velvet Choker","War Paint","Shuriken","Happy Flower","Cursed Key","Paper Frog","Blue Candle","Dream Catcher"],"potions_floor_usage":[50,50,50],"damage_taken":[{"damage":0.0,"enemies":"Jaw Worm","floor":1.0,"turns":1.0},{"damage":0.0,"enemies":"2 Louse","floor":5.0,"turns":1.0},{"damage":0.0,"enemies":"Lagavulin","floor":6.0,"turns":1.0},{"damage":9.0,"enemies":"3 Sentries","floor":10.0,"turns":4.0},{"damage":0.0,"enemies":"Small Slimes","floor":11.0,"turns":2.0},{"damage":63.0,"enemies":"The Guardian","floor":16.0,"turns":7.0},{"damage":5.0,"enemies":"Chosen","floor":18.0,"turns":3.0},{"damage":0.0,"enemies":"2 Thieves","floor":24.0,"turns":1.0},{"damage":20,"enemies":"Shelled Parasite and Fungi","floor":27,"turns":3},{"damage":12,"enemies":"Centurion and Healer","floor":29,"turns":2},{"damage":0,"enemies":"Snecko","floor":30,"turns":2},{"damage":5,"enemies":"Sentry and Sphere","floor":31,"turns":3},{"damage":20,"enemies":"Collector","floor":33,"turns":4},{"damage":2,"enemies":"Orb Walker","floor":35,"turns":2},{"damage":3,"enemies":"3 Darklings","floor":36,"turns":2},{"damage":21,"enemies":"Spire Growth","floor":37,"turns":3},{"damage":25,"enemies":"Writhing Mass","floor":39,"turns":3},{"damage":59,"enemies":"Nemesis","floor":45,"turns":5},{"damage":67,"enemies":"Donu and Deca","floor":50,"turns":5}],"seed_played":"-5690248590190206252","potions_obtained":[{"floor":5.0,"key":"GamblersBrew"},{"floor":6.0,"key":"EssenceOfSteel"},{"floor":8.0,"key":"GamblersBrew"},{"floor":29,"key":"Strength Potion"},{"floor":33,"key":"Strength Potion"}],"is_trial":false,"path_per_floor":["M","$","?","?","M","E","?","?","T","E","M","?","R","$","R","B",null,"M","$","?","?","$","R","M","T","T","M","R","M","M","M","R","B",null,"M","M","M","$","M","R","?","?","T","?","E","R","?","$","R","B",null],"character_chosen":"IRONCLAD","items_purchased":["Juzu Bracelet","Bag of Marbles","Flex","Paper Frog","Inflame","Panacea"],"campfire_rested":1,"item_purchase_floors":[14,14,19,38,48,48],"current_hp_per_floor":[80,80,68,57,63,69,62,62,69,68,76,76,76,76,76,19,91,91,91,91,91,91,91,93,93,93,79,79,77,83,86,86,76,97,99,101,88,88,73,73,105,105,105,105,56,90,90,90,90,33],"gold":44,"neow_bonus":"THREE_ENEMY_KILL","is_prod":false,"is_daily":false,"chose_seed":false,"campfire_upgraded":7,"win_rate":0,"timestamp":1562493773,"path_taken":["M","$","?","?","M","E","?","?","T","E","?","?","R","$","R","BOSS","M","$","?","?","$","R","M","?","T","M","R","M","M","M","R","BOSS","M","M","M","$","M","R","?","?","T","?","E","R","?","$","R","BOSS"],"build_version":"2019-07-05","purchased_purges":3,"victory":true,"max_hp_per_floor":[80,80,80,80,80,80,80,80,87,89,91,91,91,91,91,91,91,91,91,91,91,91,91,93,93,93,93,93,95,95,95,95,97,97,99,101,103,103,105,105,105,105,105,105,107,109,109,109,109,109],"card_choices":[{"not_picked":["Perfected Strike","Iron Wave"],"picked":"Clash","floor":1.0},{"not_picked":["Inflame","Wild Strike"],"picked":"Whirlwind","floor":5.0},{"not_picked":["Power Through","Wild Strike","Body Slam"],"picked":"SKIP","floor":6.0},{"not_picked":["Ghostly Armor","Clothesline","Armaments"],"picked":"Singing Bowl","floor":10.0},{"not_picked":["Bloodletting","Searing Blow","Entrench"],"picked":"Singing Bowl","floor":11.0},{"not_picked":["Dark Embrace","Offering"],"picked":"Demon Form","floor":16.0},{"not_picked":["Iron Wave+1","Twin Strike"],"picked":"Thunderclap","floor":18.0},{"not_picked":["Rampage+1","Iron Wave+1","Headbutt"],"picked":"Singing Bowl","floor":24.0},{"not_picked":["Sever Soul","Iron Wave"],"picked":"Twin Strike+1","floor":27},{"not_picked":["Shrug It Off","Warcry","Thunderclap"],"picked":"Singing Bowl","floor":29},{"not_picked":["True Grit","Anger+1"],"picked":"Clash","floor":30},{"not_picked":["Shrug It Off","True Grit"],"picked":"Limit Break","floor":31},{"not_picked":["Feed","Double Tap","Barricade"],"picked":"Singing Bowl","floor":33},{"not_picked":["Body Slam+1","Twin Strike","Armaments+1"],"picked":"Singing Bowl","floor":35},{"not_picked":["Perfected Strike+1","Sword Boomerang+1","Armaments+1"],"picked":"Singing Bowl","floor":36},{"not_picked":["True Grit+1","Thunderclap+1","Feel No Pain"],"picked":"Singing Bowl","floor":37},{"not_picked":["Blood for Blood+1","Sword Boomerang","Power Through"],"picked":"Singing Bowl","floor":39},{"not_picked":["Barricade","Iron Wave","Pommel Strike+1"],"picked":"Singing Bowl","floor":45},{"not_picked":["Cleave","Anger","Headbutt"],"picked":"Singing Bowl","floor":46}],"player_experience":1541983,"relics_obtained":[{"floor":6.0,"key":"Vajra"},{"floor":9.0,"key":"Strawberry"},{"floor":10.0,"key":"Singing Bowl"},{"floor":25.0,"key":"Shuriken"},{"floor":26.0,"key":"Happy Flower"},{"floor":43,"key":"Blue Candle"},{"floor":45,"key":"Dream Catcher"}],"event_choices":[{"damage_healed":0.0,"max_hp_gain":0.0,"max_hp_loss":0.0,"gold_gain":0.0,"event_name":"Scrap Ooze","player_choice":"Success","floor":3.0,"gold_loss":0.0,"damage_taken":12.0,"relics_obtained":["Bird Faced Urn"]},{"damage_healed":0.0,"max_hp_gain":0.0,"max_hp_loss":0.0,"gold_gain":75.0,"event_name":"World of Goop","player_choice":"Gather Gold","floor":4.0,"gold_loss":0.0,"damage_taken":11.0},{"cards_removed":["Defend_R"],"damage_healed":0.0,"max_hp_gain":0.0,"max_hp_loss":0.0,"gold_gain":0.0,"event_name":"Golden Wing","player_choice":"Card Removal","floor":7.0,"gold_loss":0.0,"damage_taken":7.0},{"damage_healed":0.0,"max_hp_gain":0.0,"max_hp_loss":0.0,"gold_gain":0.0,"event_name":"Lab","player_choice":"Got Potions","floor":8.0,"gold_loss":0.0,"damage_taken":0.0},{"damage_healed":0.0,"max_hp_gain":0.0,"max_hp_loss":0.0,"gold_gain":175.0,"event_name":"Liars Game","player_choice":"AGREE","floor":12.0,"gold_loss":0.0,"damage_taken":0.0,"cards_obtained":["Doubt"]},{"damage_healed":0.0,"max_hp_gain":0.0,"max_hp_loss":0.0,"gold_gain":0.0,"event_name":"The Mausoleum","player_choice":"Opened","floor":20.0,"gold_loss":0.0,"damage_taken":0.0,"relics_obtained":["War Paint"],"cards_obtained":["Writhe"]},{"damage_healed":0.0,"max_hp_gain":0.0,"max_hp_loss":0.0,"gold_gain":99.0,"event_name":"Nest","player_choice":"Stole From Cult","floor":21.0,"gold_loss":0.0,"damage_taken":0.0},{"damage_healed":32,"gold_gain":0,"player_choice":"Heal","damage_taken":0,"max_hp_gain":0,"max_hp_loss":0,"event_name":"MindBloom","floor":41,"gold_loss":0,"cards_obtained":["Doubt"]},{"damage_healed":0,"gold_gain":0,"player_choice":"Copied","damage_taken":0,"max_hp_gain":0,"max_hp_loss":0,"event_name":"Duplicator","floor":42,"gold_loss":0,"cards_obtained":["Limit Break"]},{"cards_removed":["Defend_R"],"damage_healed":0,"gold_gain":0,"player_choice":"Removed Skill","damage_taken":0,"max_hp_gain":0,"max_hp_loss":0,"event_name":"Falling","floor":44,"gold_loss":0},{"damage_healed":0,"gold_gain":0,"player_choice":"Ignored","damage_taken":0,"max_hp_gain":0,"max_hp_loss":0,"event_name":"Tomb of Lord Red Mask","floor":47,"gold_loss":0}],"is_beta":false,"boss_relics":[{"not_picked":["White Beast Statue","Runic Pyramid"],"picked":"Velvet Choker"},{"not_picked":["Black Star","Pandora\u0027s Box"],"picked":"Cursed Key"}],"items_purged_floors":[2,14,22],"is_endless":false,"potions_floor_spawned":[5,6,29,30,33,35,37,45],"ascension_level":0}