{"gold_per_floor":[113,113,32,10,20,55,55,72,72,99,99,113,123,134,134,229,229,244,244,260,260],"floor_reached":21,"playtime":4406,"items_purged":[],"score":226,"play_id":"09b85dc1-b8ee-4aa0-a925-cf3439a50db0","local_time":"20190328232248","is_ascension_mode":true,"campfire_choices":[{"floor":7,"key":"REST"},{"floor":15,"key":"REST"}],"neow_cost":"CURSE","seed_source_timestamp":287618281014203,"circlet_count":0,"master_deck":["Strike_B","Strike_B","Strike_B","Strike_B+1","Defend_B","Defend_B","Defend_B","Defend_B","Zap","Dualcast","Regret","Capacitor","Storm","Cold Snap","Gash","Go for the Eyes+1","Genetic Algorithm","Gash","Gash","Beam Cell","Gash","Machine Learning","Beam Cell+1","Double Energy"],"relics":["Cracked Core","Nunchaku","Meat on the Bone","The Courier","Dodecahedron","Nuclear Battery"],"potions_floor_usage":[16,16,20],"damage_taken":[{"damage":8,"enemies":"Jaw Worm","floor":1,"turns":3},{"damage":13,"enemies":"Cultist","floor":5,"turns":4},{"damage":28,"enemies":"3 Sentries","floor":6,"turns":8},{"damage":11,"enemies":"Small Slimes","floor":8,"turns":3},{"damage":33,"enemies":"Lagavulin","floor":10,"turns":7},{"damage":2,"enemies":"Blue Slaver","floor":12,"turns":3},{"damage":14,"enemies":"Exordium Wildlife","floor":13,"turns":3},{"damage":2,"enemies":"2 Fungi Beasts","floor":14,"turns":3},{"damage":30,"enemies":"Hexaghost","floor":16,"turns":8},{"damage":35,"enemies":"2 Thieves","floor":18,"turns":5},{"damage":23,"enemies":"3 Byrds","floor":20,"turns":5},{"damage":22,"enemies":"Masked Bandits","floor":21,"turns":2}],"seed_played":"-8985814421446217887","potions_obtained":[{"floor":1,"key":"AttackPotion"},{"floor":8,"key":"Explosive Potion"},{"floor":18,"key":"SteroidPotion"}],"is_trial":false,"path_per_floor":["M","?","$","$","M","E","R","M","T","E","?","M","M","M","R","B",null,"M","?","M","?"],"character_chosen":"DEFECT","items_purchased":["Storm","Cold Snap"],"campfire_rested":2,"item_purchase_floors":[3,4],"current_hp_per_floor":[67,67,67,67,54,26,48,49,49,28,13,23,21,31,53,35,75,40,26,15,0],"gold":260,"neow_bonus":"ONE_RARE_RELIC","is_prod":false,"is_daily":false,"chose_seed":false,"campfire_upgraded":0,"win_rate":0,"timestamp":1553829768,"path_taken":["M","?","?","$","?","E","R","M","T","E","?","M","M","M","R","BOSS","M","?","M","?"],"build_version":"2019-01-23","purchased_purges":0,"victory":false,"max_hp_per_floor":[75,75,75,75,75,75,75,75,75,75,75,75,75,75,75,75,75,75,80,80,80],"card_choices":[{"not_picked":["Recycle","Rebound"],"picked":"Capacitor","floor":1},{"not_picked":["Redo","Sweeping Beam"],"picked":"Gash","floor":5},{"not_picked":["Streamline","Cold Snap"],"picked":"Go for the Eyes","floor":6},{"not_picked":["Barrage","Compile Driver"],"picked":"Genetic Algorithm","floor":8},{"not_picked":["Beam Cell","Ball Lightning"],"picked":"Gash","floor":10},{"not_picked":["Darkness","Cold Snap"],"picked":"Gash","floor":12},{"not_picked":["Fission","Redo"],"picked":"Beam Cell","floor":13},{"not_picked":["Rebound","Cold Snap"],"picked":"Gash","floor":14},{"not_picked":["Meteor Strike","Biased Cognition"],"picked":"Machine Learning","floor":16},{"not_picked":["Hologram","Compile Driver+1"],"picked":"Beam Cell+1","floor":18},{"not_picked":["Compile Driver+1","Barrage"],"picked":"Double Energy","floor":20}],"player_experience":587147,"relics_obtained":[{"floor":6,"key":"Meat on the Bone"},{"floor":9,"key":"The Courier"},{"floor":10,"key":"Dodecahedron"}],"event_choices":[{"damage_healed":0,"gold_gain":0,"player_choice":"Bought 0 Potions","damage_taken":0,"max_hp_gain":0,"max_hp_loss":0,"event_name":"The Woman in Blue","floor":2,"gold_loss":0},{"damage_healed":0,"gold_gain":0,"player_choice":"Entered Light","damage_taken":15,"max_hp_gain":0,"max_hp_loss":0,"event_name":"Shining Light","floor":11,"gold_loss":0,"cards_upgraded":["Go for the Eyes","Strike_B"]},{"damage_healed":0,"gold_gain":0,"player_choice":"Shed Blood","damage_taken":19,"max_hp_gain":5,"max_hp_loss":0,"event_name":"Forgotten Altar","floor":19,"gold_loss":0},{"damage_healed":0,"gold_gain":0,"player_choice":"Fought Bandits","damage_taken":0,"max_hp_gain":0,"max_hp_loss":0,"event_name":"Masked Bandits","floor":21,"gold_loss":0}],"is_beta":false,"boss_relics":[{"not_picked":["Eternal Feather","Runic Pyramid"],"picked":"Nuclear Battery"}],"items_purged_floors":[],"is_endless":false,"potions_floor_spawned":[1,8,18],"killed_by":"Masked Bandits","ascension_level":1}