{"gold_per_floor":[118,118,138,151,161,195,195,195],"floor_reached":8,"playtime":291,"items_purged":[],"score":113,"play_id":"bca888c4-fd76-4207-97a0-5a4c7a48c430","local_time":"20190522213019","is_ascension_mode":true,"campfire_choices":[{"floor":7,"key":"REST"}],"neow_cost":"NONE","seed_source_timestamp":109457073103435,"circlet_count":0,"master_deck":["AscendersBane","Defend_G","Defend_G","Defend_G","Defend_G","Defend_G","Strike_G","Strike_G","Strike_G","Strike_G","Strike_G","Survivor","Neutralize","Dagger Throw","Pain","Acrobatics","Flying Knee","Dodge and Roll","Leg Sweep"],"relics":["Ring of the Snake","NeowsBlessing","WarpedTongs","Vajra"],"potions_floor_usage":[6,8],"damage_taken":[{"damage":0,"enemies":"2 Louse","floor":1,"turns":1},{"damage":0,"enemies":"Cultist","floor":3,"turns":1},{"damage":2,"enemies":"Small Slimes","floor":4,"turns":1},{"damage":5,"enemies":"Red Slaver","floor":5,"turns":3},{"damage":51,"enemies":"Gremlin Nob","floor":6,"turns":5},{"damage":26,"enemies":"Lagavulin","floor":8,"turns":8}],"seed_played":"-6142461586651135317","potions_obtained":[{"floor":4,"key":"Swift Potion"},{"floor":6,"key":"PowerPotion"}],"is_trial":false,"path_per_floor":["M","?","M","M","M","E","R","E"],"character_chosen":"THE_SILENT","items_purchased":[],"campfire_rested":1,"item_purchase_floors":[],"current_hp_per_floor":[59,59,59,57,52,1,20,0],"gold":195,"neow_bonus":"THREE_ENEMY_KILL","is_prod":false,"is_daily":false,"chose_seed":false,"campfire_upgraded":0,"win_rate":0,"timestamp":1558585819,"path_taken":["M","?","?","M","?","E","R","E"],"build_version":"2019-01-23","purchased_purges":0,"victory":false,"max_hp_per_floor":[66,66,66,66,66,66,66,66],"card_choices":[{"not_picked":["Sucker Punch","Underhanded Strike"],"picked":"Dagger Throw","floor":1},{"not_picked":["Deadly Poison","Reflex"],"picked":"Acrobatics","floor":3},{"not_picked":["Poisoned Stab","Concentrate"],"picked":"Flying Knee","floor":4},{"not_picked":["Bane","Flechettes"],"picked":"Dodge and Roll","floor":5},{"not_picked":["Crippling Poison","Dodge and Roll"],"picked":"Leg Sweep","floor":6}],"player_experience":743459,"relics_obtained":[{"floor":6,"key":"Vajra"}],"event_choices":[{"damage_healed":0,"gold_gain":0,"player_choice":"Rummage","damage_taken":0,"relics_obtained":["WarpedTongs"],"max_hp_gain":0,"max_hp_loss":0,"event_name":"Accursed Blacksmith","floor":2,"gold_loss":0,"cards_obtained":["Pain"]}],"is_beta":false,"boss_relics":[],"items_purged_floors":[],"is_endless":false,"potions_floor_spawned":[4,6],"killed_by":"Lagavulin","ascension_level":19}