{"gold_per_floor":[111,126,142,142,84,84,84,84,84,84,103,53,78,36,36,115,115,130,55,65,79,99,99,99],"floor_reached":24,"playtime":1287,"items_purged":[],"score":382,"play_id":"a7c9f97b-567a-4d9e-abf6-f80f8f4119c3","local_time":"20190523213924","is_ascension_mode":true,"campfire_choices":[{"data":"Defragment","floor":6.0,"key":"SMITH"},{"data":"Zap","floor":8.0,"key":"SMITH"},{"data":"Hologram","floor":10.0,"key":"SMITH"},{"floor":15.0,"key":"REST"},{"floor":23,"key":"REST"}],"neow_cost":"NONE","seed_source_timestamp":123788633760719,"circlet_count":0,"master_deck":["AscendersBane","Strike_B","Defend_B","Defend_B","Defend_B","Defend_B","Zap+1","Dualcast","Defragment+1","Darkness","Hologram+1","Cold Snap","Hologram","Genetic Algorithm","Conserve Battery","Conserve Battery","Darkness","Machine Learning","Cold Snap","Chaos+1","Cold Snap"],"special_seed":0,"relics":["Cracked Core","NeowsBlessing","Singing Bowl","Happy Flower","Sozu"],"potions_floor_usage":[24],"damage_taken":[{"damage":0.0,"enemies":"Cultist","floor":1.0,"turns":1.0},{"damage":0.0,"enemies":"Small Slimes","floor":2.0,"turns":1.0},{"damage":0.0,"enemies":"2 Louse","floor":3.0,"turns":1.0},{"damage":14.0,"enemies":"Exordium Wildlife","floor":11.0,"turns":4.0},{"damage":14.0,"enemies":"Lagavulin","floor":13.0,"turns":4.0},{"damage":25.0,"enemies":"The Guardian","floor":16.0,"turns":10.0},{"damage":17,"enemies":"2 Thieves","floor":18,"turns":5},{"damage":15,"enemies":"Shell Parasite","floor":20,"turns":6},{"damage":4,"enemies":"Centurion and Healer","floor":21,"turns":6},{"damage":3,"enemies":"Snecko","floor":22,"turns":5},{"damage":44,"enemies":"Gremlin Leader","floor":24,"turns":7}],"seed_played":"-3543183897096455076","potions_obtained":[{"floor":1.0,"key":"SpeedPotion"},{"floor":11.0,"key":"SneckoOil"}],"is_trial":false,"path_per_floor":["M","M","M","?","$","R","?","R","T","R","M","$","E","$","R","B",null,"M","?","M","M","M","R","E"],"character_chosen":"DEFECT","items_purchased":["Cold Snap","Conserve Battery","Darkness"],"campfire_rested":2,"item_purchase_floors":[5,12,14],"current_hp_per_floor":[64,64,64,57,57,57,57,57,57,57,43,43,29,29,50,25,60,45,45,30,26,23,44,0],"gold":99,"neow_bonus":"THREE_ENEMY_KILL","is_prod":false,"is_daily":false,"chose_seed":false,"campfire_upgraded":3,"win_rate":0,"timestamp":1558672764,"path_taken":["M","M","?","?","$","R","?","R","T","R","M","$","E","?","R","BOSS","M","?","M","M","M","R","E"],"build_version":"2019-01-23","purchased_purges":0,"victory":false,"max_hp_per_floor":[71,71,71,71,71,71,71,71,71,71,71,71,71,71,71,71,71,73,73,73,73,73,73,73],"card_choices":[{"not_picked":["Hello World","Rebound"],"picked":"Defragment","floor":1.0},{"not_picked":["Compile Driver","Reinforced Body"],"picked":"Darkness","floor":2.0},{"not_picked":["Biased Cognition","Blizzard"],"picked":"Hologram","floor":3.0},{"not_picked":["Gash","Turbo"],"picked":"Genetic Algorithm","floor":11.0},{"not_picked":["Reprogram","Go for the Eyes"],"picked":"Conserve Battery","floor":13.0},{"not_picked":["Creative AI","Hyperbeam"],"picked":"Machine Learning","floor":16.0},{"not_picked":["Sweeping Beam+1","Beam Cell","Redo"],"picked":"Singing Bowl","floor":18},{"not_picked":["Redo","Conserve Battery"],"picked":"Cold Snap","floor":20},{"not_picked":["Darkness","Steam"],"picked":"Chaos+1","floor":21},{"not_picked":["Compile Driver","Tempest"],"picked":"Cold Snap","floor":22}],"player_experience":753438,"relics_obtained":[{"floor":9.0,"key":"Singing Bowl"},{"floor":13.0,"key":"Happy Flower"}],"event_choices":[{"cards_removed":["Strike_B"],"damage_healed":0.0,"max_hp_gain":0.0,"max_hp_loss":0.0,"gold_gain":0.0,"event_name":"Golden Wing","player_choice":"Card Removal","floor":4.0,"gold_loss":0.0,"damage_taken":7.0},{"damage_healed":0.0,"max_hp_gain":0.0,"max_hp_loss":0.0,"gold_gain":0.0,"cards_transformed":["Strike_B"],"event_name":"Living Wall","player_choice":"Change","floor":7.0,"gold_loss":0.0,"damage_taken":0.0,"cards_obtained":["Hologram"]},{"cards_removed":["Strike_B"],"damage_healed":0,"gold_gain":0,"player_choice":"Gave Gold","damage_taken":0,"max_hp_gain":0,"max_hp_loss":0,"event_name":"Beggar","floor":19,"gold_loss":75}],"is_beta":false,"boss_relics":[{"not_picked":["Eternal Feather","Inserter"],"picked":"Sozu"}],"items_purged_floors":[],"is_endless":false,"potions_floor_spawned":[1,11,21,22],"killed_by":"Gremlin Leader","ascension_level":19}