{"gold_per_floor":[114,114,165,184,184,184,203,241,241,279,279,298,298,12,12,137,137,156,175,175,175,135,135,154,192,192,192,142,180,199,3,3,128,128,147,41,466,466,485,523,523,561,586,27,46,46],"floor_reached":46,"playtime":5318,"items_purged":[],"score":647,"play_id":"b704196f-5551-4817-afd1-5ed10715682d","local_time":"20190412183455","daily_mods":["Insanity","Red Cards","Elite Swarm"],"is_ascension_mode":false,"campfire_choices":[{"data":"Self Repair","floor":6,"key":"SMITH"},{"data":"Creative AI","floor":11,"key":"SMITH"},{"data":"Turbo","floor":15,"key":"SMITH"},{"data":"White Noise","floor":23,"key":"SMITH"},{"data":"Aggregate","floor":27,"key":"SMITH"},{"floor":32,"key":"REST"},{"floor":41,"key":"REST"}],"neow_cost":"","seed_source_timestamp":0,"circlet_count":0,"master_deck":["Ball Lightning","Sword Boomerang","Perfected Strike","Heavy Blade","Self Repair+1","Heavy Blade","Heatsinks","Defragment","Clothesline","Darkness","Shrug It Off","Turbo+1","Tempest","Anger+1","Sword Boomerang","Iron Wave","Clothesline","Searing Blow","Capacitor","Flame Barrier","Coolheaded","White Noise+1","Twin Strike","Clash","Go for the Eyes","Streamline","Clothesline","Cleave","Streamline+1","Stack","Cleave","Uppercut","Coolheaded","Steam","True Grit","Wild Strike","Stack","Blood for Blood","Sword Boomerang","Pommel Strike+1","Rage","Feel No Pain","Warcry+1","Pommel Strike","Scrape","Barrage","Disarm","Twin Strike","Skim","Clothesline","Beam Cell","Beam Cell","Twin Strike","Exhume","Creative AI+1","Flame Barrier","Core Surge","Sever Soul+1","Static Discharge","Aggregate+1","Juggernaut","Reboot","Gash","Turbo","Dark Embrace","Conserve Battery","Carnage+1","Hello World","Loop+1","Perfected Strike+1","Gash+1","Finesse","Gash","Turbo+1","Metallicize","Limit Break","Hyperbeam","Apotheosis","Bandage Up","Havoc"],"special_seed":17998,"relics":["Cracked Core","Golden Idol","Question Card","Singing Bowl","Lantern","Meat on the Bone","Runic Pyramid","PreservedInsect","Cables","Sundial","Potion Belt","DataDisk","Orrery","Old Coin","Kunai","Mummified Hand","Oddly Smooth Stone","Pantograph"],"potions_floor_usage":[16,16,24,40,42],"damage_taken":[{"damage":0,"enemies":"Jaw Worm","floor":1,"turns":2},{"damage":2,"enemies":"Small Slimes","floor":4,"turns":2},{"damage":0,"enemies":"2 Louse","floor":7,"turns":2},{"damage":16,"enemies":"Lagavulin","floor":8,"turns":5},{"damage":15,"enemies":"3 Sentries","floor":10,"turns":4},{"damage":1,"enemies":"Exordium Wildlife","floor":12,"turns":2},{"damage":38,"enemies":"Slime Boss","floor":16,"turns":8},{"damage":7,"enemies":"Spheric Guardian","floor":18,"turns":3},{"damage":35,"enemies":"3 Byrds","floor":19,"turns":5},{"damage":26,"enemies":"Snake Plant","floor":24,"turns":6},{"damage":30,"enemies":"Book of Stabbing","floor":25,"turns":5},{"damage":15,"enemies":"Gremlin Leader","floor":29,"turns":5},{"damage":3,"enemies":"Snecko","floor":30,"turns":3},{"damage":19,"enemies":"Collector","floor":33,"turns":7},{"damage":10,"enemies":"3 Shapes","floor":35,"turns":4},{"damage":42,"enemies":"Mind Bloom Boss Battle","floor":37,"turns":8},{"damage":40,"enemies":"3 Darklings","floor":39,"turns":8},{"damage":14,"enemies":"Giant Head","floor":40,"turns":6},{"damage":31,"enemies":"Reptomancer","floor":42,"turns":4},{"damage":28,"enemies":"Spire Growth","floor":45,"turns":5},{"damage":41,"enemies":"Giant Head","floor":46,"turns":5}],"seed_played":"7783280218717275473","potions_obtained":[{"floor":10,"key":"Block Potion"},{"floor":12,"key":"Swift Potion"},{"floor":16,"key":"Block Potion"},{"floor":29,"key":"Explosive Potion"},{"floor":33,"key":"Strength Potion"},{"floor":35,"key":"Swift Potion"},{"floor":40,"key":"FearPotion"},{"floor":45,"key":"Energy Potion"}],"is_trial":false,"path_per_floor":["M","?","?","M","?","R","M","E","T","E","R","M","?","$","R","B",null,"M","M","?","?","?","R","M","E","T","R","?","E","M","$","R","B",null,"M","$","?","?","M","E","R","E","T","$","M","E"],"character_chosen":"DEFECT","items_purchased":["Meat on the Bone","Flame Barrier","DataDisk","Turbo","Finesse","Gash","Pantograph","Apotheosis","Bandage Up","Havoc"],"campfire_rested":2,"item_purchase_floors":[14,14,31,31,36,36,44,44,44,44],"current_hp_per_floor":[75,75,75,73,58,58,58,52,52,37,37,38,57,57,57,41,77,70,47,47,47,47,47,43,25,25,25,25,22,31,31,54,57,77,67,67,47,47,29,27,49,30,30,30,26,0],"gold":46,"neow_bonus":"","is_prod":false,"is_daily":true,"chose_seed":false,"campfire_upgraded":5,"win_rate":0,"timestamp":1555108495,"path_taken":["M","?","?","M","?","R","?","E","T","E","R","M","?","?","R","BOSS","M","M","?","?","?","R","?","E","T","R","?","E","M","$","R","BOSS","M","?","?","?","?","E","R","E","T","$","?","E"],"build_version":"2019-01-23","purchased_purges":0,"victory":false,"max_hp_per_floor":[75,75,75,75,75,75,75,75,75,75,75,77,77,77,77,77,77,77,77,77,77,77,77,77,77,77,77,77,77,77,77,77,77,77,77,77,77,74,74,74,74,74,74,74,76,76],"card_choices":[{"not_picked":["Chill","Thunderclap"],"picked":"Beam Cell","floor":1},{"not_picked":["Body Slam","Rebound"],"picked":"Beam Cell","floor":4},{"not_picked":["Searing Blow","Disarm"],"picked":"Twin Strike","floor":7},{"not_picked":["Hyperbeam","Berserk"],"picked":"Exhume","floor":8},{"not_picked":["Buffer","Dark Embrace","Amplify"],"picked":"Creative AI","floor":10},{"not_picked":["Streamline","Shrug It Off","Lockon","Blood for Blood"],"picked":"Singing Bowl","floor":12},{"not_picked":["Offering","Machine Learning","Multi-Cast"],"picked":"Core Surge","floor":16},{"not_picked":["Havoc","Body Slam","Go for the Eyes"],"picked":"Sever Soul+1","floor":18},{"not_picked":["Conserve Battery","Compile Driver+1","Combust"],"picked":"Static Discharge","floor":19},{"not_picked":["Cold Snap","Thunderclap","Recycle+1"],"picked":"Aggregate","floor":24},{"not_picked":["Seek","Meteor Strike","Echo Form"],"picked":"Juggernaut","floor":25},{"not_picked":["Bludgeon","Limit Break","Multi-Cast"],"picked":"Reboot","floor":29},{"not_picked":["Loop+1","Body Slam","Power Through"],"picked":"Gash","floor":30},{"not_picked":["Machine Learning","Immolate","Amplify"],"picked":"Dark Embrace","floor":33},{"not_picked":["Compile Driver","Streamline+1","Defragment"],"picked":"Conserve Battery","floor":34},{"not_picked":["Barrage","Cleave+1","Thunderclap"],"picked":"Carnage+1","floor":34},{"not_picked":["Turbo","Consume+1","Hologram"],"picked":"Hello World","floor":34},{"not_picked":["Hologram+1","Pommel Strike","Undo"],"picked":"Loop+1","floor":34},{"not_picked":["Conserve Battery+1","Clash+1","Glacier"],"picked":"Perfected Strike+1","floor":34},{"not_picked":["Multi-Cast","Steam+1","Bloodletting+1"],"picked":"Gash+1","floor":35},{"not_picked":["Heatsinks+1","Dropkick+1","Armaments+1"],"picked":"Turbo+1","floor":37},{"not_picked":["Gash+1","Genetic Algorithm+1","Clash+1"],"picked":"Metallicize","floor":39},{"not_picked":["Fiend Fire","Brutality","Dark Embrace"],"picked":"Limit Break","floor":40},{"not_picked":["Machine Learning","Fission","Fiend Fire"],"picked":"Hyperbeam","floor":42},{"not_picked":["Clash","Heatsinks","Heavy Blade+1","Sever Soul+1"],"picked":"Singing Bowl","floor":45}],"player_experience":610189,"relics_obtained":[{"floor":8,"key":"Question Card"},{"floor":9,"key":"Singing Bowl"},{"floor":10,"key":"Lantern"},{"floor":25,"key":"Cables"},{"floor":26,"key":"Sundial"},{"floor":29,"key":"Potion Belt"},{"floor":37,"key":"Old Coin"},{"floor":40,"key":"Kunai"},{"floor":42,"key":"Mummified Hand"},{"floor":43,"key":"Oddly Smooth Stone"}],"event_choices":[{"damage_healed":0,"gold_gain":0,"player_choice":"Take Wound","damage_taken":0,"relics_obtained":["Golden Idol"],"max_hp_gain":0,"max_hp_loss":0,"event_name":"Golden Idol","floor":2,"gold_loss":0,"cards_obtained":["Injury"]},{"damage_healed":0,"gold_gain":51,"player_choice":"Gained Gold","damage_taken":0,"max_hp_gain":0,"max_hp_loss":0,"event_name":"Golden Wing","floor":3,"gold_loss":0},{"damage_healed":0,"gold_gain":0,"player_choice":"Entered Light","damage_taken":15,"max_hp_gain":0,"max_hp_loss":0,"event_name":"Shining Light","floor":5,"gold_loss":0,"cards_upgraded":["Warcry","Pommel Strike"]},{"damage_healed":19,"gold_gain":0,"player_choice":"Healed and dodged fight","damage_taken":0,"max_hp_gain":0,"max_hp_loss":0,"event_name":"Mushrooms","floor":13,"gold_loss":0,"cards_obtained":["Parasite"]},{"damage_healed":0,"gold_gain":0,"player_choice":"Stole Relic","damage_taken":0,"relics_obtained":["PreservedInsect"],"max_hp_gain":0,"max_hp_loss":0,"event_name":"Addict","floor":20,"gold_loss":0,"cards_obtained":["Shame"]},{"cards_removed":["Shame"],"damage_healed":0,"gold_gain":0,"player_choice":"Elegance","damage_taken":0,"max_hp_gain":0,"max_hp_loss":0,"event_name":"Back to Basics","floor":21,"gold_loss":0},{"damage_healed":0,"gold_gain":0,"player_choice":"Upgraded Two","damage_taken":0,"max_hp_gain":0,"max_hp_loss":0,"event_name":"Designer","floor":22,"gold_loss":40,"cards_upgraded":["Anger","Streamline"]},{"damage_healed":0,"gold_gain":0,"player_choice":"Bet on Owner","damage_taken":0,"max_hp_gain":0,"max_hp_loss":0,"event_name":"The Joust","floor":28,"gold_loss":50},{"damage_healed":0,"gold_gain":0,"player_choice":"Fight","damage_taken":0,"max_hp_gain":0,"max_hp_loss":0,"event_name":"MindBloom","floor":37,"gold_loss":0},{"cards_removed":["Parasite","Injury"],"damage_healed":0,"gold_gain":0,"player_choice":"Removed Curses","damage_taken":0,"max_hp_gain":0,"max_hp_loss":0,"event_name":"Fountain of Cleansing","floor":38,"gold_loss":0}],"is_beta":false,"boss_relics":[{"not_picked":["Tiny House","Cursed Key"],"picked":"Runic Pyramid"},{"not_picked":["Velvet Choker","Coffee Dripper"],"picked":"Orrery"}],"items_purged_floors":[],"is_endless":false,"potions_floor_spawned":[10,12,16,29,33,35,40,45],"killed_by":"Giant Head","ascension_level":0}