{"gold_per_floor":[114,129,129,129,35,65,95,95,95,110,125,125,33,48,48,148,198,213,213,44,44,59,59],"floor_reached":23,"playtime":1817,"items_purged":[],"score":224,"play_id":"142a64a0-11b0-455d-8900-3b0de9b9c31d","local_time":"20181225200723","daily_mods":["Chimera","Vintage","DeadlyEvents"],"is_ascension_mode":false,"campfire_choices":[{"data":"Zap","floor":8,"key":"SMITH"},{"floor":15,"key":"REST"}],"neow_cost":"","seed_source_timestamp":0,"circlet_count":0,"master_deck":["Bash","Survivor+1","Zap+1","Strike_R","Strike_G+1","Strike_B","Defend_R","Defend_G","Defend_B","Defragment","Compile Driver+1","Loop","BootSequence","Regret","Mind Blast","Gash","Echo Form","Self Repair","Turbo","Discovery","Leap"],"special_seed":17891,"relics":["Cracked Core","Bottled Lightning","Bag of Preparation","Question Card","Singing Bowl","Girya","Pear","Vajra","Shuriken","Dream Catcher","Pen Nib","Mercury Hourglass","Tiny House","Nunchaku","Enchiridion","Toxic Egg 2","Whetstone"],"potions_floor_usage":[16,16,18],"damage_taken":[{"damage":1,"enemies":"Cultist","floor":1,"turns":4},{"damage":7,"enemies":"Jaw Worm","floor":2,"turns":4},{"damage":30,"enemies":"3 Sentries","floor":6,"turns":7},{"damage":28,"enemies":"Lagavulin","floor":7,"turns":6},{"damage":0,"enemies":"Small Slimes","floor":10,"turns":3},{"damage":5,"enemies":"3 Louse","floor":11,"turns":3},{"damage":5,"enemies":"Blue Slaver","floor":14,"turns":3},{"damage":17,"enemies":"Slime Boss","floor":16,"turns":9},{"damage":38,"enemies":"Shell Parasite","floor":18,"turns":6},{"damage":26,"enemies":"3 Byrds","floor":22,"turns":4},{"damage":32,"enemies":"Slavers","floor":23,"turns":3}],"seed_played":"4795555821384986317","potions_obtained":[{"floor":7,"key":"SkillPotion"},{"floor":14,"key":"SkillPotion"},{"floor":16,"key":"SpeedPotion"},{"floor":17,"key":"Fruit Juice"},{"floor":18,"key":"Swift Potion"}],"is_trial":false,"path_per_floor":["M","M","?","T","$","E","E","R","T","M","M","?","$","M","R","B",null,"M","?","$","T","M","E"],"character_chosen":"DEFECT","items_purchased":["Defragment","Compile Driver","Mind Blast","Turbo","Discovery","Leap"],"campfire_rested":1,"item_purchase_floors":[5,5,13,20,20,20],"current_hp_per_floor":[74,67,64,64,64,34,16,16,16,16,11,11,11,6,31,14,90,64,48,48,48,29,0],"gold":59,"neow_bonus":"","is_prod":false,"is_daily":true,"chose_seed":false,"campfire_upgraded":1,"win_rate":0,"timestamp":1545786443,"path_taken":["M","?","?","?","$","E","?","R","T","M","?","?","?","M","R","BOSS","M","?","$","?","M","E"],"build_version":"2018-12-20","purchased_purges":0,"victory":false,"max_hp_per_floor":[75,75,75,75,75,75,85,85,85,85,85,85,85,85,85,85,90,95,95,95,95,95,95],"card_choices":[{"not_picked":["Leap","Melter","Conserve Battery"],"picked":"Loop","floor":6},{"not_picked":["Reprogram","Hologram","Fission"],"picked":"BootSequence","floor":7},{"not_picked":["Genetic Algorithm","Conserve Battery","Hologram"],"picked":"Gash","floor":15},{"not_picked":["Hyperbeam","Multi-Cast","Core Surge"],"picked":"Echo Form","floor":16},{"not_picked":["Capacitor","Sweeping Beam","Fusion"],"picked":"Self Repair","floor":17}],"player_experience":521984,"relics_obtained":[{"floor":1,"key":"Bottled Lightning"},{"floor":2,"key":"Bag of Preparation"},{"floor":4,"key":"Singing Bowl"},{"floor":6,"key":"Girya"},{"floor":7,"key":"Pear"},{"floor":9,"key":"Vajra"},{"floor":10,"key":"Shuriken"},{"floor":11,"key":"Dream Catcher"},{"floor":14,"key":"Mercury Hourglass"},{"floor":18,"key":"Nunchaku"},{"floor":19,"key":"Enchiridion"},{"floor":21,"key":"Toxic Egg 2"},{"floor":22,"key":"Whetstone"}],"event_choices":[{"damage_healed":0,"gold_gain":0,"player_choice":"Success","damage_taken":3,"relics_obtained":["Question Card"],"max_hp_gain":0,"max_hp_loss":0,"event_name":"Scrap Ooze","floor":3,"gold_loss":0},{"damage_healed":0,"gold_gain":0,"player_choice":"Box","damage_taken":0,"relics_obtained":["Pen Nib"],"max_hp_gain":0,"max_hp_loss":0,"event_name":"Big Fish","floor":12,"gold_loss":0,"cards_obtained":["Regret"]},{"damage_healed":0,"gold_gain":0,"player_choice":"Obtained Book","damage_taken":16,"max_hp_gain":0,"max_hp_loss":0,"event_name":"Cursed Tome","floor":19,"gold_loss":0}],"is_beta":false,"boss_relics":[{"not_picked":["Runic Pyramid","Black Star"],"picked":"Tiny House"}],"items_purged_floors":[],"is_endless":false,"potions_floor_spawned":[7,14,16,18],"killed_by":"Slavers","ascension_level":0}