{"gold_per_floor":[113,127,139,59,78,108,108,124,124,124,150,150,182,201,231,308,308,323,18,35,54,54,87,87,87,113,113,129,129,145,145,145,223,223,236,236,252,263,278,278,278],"floor_reached":41,"playtime":1749,"items_purged":["Decay"],"score":970,"play_id":"44027fa9-f624-4e9d-aa6c-781acb92704d","local_time":"20190527174521","is_ascension_mode":true,"campfire_choices":[{"data":"Inflame","floor":7.0,"key":"SMITH"},{"data":"Metallicize","floor":12.0,"key":"SMITH"},{"floor":15.0,"key":"DIG"},{"floor":24.0,"key":"DIG"},{"floor":29.0,"key":"DIG"},{"floor":32.0,"key":"REST"},{"floor":40.0,"key":"REST"}],"neow_cost":"CURSE","seed_source_timestamp":0,"circlet_count":0,"master_deck":["AscendersBane","Strike_R","Strike_R","Strike_R","Strike_R","Strike_R","Defend_R","Defend_R","Defend_R","Defend_R","Bash","Pommel Strike","Anger","Pommel Strike","Inflame+1","Clothesline","Metallicize+1","Sword Boomerang","Sword Boomerang","Pummel","Demon Form","Armaments+1","Double Tap+1","Havoc+1","Flame Barrier+1","J.A.X.+1","Armaments+1","Infernal Blade+1","Heavy Blade","Decay","Feed","Parasite","Headbutt+1"],"special_seed":0,"relics":["Black Blood","Bottled Flame","Red Skull","Strawberry","Toxic Egg 2","Shovel","Tiny Chest","Sozu","Dodecahedron","Pantograph","Blood Vial","Bag of Marbles","Darkstone Periapt"],"potions_floor_usage":[],"damage_taken":[{"damage":8.0,"enemies":"Cultist","floor":1.0,"turns":4.0},{"damage":5.0,"enemies":"2 Louse","floor":2.0,"turns":4.0},{"damage":4.0,"enemies":"Small Slimes","floor":3.0,"turns":3.0},{"damage":16.0,"enemies":"Blue Slaver","floor":5.0,"turns":3.0},{"damage":10.0,"enemies":"Gremlin Nob","floor":6.0,"turns":3.0},{"damage":13.0,"enemies":"2 Fungi Beasts","floor":8.0,"turns":4.0},{"damage":18.0,"enemies":"3 Sentries","floor":11.0,"turns":5.0},{"damage":0.0,"enemies":"Gremlin Nob","floor":13.0,"turns":2.0},{"damage":8.0,"enemies":"Large Slime","floor":14.0,"turns":3.0},{"damage":26.0,"enemies":"Slime Boss","floor":16.0,"turns":6.0},{"damage":31.0,"enemies":"Shell Parasite","floor":18.0,"turns":4.0},{"damage":18.0,"enemies":"2 Thieves","floor":20.0,"turns":2.0},{"damage":13.0,"enemies":"Snecko","floor":21.0,"turns":3.0},{"damage":10.0,"enemies":"Slavers","floor":23.0,"turns":3.0},{"damage":25.0,"enemies":"Cultist and Chosen","floor":28.0,"turns":4.0},{"damage":16.0,"enemies":"Snake Plant","floor":30.0,"turns":3.0},{"damage":75.0,"enemies":"Collector","floor":33.0,"turns":8.0},{"damage":49.0,"enemies":"Orb Walker","floor":35.0,"turns":5.0},{"damage":33.0,"enemies":"3 Shapes","floor":37.0,"turns":5.0},{"damage":0.0,"enemies":"3 Darklings","floor":38.0,"turns":1.0},{"damage":40.0,"enemies":"Writhing Mass","floor":39.0,"turns":4.0},{"damage":61,"enemies":"Giant Head","floor":41,"turns":4}],"seed_played":"-6573637949636834197","potions_obtained":[{"floor":2.0,"key":"GamblersBrew"},{"floor":3.0,"key":"Regen Potion"},{"floor":8.0,"key":"FearPotion"},{"floor":11.0,"key":"LiquidBronze"},{"floor":16.0,"key":"FearPotion"}],"is_trial":false,"path_per_floor":["M","M","M","$","M","E","R","M","T","?","E","R","E","M","R","B",null,"M","$","M","M","?","E","R","?","T","T","M","R","M","?","R","B",null,"M","?","M","M","M","R","E"],"character_chosen":"IRONCLAD","items_purchased":["Inflame","Armaments+1","Double Tap+1"],"campfire_rested":2,"item_purchase_floors":[4,19,19],"current_hp_per_floor":[80,81,83,83,73,78,78,71,71,52,40,40,46,44,44,24,78,53,53,41,34,34,30,30,49,49,49,32,32,24,30,60,18,81,44,44,26,38,19,53,0],"gold":278,"neow_bonus":"TWENTY_PERCENT_HP_BONUS","is_prod":false,"is_daily":false,"chose_seed":false,"campfire_upgraded":2,"win_rate":0,"timestamp":1559004321,"path_taken":["M","M","M","$","?","E","R","M","T","?","E","R","E","M","R","BOSS","M","$","M","M","?","E","R","?","T","?","M","R","M","?","R","BOSS","M","?","M","M","M","R","E"],"build_version":"2019-01-23","purchased_purges":1,"victory":false,"max_hp_per_floor":[89,89,89,89,89,89,89,89,89,96,96,96,96,96,96,96,96,96,96,96,96,96,96,96,96,96,96,96,96,96,102,102,102,102,102,102,105,105,114,114,114],"card_choices":[{"not_picked":["Twin Strike","Warcry"],"picked":"Pommel Strike","floor":1.0},{"not_picked":["Cleave","Second Wind"],"picked":"Anger","floor":2.0},{"not_picked":["Sword Boomerang","Flex"],"picked":"Pommel Strike","floor":3.0},{"not_picked":["Sword Boomerang","Brutality"],"picked":"Clothesline","floor":5.0},{"not_picked":["Iron Wave","Inflame"],"picked":"Metallicize","floor":6.0},{"not_picked":["Havoc","Clothesline"],"picked":"Sword Boomerang","floor":8.0},{"not_picked":["Thunderclap","Pommel Strike"],"picked":"Sword Boomerang","floor":11.0},{"not_picked":["Twin Strike","Juggernaut"],"picked":"Pummel","floor":13.0},{"not_picked":["Thunderclap","Burning Pact+1","Body Slam"],"picked":"SKIP","floor":14.0},{"not_picked":["Bludgeon","Double Tap+1"],"picked":"Demon Form","floor":16.0},{"not_picked":["Clash","Fire Breathing+1","Perfected Strike"],"picked":"SKIP","floor":18.0},{"not_picked":["Hemokinesis","Pommel Strike"],"picked":"Havoc+1","floor":20.0},{"not_picked":["Entrench+1","Armaments+1"],"picked":"Flame Barrier+1","floor":21.0},{"not_picked":["Pommel Strike","Dark Embrace"],"picked":"Armaments+1","floor":23.0},{"not_picked":["Shockwave+1","Perfected Strike"],"picked":"Infernal Blade+1","floor":28.0},{"not_picked":["Sever Soul","Ghostly Armor+1"],"picked":"Heavy Blade","floor":30.0},{"not_picked":["Demon Form","Juggernaut"],"picked":"Feed","floor":33.0},{"not_picked":["Clash","Bloodletting+1","Perfected Strike"],"picked":"SKIP","floor":35.0},{"not_picked":["Wild Strike","Headbutt","Blood for Blood"],"picked":"SKIP","floor":37.0},{"not_picked":["Wild Strike","Blood for Blood+1","Sword Boomerang"],"picked":"SKIP","floor":38.0},{"not_picked":["Rage+1","Clothesline"],"picked":"Headbutt+1","floor":39.0}],"player_experience":784670,"relics_obtained":[{"floor":6.0,"key":"Bottled Flame"},{"floor":9.0,"key":"Red Skull"},{"floor":11.0,"key":"Toxic Egg 2"},{"floor":13.0,"key":"Shovel"},{"floor":15.0,"key":"Tiny Chest"},{"floor":23.0,"key":"Dodecahedron"},{"floor":24.0,"key":"Pantograph"},{"floor":26.0,"key":"Blood Vial"},{"floor":27.0,"key":"Bag of Marbles"},{"floor":29.0,"key":"Darkstone Periapt"}],"event_choices":[{"damage_healed":0.0,"max_hp_gain":0.0,"max_hp_loss":0.0,"gold_gain":0.0,"event_name":"Scrap Ooze","player_choice":"Success","floor":10.0,"gold_loss":0.0,"damage_taken":26.0,"relics_obtained":["Strawberry"]},{"damage_healed":0.0,"max_hp_gain":0.0,"max_hp_loss":0.0,"gold_gain":0.0,"event_name":"Drug Dealer","player_choice":"Obtain J.A.X.","floor":22.0,"gold_loss":0.0,"damage_taken":0.0,"cards_obtained":["J.A.X."]},{"damage_healed":19.0,"max_hp_gain":0.0,"max_hp_loss":0.0,"gold_gain":0.0,"event_name":"The Library","player_choice":"Heal","floor":25.0,"gold_loss":0.0,"damage_taken":0.0},{"damage_healed":0.0,"max_hp_gain":0.0,"max_hp_loss":0.0,"gold_gain":0.0,"event_name":"Forgotten Altar","player_choice":"Smashed Altar","floor":31.0,"gold_loss":0.0,"damage_taken":0.0,"cards_obtained":["Decay"]},{"damage_healed":0.0,"max_hp_gain":0.0,"max_hp_loss":0.0,"gold_gain":0.0,"event_name":"Mysterious Sphere","player_choice":"Ignored","floor":36.0,"gold_loss":0.0,"damage_taken":0.0}],"is_beta":false,"boss_relics":[{"not_picked":["Empty Cage","Busted Crown"],"picked":"Sozu"},{"not_picked":["Velvet Choker","Mark of Pain"],"picked":"Black Blood"}],"items_purged_floors":[19],"is_endless":false,"potions_floor_spawned":[2,3,8,11,16,18,28,30,38,39],"killed_by":"Giant Head","ascension_level":20}