{"gold_per_floor":[113,38,53,53,53,53,64,64,64,82,113,113],"floor_reached":12,"playtime":364,"items_purged":[],"score":156,"play_id":"f1c52770-5cf5-433f-9fc3-ef1e6d9d810f","local_time":"20190608160421","is_ascension_mode":true,"campfire_choices":[{"floor":6,"key":"DIG"},{"floor":8,"key":"DIG"}],"neow_cost":"TEN_PERCENT_HP_LOSS","seed_source_timestamp":270115865083866,"circlet_count":0,"master_deck":["AscendersBane","Strike_R","Strike_R","Strike_R+1","Strike_R","Defend_R","Defend_R","Defend_R","Defend_R","Bash","Panacea","Impatience","Battle Trance","Spot Weakness+1","Regret","Pommel Strike","Warcry","Headbutt"],"relics":["Burning Blood","Shovel","Omamori","Bronze Scales","Darkstone Periapt","Art of War"],"potions_floor_usage":[11],"damage_taken":[{"damage":4,"enemies":"Jaw Worm","floor":1,"turns":5},{"damage":7,"enemies":"2 Louse","floor":3,"turns":3},{"damage":13,"enemies":"Small Slimes","floor":7,"turns":3},{"damage":14,"enemies":"2 Fungi Beasts","floor":10,"turns":3},{"damage":30,"enemies":"Lagavulin","floor":11,"turns":6},{"damage":12,"enemies":"Exordium Thugs","floor":12,"turns":1}],"seed_played":"3413610877421444714","potions_obtained":[{"floor":3,"key":"Fire Potion"},{"floor":11,"key":"Swift Potion"}],"is_trial":false,"path_per_floor":["M","?","M","?","?","R","M","R","T","M","E","M"],"character_chosen":"IRONCLAD","items_purchased":[],"campfire_rested":0,"item_purchase_floors":[],"current_hp_per_floor":[68,68,67,47,47,47,40,40,40,32,8,0],"gold":113,"neow_bonus":"RANDOM_COLORLESS_2","is_prod":false,"is_daily":false,"chose_seed":false,"campfire_upgraded":0,"win_rate":0,"timestamp":1560035061,"path_taken":["M","?","M","?","?","R","M","R","T","M","E","M"],"build_version":"2019-01-23","purchased_purges":0,"victory":false,"max_hp_per_floor":[68,68,68,68,68,68,68,68,68,68,68,68],"card_choices":[{"not_picked":["True Grit","Shockwave"],"picked":"Battle Trance","floor":1},{"not_picked":["Clash","Searing Blow"],"picked":"Spot Weakness","floor":3},{"not_picked":["Thunderclap","Heavy Blade"],"picked":"Pommel Strike","floor":7},{"not_picked":["Corruption","Wild Strike"],"picked":"Warcry","floor":10},{"not_picked":["Dark Embrace","Heavy Blade"],"picked":"Headbutt","floor":11}],"player_experience":814771,"relics_obtained":[{"floor":6,"key":"Omamori"},{"floor":8,"key":"Bronze Scales"},{"floor":9,"key":"Darkstone Periapt"},{"floor":11,"key":"Art of War"}],"event_choices":[{"cards_removed":["Strike_R"],"damage_healed":0,"gold_gain":0,"player_choice":"Card Removal","damage_taken":0,"max_hp_gain":0,"max_hp_loss":0,"event_name":"The Cleric","floor":2,"gold_loss":75},{"damage_healed":0,"gold_gain":0,"player_choice":"Entered Light","damage_taken":20,"max_hp_gain":0,"max_hp_loss":0,"event_name":"Shining Light","floor":4,"gold_loss":0,"cards_upgraded":["Spot Weakness","Strike_R"]},{"damage_healed":0,"gold_gain":0,"player_choice":"Box","damage_taken":0,"relics_obtained":["Shovel"],"max_hp_gain":0,"max_hp_loss":0,"event_name":"Big Fish","floor":5,"gold_loss":0,"cards_obtained":["Regret"]}],"is_beta":false,"boss_relics":[],"items_purged_floors":[],"is_endless":false,"potions_floor_spawned":[3,11],"killed_by":"Exordium Thugs","ascension_level":20}