{"gold_per_floor":[113,139,139,153,103,103,137,137,206,206,219,219,252,265,265,370,370,386,397,409,428,428],"floor_reached":22,"playtime":2043,"items_purged":[],"score":216,"play_id":"f7d48c7a-d6ee-459e-b847-f6b2c959fc16","local_time":"20190710203423","is_ascension_mode":true,"campfire_choices":[{"data":"Zap","floor":6,"key":"SMITH"},{"data":"Dualcast","floor":8,"key":"SMITH"},{"data":"Gash","floor":12,"key":"SMITH"},{"data":"Seek","floor":15,"key":"SMITH"}],"neow_cost":"NONE","seed_source_timestamp":32219047208100,"circlet_count":0,"master_deck":["Strike_B","Strike_B","Defend_B","Defend_B","Defend_B","Defend_B","Zap+1","Dualcast+1","Gash+1","Turbo","Hologram","Rebound","Zap","Reboot","Leap","Seek+1","Doom and Gloom","Fission","FTL+1","Gash+1","Gash","Rebound+1"],"relics":["Cracked Core","Bag of Preparation","Orichalcum","Bottled Flame","Du-Vu Doll","Eternal Feather"],"potions_floor_usage":[7,20],"damage_taken":[{"damage":1,"enemies":"Cultist","floor":1,"turns":3},{"damage":3,"enemies":"Jaw Worm","floor":4,"turns":4},{"damage":10,"enemies":"3 Sentries","floor":7,"turns":8},{"damage":0,"enemies":"2 Louse","floor":11,"turns":2},{"damage":19,"enemies":"Lagavulin","floor":13,"turns":5},{"damage":0,"enemies":"Large Slime","floor":14,"turns":3},{"damage":39,"enemies":"Hexaghost","floor":16,"turns":9},{"damage":10,"enemies":"Shell Parasite","floor":18,"turns":3},{"damage":3,"enemies":"Chosen","floor":19,"turns":3},{"damage":15,"enemies":"Shelled Parasite and Fungi","floor":20,"turns":5},{"damage":34,"enemies":"Centurion and Healer","floor":21,"turns":4},{"damage":24,"enemies":"Snake Plant","floor":22,"turns":3}],"seed_played":"-1435167962400575192","potions_obtained":[{"floor":4,"key":"Swift Potion"},{"floor":13,"key":"Ancient Potion"},{"floor":16,"key":"SpeedPotion"},{"floor":18,"key":"Weak Potion"}],"is_trial":false,"path_per_floor":["M","T","?","M","?","R","E","R","T","?","M","R","E","M","R","B",null,"M","M","M","M","M"],"character_chosen":"DEFECT","items_purchased":[],"campfire_rested":0,"item_purchase_floors":[],"current_hp_per_floor":[81,81,81,78,78,78,68,68,68,68,68,68,49,49,49,10,82,72,69,54,20,0],"gold":428,"neow_bonus":"TEN_PERCENT_HP_BONUS","is_prod":false,"is_daily":false,"chose_seed":false,"campfire_upgraded":4,"win_rate":0,"timestamp":1562783663,"path_taken":["M","?","?","?","?","R","E","R","T","?","M","R","E","?","R","BOSS","M","M","M","?","M"],"build_version":"2019-07-05","purchased_purges":0,"victory":false,"max_hp_per_floor":[82,82,82,82,82,82,82,82,82,82,82,82,82,82,82,82,82,82,82,82,82,82],"card_choices":[{"not_picked":["Beam Cell","Turbo"],"picked":"Gash","floor":1},{"not_picked":["Go for the Eyes","Loop"],"picked":"Hologram","floor":4},{"not_picked":["Turbo","Defragment"],"picked":"Rebound","floor":7},{"not_picked":["Stack","Chaos"],"picked":"Leap","floor":11},{"not_picked":["Doom and Gloom","Leap"],"picked":"Seek","floor":13},{"not_picked":["Ball Lightning","Cold Snap"],"picked":"Doom and Gloom","floor":14},{"not_picked":["Hyperbeam","Multi-Cast"],"picked":"Fission","floor":16},{"not_picked":["Auto Shields","Melter+1"],"picked":"FTL+1","floor":18},{"not_picked":["BootSequence","Cold Snap"],"picked":"Gash+1","floor":19},{"not_picked":["White Noise","Coolheaded"],"picked":"Gash","floor":20},{"not_picked":["Cold Snap","Compile Driver"],"picked":"Rebound+1","floor":21}],"player_experience":143742,"relics_obtained":[{"floor":2,"key":"Bag of Preparation"},{"floor":7,"key":"Orichalcum"},{"floor":9,"key":"Bottled Flame"},{"floor":13,"key":"Du-Vu Doll"}],"event_choices":[{"damage_healed":0,"gold_gain":0,"cards_transformed":["Strike_B"],"player_choice":"Transformed","damage_taken":0,"max_hp_gain":0,"max_hp_loss":0,"event_name":"Transmorgrifier","floor":3,"gold_loss":0,"cards_obtained":["Turbo"]},{"cards_removed":["Strike_B"],"damage_healed":0,"gold_gain":0,"player_choice":"Card Removal","damage_taken":0,"max_hp_gain":0,"max_hp_loss":0,"event_name":"The Cleric","floor":5,"gold_loss":50},{"damage_healed":0,"gold_gain":0,"player_choice":"2 cards matched","damage_taken":0,"max_hp_gain":0,"max_hp_loss":0,"event_name":"Match and Keep!","floor":10,"gold_loss":0,"cards_obtained":["Zap","Reboot"]}],"is_beta":false,"boss_relics":[{"not_picked":["Coffee Dripper","Lizard Tail"],"picked":"Eternal Feather"}],"items_purged_floors":[],"is_endless":false,"potions_floor_spawned":[4,13,16,18],"killed_by":"Snake Plant","ascension_level":2}