{"gold_per_floor":[118,8,8,8,18,45,45,77,156,4,30,30,49,62,62,165,165,178,4,23,23,34,67,67,96,149,249,269,301,44,73,73,177,177,189,200,213,213,226,226,257,257,308,334,334,334,334,347,347,347,347,347,9,39,39],"floor_reached":55,"playtime":4826,"items_purged":["Strike_R","Strike_R","Barricade"],"score":956,"play_id":"ba28fd87-506d-4047-b9db-1a632c53e8b3","local_time":"20190710185616","is_ascension_mode":true,"campfire_choices":[{"data":"Inflame","floor":7,"key":"SMITH"},{"data":"Heavy Blade","floor":15,"key":"SMITH"},{"floor":32,"key":"REST"},{"floor":40,"key":"RECALL"},{"floor":42,"key":"REST"},{"floor":45,"key":"REST"},{"floor":47,"key":"REST"},{"floor":49,"key":"REST"},{"data":"Berserk","floor":52,"key":"SMITH"}],"neow_cost":"NONE","seed_source_timestamp":23549220721000,"circlet_count":0,"master_deck":["Bash","Heavy Blade","Inflame+1","Bludgeon","Cleave","Whirlwind","Heavy Blade+1","Pummel","Demon Form","Seeing Red","Apotheosis+1","Warcry+1","Writhe","Berserk+1","Battle Trance","Reckless Charge","Juggernaut","Flex","Headbutt+1","Writhe","Purity","Flex+1"],"relics":["Burning Blood","PreservedInsect","Self Forming Clay","Pear","Whetstone","The Courier","Anchor","Runic Pyramid","Bottled Tornado","Blood Vial","Bag of Preparation","Art of War","Du-Vu Doll","Mummified Hand","Red Skull","Kunai","Pandora\u0027s Box","Bag of Marbles","Question Card","Lantern","Bronze Scales"],"potions_floor_usage":[20,25,25,25,29,31,33,44,50,50,55],"damage_taken":[{"damage":6,"enemies":"2 Louse","floor":1,"turns":3},{"damage":0,"enemies":"Cultist","floor":5,"turns":2},{"damage":40,"enemies":"Lagavulin","floor":6,"turns":6},{"damage":0,"enemies":"Gremlin Nob","floor":8,"turns":2},{"damage":10,"enemies":"3 Sentries","floor":11,"turns":3},{"damage":0,"enemies":"Small Slimes","floor":13,"turns":3},{"damage":1,"enemies":"Exordium Thugs","floor":14,"turns":3},{"damage":37,"enemies":"The Guardian","floor":16,"turns":10},{"damage":8,"enemies":"Shell Parasite","floor":18,"turns":4},{"damage":3,"enemies":"3 Byrds","floor":20,"turns":4},{"damage":26,"enemies":"Cultist and Chosen","floor":22,"turns":5},{"damage":70,"enemies":"Gremlin Leader","floor":23,"turns":7},{"damage":7,"enemies":"Book of Stabbing","floor":25,"turns":4},{"damage":21,"enemies":"Colosseum Slavers","floor":27,"turns":3},{"damage":8,"enemies":"Colosseum Nobs","floor":27,"turns":3},{"damage":3,"enemies":"Sentry and Sphere","floor":28,"turns":3},{"damage":0,"enemies":"Gremlin Leader","floor":29,"turns":3},{"damage":5,"enemies":"Slavers","floor":31,"turns":3},{"damage":48,"enemies":"Collector","floor":33,"turns":6},{"damage":1,"enemies":"3 Darklings","floor":35,"turns":2},{"damage":1,"enemies":"Orb Walker","floor":36,"turns":2},{"damage":34,"enemies":"Jaw Worm Horde","floor":37,"turns":3},{"damage":35,"enemies":"Spire Growth","floor":39,"turns":3},{"damage":34,"enemies":"Reptomancer","floor":41,"turns":4},{"damage":29,"enemies":"Nemesis","floor":44,"turns":3},{"damage":46,"enemies":"Sphere and 2 Shapes","floor":48,"turns":3},{"damage":70,"enemies":"Awakened One","floor":50,"turns":5},{"damage":84,"enemies":"Shield and Spear","floor":54,"turns":3},{"damage":70,"enemies":"The Heart","floor":55,"turns":2}],"seed_played":"6359417186398094834","potions_obtained":[{"floor":5,"key":"GamblersBrew"},{"floor":8,"key":"Energy Potion"},{"floor":14,"key":"PowerPotion"},{"floor":22,"key":"GamblersBrew"},{"floor":23,"key":"Fruit Juice"},{"floor":28,"key":"SkillPotion"},{"floor":36,"key":"Fire Potion"},{"floor":44,"key":"SkillPotion"},{"floor":48,"key":"Weak Potion"}],"is_trial":false,"path_per_floor":["M","$","?","$","M","E","R","E","T","$","E","?","M","M","R","B",null,"M","$","M","?","M","E","?","E","T","?","M","E","$","E","R","B",null,"M","M","M","?","M","R","E","R","T","E","R","?","R","M","R","B",null,"R","$","E","B"],"character_chosen":"IRONCLAD","items_purchased":["Inflame","Whetstone","Seeing Red","Apotheosis","SmokeBomb","Strength Potion","Regen Potion","Lantern","Purity","PowerPotion"],"campfire_rested":5,"item_purchase_floors":[2,10,19,19,30,30,30,53,53,53],"current_hp_per_floor":[88,88,88,88,88,54,54,60,70,70,66,48,54,59,59,28,98,96,96,98,98,78,14,14,20,20,7,12,20,20,23,53,27,103,103,103,75,101,74,74,48,78,78,57,87,87,103,63,93,31,103,103,103,25,0],"gold":39,"neow_bonus":"TEN_PERCENT_HP_BONUS","is_prod":false,"is_daily":false,"chose_seed":false,"campfire_upgraded":3,"win_rate":0,"timestamp":1562777776,"path_taken":["M","$","?","?","M","E","R","E","T","$","E","?","?","M","R","BOSS","M","$","M","?","?","E","?","E","T","?","M","E","$","E","R","BOSS","M","M","M","?","M","R","E","R","T","E","R","?","R","M","R","BOSS","R","$","E","BOSS"],"build_version":"2019-07-05","purchased_purges":3,"victory":false,"max_hp_per_floor":[88,88,88,88,88,88,88,88,98,98,98,98,98,98,98,98,98,98,98,98,98,98,98,98,103,103,103,103,103,103,103,103,103,103,103,103,103,103,103,103,103,103,103,103,103,103,103,103,103,103,103,103,103,103,103],"card_choices":[{"not_picked":["Flame Barrier","True Grit"],"picked":"Heavy Blade","floor":1},{"not_picked":["Iron Wave","Rupture"],"picked":"Cleave","floor":5},{"not_picked":["Rupture","Shrug It Off"],"picked":"Whirlwind","floor":6},{"not_picked":["Reaper","Iron Wave","Wild Strike"],"picked":"SKIP","floor":8},{"not_picked":["Twin Strike","Pommel Strike"],"picked":"Heavy Blade","floor":11},{"not_picked":["Entrench","Clothesline","Carnage"],"picked":"SKIP","floor":13},{"not_picked":["Thunderclap","Dropkick"],"picked":"Pummel","floor":14},{"not_picked":["Feed","Brutality"],"picked":"Demon Form","floor":16},{"not_picked":["Flex","Second Wind+1","Wild Strike"],"picked":"SKIP","floor":18},{"not_picked":["Fiend Fire","Perfected Strike+1"],"picked":"Warcry+1","floor":20},{"not_picked":["Havoc","Pommel Strike","Thunderclap"],"picked":"SKIP","floor":22},{"not_picked":["Combust","Inflame","Heavy Blade+1"],"picked":"SKIP","floor":23},{"not_picked":["Havoc","Carnage","Shrug It Off+1"],"picked":"SKIP","floor":25},{"not_picked":["Pommel Strike","Armaments+1","Metallicize+1"],"picked":"SKIP","floor":28},{"not_picked":["Combust","Infernal Blade+1","Shockwave"],"picked":"SKIP","floor":29},{"not_picked":["Twin Strike","Thunderclap","Flame Barrier"],"picked":"SKIP","floor":31},{"not_picked":["Barricade","Dark Embrace"],"picked":"Berserk","floor":33},{"not_picked":["True Grit+1","Heavy Blade+1","Armaments"],"picked":"SKIP","floor":35},{"not_picked":["Cleave+1","Reckless Charge","Sword Boomerang"],"picked":"SKIP","floor":36},{"not_picked":["Thunderclap+1","Shrug It Off"],"picked":"Headbutt+1","floor":37},{"not_picked":["Flame Barrier","Thunderclap","Iron Wave+1"],"picked":"SKIP","floor":39},{"not_picked":["Combust+1","Perfected Strike+1","Dual Wield"],"picked":"SKIP","floor":41},{"not_picked":["Bludgeon","Clothesline","Headbutt"],"picked":"SKIP","floor":44},{"not_picked":["Armaments","Perfected Strike+1","Havoc","Sword Boomerang+1"],"picked":"SKIP","floor":48},{"not_picked":["Heavy Blade+1","Second Wind","Anger+1"],"picked":"Flex+1","floor":54}],"player_experience":135163,"relics_obtained":[{"floor":6,"key":"PreservedInsect"},{"floor":8,"key":"Self Forming Clay"},{"floor":9,"key":"Pear"},{"floor":11,"key":"The Courier"},{"floor":23,"key":"Bottled Tornado"},{"floor":25,"key":"Bag of Preparation"},{"floor":26,"key":"Art of War"},{"floor":27,"key":"Du-Vu Doll"},{"floor":27,"key":"Mummified Hand"},{"floor":29,"key":"Red Skull"},{"floor":31,"key":"Kunai"},{"floor":41,"key":"Bag of Marbles"},{"floor":44,"key":"Question Card"},{"floor":54,"key":"Bronze Scales"}],"event_choices":[{"damage_healed":0,"gold_gain":0,"cards_transformed":["Defend_R"],"player_choice":"Transformed","damage_taken":0,"max_hp_gain":0,"max_hp_loss":0,"event_name":"Transmorgrifier","floor":3,"gold_loss":0,"cards_obtained":["Bludgeon"]},{"damage_healed":0,"gold_gain":0,"player_choice":"Success","damage_taken":18,"relics_obtained":["Anchor"],"max_hp_gain":0,"max_hp_loss":0,"event_name":"Scrap Ooze","floor":12,"gold_loss":0},{"damage_healed":0,"gold_gain":0,"player_choice":"Forge","damage_taken":0,"max_hp_gain":0,"max_hp_loss":0,"event_name":"Accursed Blacksmith","floor":21,"gold_loss":0,"cards_upgraded":["Apotheosis"]},{"damage_healed":0,"gold_gain":0,"player_choice":"Opened","damage_taken":0,"relics_obtained":["Blood Vial"],"max_hp_gain":0,"max_hp_loss":0,"event_name":"The Mausoleum","floor":24,"gold_loss":0,"cards_obtained":["Writhe"]},{"damage_healed":0,"gold_gain":0,"player_choice":"Fight","damage_taken":0,"max_hp_gain":0,"max_hp_loss":0,"event_name":"Colosseum","floor":27,"gold_loss":0},{"damage_healed":0,"gold_gain":0,"player_choice":"Fought Nobs","damage_taken":0,"max_hp_gain":0,"max_hp_loss":0,"event_name":"Colosseum","floor":27,"gold_loss":0},{"damage_healed":26,"gold_gain":0,"player_choice":"Writhe","damage_taken":0,"max_hp_gain":0,"max_hp_loss":0,"event_name":"Winding Halls","floor":38,"gold_loss":0,"cards_obtained":["Writhe"]},{"cards_removed":["Bludgeon"],"damage_healed":0,"gold_gain":0,"player_choice":"Removed Attack","damage_taken":0,"max_hp_gain":0,"max_hp_loss":0,"event_name":"Falling","floor":46,"gold_loss":0}],"is_beta":false,"boss_relics":[{"not_picked":["Runic Cube","Astrolabe"],"picked":"Runic Pyramid"},{"not_picked":["Orrery","Tiny House"],"picked":"Pandora\u0027s Box"}],"items_purged_floors":[2,30,53],"is_endless":false,"potions_floor_spawned":[5,8,14,22,23,28,36,44,48],"killed_by":"The Heart","ascension_level":2}