{"gold_per_floor":[117,117,117,117,131,131,144,162,209,209,227,227,260,285,285,285],"floor_reached":16,"playtime":630,"items_purged":[],"score":102,"play_id":"4bd8b277-2ee7-405b-af96-e83635ad2839","local_time":"20190707201035","is_ascension_mode":false,"campfire_choices":[{"data":"Zap","floor":6,"key":"SMITH"},{"data":"Fusion","floor":10,"key":"SMITH"},{"data":"Double Energy","floor":12,"key":"SMITH"},{"data":"Dualcast","floor":15,"key":"SMITH"}],"neow_cost":"NONE","seed_source_timestamp":260592426180887,"circlet_count":0,"master_deck":["Strike_B+1","Strike_B","Strike_B+1","Strike_B","Defend_B","Defend_B","Defend_B","Defend_B","Zap+1","Dualcast+1","Conserve Battery","Steam","Double Energy+1","Fusion+1","Seek","Cold Snap"],"relics":["Cracked Core","Golden Idol","Boot","Whetstone"],"potions_floor_usage":[13,16],"damage_taken":[{"damage":2,"enemies":"Jaw Worm","floor":1,"turns":5},{"damage":0,"enemies":"2 Louse","floor":5,"turns":2},{"damage":0,"enemies":"Cultist","floor":7,"turns":3},{"damage":6,"enemies":"Lots of Slimes","floor":8,"turns":4},{"damage":9,"enemies":"2 Fungi Beasts","floor":11,"turns":5},{"damage":35,"enemies":"Lagavulin","floor":13,"turns":9},{"damage":5,"enemies":"Exordium Thugs","floor":14,"turns":5},{"damage":30,"enemies":"Slime Boss","floor":16,"turns":3}],"seed_played":"-5769933994346019694","potions_obtained":[{"floor":0,"key":"Explosive Potion"},{"floor":0,"key":"SkillPotion"},{"floor":0,"key":"Regen Potion"},{"floor":1,"key":"SpeedPotion"}],"is_trial":false,"path_per_floor":["M","?","?","?","M","R","M","M","T","R","M","R","E","M","R","B"],"character_chosen":"DEFECT","items_purchased":[],"campfire_rested":0,"item_purchase_floors":[],"current_hp_per_floor":[73,55,55,55,55,55,55,49,49,49,40,40,20,15,15,0],"gold":285,"neow_bonus":"THREE_SMALL_POTIONS","is_prod":false,"is_daily":false,"chose_seed":false,"campfire_upgraded":4,"win_rate":0.0,"timestamp":1562566235,"path_taken":["M","?","?","?","M","R","M","M","T","R","?","R","E","?","R","BOSS"],"build_version":"2019-07-05","purchased_purges":0,"victory":false,"max_hp_per_floor":[75,75,75,75,75,75,75,75,75,75,75,75,75,75,75,75],"card_choices":[{"not_picked":["Ball Lightning","Chill"],"picked":"Conserve Battery","floor":1},{"not_picked":["Static Discharge","Sweeping Beam"],"picked":"Steam","floor":5},{"not_picked":["Conserve Battery","Leap"],"picked":"Double Energy","floor":7},{"not_picked":["Double Energy","Hologram"],"picked":"Fusion","floor":8},{"not_picked":["Undo","Gash","Fusion"],"picked":"SKIP","floor":11},{"not_picked":["Force Field","Barrage"],"picked":"Seek","floor":13},{"not_picked":["Beam Cell","Hologram"],"picked":"Cold Snap","floor":14}],"player_experience":44936,"relics_obtained":[{"floor":9,"key":"Boot"},{"floor":13,"key":"Whetstone"}],"event_choices":[{"damage_healed":0,"gold_gain":0,"player_choice":"Take Damage","damage_taken":18,"relics_obtained":["Golden Idol"],"max_hp_gain":0,"max_hp_loss":0,"event_name":"Golden Idol","floor":2,"gold_loss":0},{"damage_healed":0,"gold_gain":0,"player_choice":"Ignored","damage_taken":0,"max_hp_gain":0,"max_hp_loss":0,"event_name":"Liars Game","floor":3,"gold_loss":0},{"damage_healed":0,"gold_gain":0,"player_choice":"Got Potions","damage_taken":0,"max_hp_gain":0,"max_hp_loss":0,"event_name":"Lab","floor":4,"gold_loss":0}],"is_beta":false,"boss_relics":[],"items_purged_floors":[],"is_endless":false,"potions_floor_spawned":[1,11],"killed_by":"Slime Boss","ascension_level":0}