{"gold_per_floor":[118,118,136,136,152,192,192,215,284,302,320,320,359,324,324,423,423,436,461,32,32,42,42,74,74,74,90,90,90],"floor_reached":29,"playtime":1343,"items_purged":[],"score":497,"play_id":"6140a7c4-c67f-41fb-a7bf-e8c1a8876c7b","local_time":"20190523220636","is_ascension_mode":true,"campfire_choices":[{"data":"Defragment","floor":7.0,"key":"SMITH"},{"floor":12.0,"key":"REST"},{"data":"Defragment","floor":15.0,"key":"SMITH"},{"floor":23.0,"key":"REST"},{"floor":25.0,"key":"REST"}],"neow_cost":"NONE","seed_source_timestamp":125265878886054,"circlet_count":0,"master_deck":["AscendersBane","Strike_B","Strike_B","Strike_B","Defend_B","Defend_B","Defend_B","Defend_B","Zap","Dualcast","Biased Cognition","Force Field","Leap","Defragment+1","Injury","Ball Lightning","Undo","Defragment+1","Loop","Seek","Cold Snap","Echo Form","Coolheaded+1","Defragment","Apotheosis","Self Repair","Conserve Battery","Steam+1","Writhe"],"special_seed":0,"relics":["Cracked Core","Bloody Idol","Dead Branch","Bottled Flame","Bag of Marbles","Fusion Hammer","Runic Capacitor","PreservedInsect","Pantograph","FossilizedHelix"],"potions_floor_usage":[27],"damage_taken":[{"damage":3.0,"enemies":"Small Slimes","floor":1.0,"turns":3.0},{"damage":1.0,"enemies":"Cultist","floor":3.0,"turns":4.0},{"damage":8.0,"enemies":"2 Louse","floor":5.0,"turns":3.0},{"damage":25.0,"enemies":"Lagavulin","floor":6.0,"turns":6.0},{"damage":6.0,"enemies":"Looter","floor":8.0,"turns":3.0},{"damage":0.0,"enemies":"2 Fungi Beasts","floor":10.0,"turns":3.0},{"damage":6.0,"enemies":"Lots of Slimes","floor":11.0,"turns":5.0},{"damage":16.0,"enemies":"3 Sentries","floor":13.0,"turns":8.0},{"damage":25.0,"enemies":"Hexaghost","floor":16.0,"turns":9.0},{"damage":17.0,"enemies":"Shell Parasite","floor":18.0,"turns":5.0},{"damage":3.0,"enemies":"Chosen","floor":19.0,"turns":5.0},{"damage":20.0,"enemies":"Snake Plant","floor":22.0,"turns":4.0},{"damage":52.0,"enemies":"Slavers","floor":24.0,"turns":5.0},{"damage":19,"enemies":"Centurion and Healer","floor":27,"turns":6},{"damage":40,"enemies":"Book of Stabbing","floor":29,"turns":5}],"seed_played":"1033611997961003355","potions_obtained":[{"floor":1.0,"key":"SteroidPotion"},{"floor":5.0,"key":"GamblersBrew"},{"floor":6.0,"key":"FairyPotion"},{"floor":8.0,"key":"Regen Potion"},{"floor":22.0,"key":"Regen Potion"},{"floor":24.0,"key":"Weak Potion"}],"is_trial":false,"path_per_floor":["M","?","M","?","M","E","R","M","T","M","M","R","E","?","R","B",null,"M","M","$","?","M","R","E","R","T","M","?","E"],"character_chosen":"DEFECT","items_purchased":["Apotheosis","Runic Capacitor"],"campfire_rested":3,"item_purchase_floors":[20,20],"current_hp_per_floor":[61,61,60,60,52,27,27,21,21,21,15,36,35,52,52,27,60,43,40,40,40,25,46,13,34,34,27,27,0],"gold":90,"neow_bonus":"ONE_RANDOM_RARE_CARD","is_prod":false,"is_daily":false,"chose_seed":false,"campfire_upgraded":2,"win_rate":0,"timestamp":1558674396,"path_taken":["M","?","?","?","M","E","R","M","T","M","M","R","E","?","R","BOSS","M","M","$","?","M","R","E","R","T","M","?","E"],"build_version":"2019-01-23","purchased_purges":0,"victory":false,"max_hp_per_floor":[71,71,71,71,71,71,71,71,71,71,71,71,71,71,71,71,71,71,71,71,71,71,71,71,71,71,71,71,71],"card_choices":[{"not_picked":["Aggregate","BootSequence"],"picked":"Force Field","floor":1.0},{"not_picked":["White Noise","Hologram"],"picked":"Defragment","floor":3.0},{"not_picked":["Beam Cell","Redo"],"picked":"Ball Lightning","floor":5.0},{"not_picked":["Sweeping Beam","Recycle"],"picked":"Undo","floor":6.0},{"not_picked":["Loop","Beam Cell"],"picked":"Defragment","floor":8.0},{"not_picked":["Chill","Steam Power"],"picked":"Loop","floor":10.0},{"not_picked":["Auto Shields","Beam Cell"],"picked":"Seek","floor":11.0},{"not_picked":["Scrape","Reinforced Body"],"picked":"Cold Snap","floor":13.0},{"not_picked":["Creative AI","Seek"],"picked":"Echo Form","floor":16.0},{"not_picked":["Barrage","Cold Snap"],"picked":"Coolheaded+1","floor":18.0},{"not_picked":["Lockon","Tempest"],"picked":"Defragment","floor":19.0},{"not_picked":["Steam Power","Go for the Eyes"],"picked":"Self Repair","floor":22.0},{"not_picked":["Heatsinks","Leap"],"picked":"Conserve Battery","floor":24.0},{"not_picked":["Static Discharge","Turbo"],"picked":"Steam+1","floor":27}],"player_experience":754725,"relics_obtained":[{"floor":6.0,"key":"Dead Branch"},{"floor":9.0,"key":"Bottled Flame"},{"floor":13.0,"key":"Bag of Marbles"},{"floor":24.0,"key":"PreservedInsect"},{"floor":26.0,"key":"Pantograph"}],"event_choices":[{"damage_healed":0.0,"max_hp_gain":0.0,"max_hp_loss":0.0,"gold_gain":0.0,"cards_transformed":["Strike_B"],"event_name":"Transmorgrifier","player_choice":"Transformed","floor":2.0,"gold_loss":0.0,"damage_taken":0.0,"cards_obtained":["Leap"]},{"damage_healed":0.0,"max_hp_gain":0.0,"max_hp_loss":0.0,"gold_gain":0.0,"event_name":"Golden Idol","player_choice":"Take Wound","floor":4.0,"gold_loss":0.0,"damage_taken":0.0,"relics_obtained":["Golden Idol"],"cards_obtained":["Injury"]},{"damage_healed":17.0,"max_hp_gain":0.0,"max_hp_loss":0.0,"gold_gain":0.0,"event_name":"The Cleric","player_choice":"Healed","floor":14.0,"gold_loss":35.0,"damage_taken":0.0},{"damage_healed":0.0,"max_hp_gain":0.0,"max_hp_loss":0.0,"gold_gain":0.0,"event_name":"Forgotten Altar","player_choice":"Gave Idol","floor":21.0,"relics_lost":["Golden Idol"],"gold_loss":0.0,"damage_taken":0.0,"relics_obtained":["Bloody Idol"]},{"damage_healed":0,"gold_gain":0,"player_choice":"Opened","damage_taken":0,"relics_obtained":["FossilizedHelix"],"max_hp_gain":0,"max_hp_loss":0,"event_name":"The Mausoleum","floor":28,"gold_loss":0,"cards_obtained":["Writhe"]}],"is_beta":false,"boss_relics":[{"not_picked":["Ectoplasm","Coffee Dripper"],"picked":"Fusion Hammer"}],"items_purged_floors":[],"is_endless":false,"potions_floor_spawned":[1,5,6,8,22,24],"killed_by":"Book of Stabbing","ascension_level":19}