{"gold_per_floor":[114,114,289,289,15,15,30,45,70,85,85,100,100,115,115,215,215,230,245,260,260,275,275,305,305,330,153,153,3,18,18],"floor_reached":31,"playtime":3868,"items_purged":[],"score":672,"play_id":"087b2df8-67dd-4bc3-9103-58d27205447a","local_time":"20190424060832","daily_mods":["Insanity","Hoarder","Binary"],"is_ascension_mode":false,"campfire_choices":[{"data":"Aggregate","floor":6,"key":"SMITH"},{"data":"Self Repair","floor":11,"key":"SMITH"},{"data":"Turbo","floor":13,"key":"SMITH"},{"data":"Turbo","floor":15,"key":"SMITH"},{"floor":23,"key":"REST"},{"floor":25,"key":"DIG"}],"neow_cost":"","seed_source_timestamp":0,"circlet_count":0,"master_deck":["Storm","Chill","Fusion","Undo","Skim","Sweeping Beam","Redo","Leap","Leap","Compile Driver","Skim","Barrage","Turbo+1","Aggregate+1","Static Discharge","Cold Snap","Rebound","Streamline","Redo","FTL","Leap","Beam Cell","Reinforced Body","Static Discharge","Doom and Gloom","Compile Driver","Sweeping Beam","Streamline","Ball Lightning","Conserve Battery","Leap","Loop","Turbo+1","Beam Cell+1","Sweeping Beam","Auto Shields","Gash","Hologram","Melter","Turbo","Cold Snap","Ball Lightning","Stack","Go for the Eyes","Ball Lightning","Turbo","Glacier","Rip and Tear","Leap","Self Repair+1","Ball Lightning","Ball Lightning","Ball Lightning","Doubt","Doubt","Doubt","Regret","Regret","Regret","Sweeping Beam","Sweeping Beam","Sweeping Beam","Streamline","Streamline","Streamline","Turbo","Turbo","Turbo","Static Discharge","Static Discharge","Static Discharge","Heatsinks","Heatsinks","Heatsinks","Aggregate","Aggregate","Aggregate","Electrodynamics","Electrodynamics","Electrodynamics","Pain","Pain","Pain","Shame","Shame","Shame","Clumsy","Clumsy","Clumsy","Heatsinks+1","Heatsinks+1","Heatsinks+1","Cold Snap+1","Cold Snap+1","Cold Snap+1","Sunder+1","Sunder","Sunder","Recycle","Recycle","Recycle","Rip and Tear","Rip and Tear","Rip and Tear","Apotheosis","Apotheosis","Apotheosis","Chill+1","Chill+1","Chill+1"],"special_seed":18010,"relics":["Cracked Core","Thread and Needle","Sundial","Lantern","Calling Bell","DataDisk","Question Card","Unceasing Top","Shovel","Vajra","Orichalcum","MutagenicStrength","Whetstone"],"potions_floor_usage":[16,16,16],"damage_taken":[{"damage":0,"enemies":"Jaw Worm","floor":1,"turns":2},{"damage":10,"enemies":"2 Louse","floor":7,"turns":2},{"damage":0,"enemies":"Cultist","floor":8,"turns":3},{"damage":1,"enemies":"2 Fungi Beasts","floor":10,"turns":2},{"damage":0,"enemies":"Gremlin Gang","floor":12,"turns":3},{"damage":0,"enemies":"Red Slaver","floor":14,"turns":2},{"damage":25,"enemies":"Hexaghost","floor":16,"turns":9},{"damage":9,"enemies":"2 Thieves","floor":18,"turns":4},{"damage":21,"enemies":"Chosen","floor":19,"turns":4},{"damage":15,"enemies":"3 Cultists","floor":20,"turns":2},{"damage":9,"enemies":"Snake Plant","floor":22,"turns":3},{"damage":21,"enemies":"Book of Stabbing","floor":24,"turns":4},{"damage":5,"enemies":"Snecko","floor":30,"turns":3},{"damage":10,"enemies":"Sentry and Sphere","floor":31,"turns":3}],"seed_played":"779562591292708448","potions_obtained":[{"floor":1,"key":"AttackPotion"},{"floor":10,"key":"Energy Potion"},{"floor":12,"key":"Dexterity Potion"},{"floor":20,"key":"SpeedPotion"}],"is_trial":false,"path_per_floor":["M","?","?","?","$","R","M","M","T","M","R","M","R","M","R","B",null,"M","M","M","?","M","R","E","R","T","$","?","$","M","M"],"character_chosen":"DEFECT","items_purchased":["Sundial","Sweeping Beam","Apotheosis","Whetstone"],"campfire_rested":1,"item_purchase_floors":[5,5,27,29],"current_hp_per_floor":[75,75,75,75,75,75,72,72,72,71,71,75,75,75,75,60,75,66,45,30,23,14,36,15,15,15,15,15,15,10,0],"gold":18,"neow_bonus":"","is_prod":false,"is_daily":true,"chose_seed":false,"campfire_upgraded":4,"win_rate":0,"timestamp":1556100512,"path_taken":["M","?","?","?","$","R","M","?","T","M","R","M","R","M","R","BOSS","M","M","?","?","?","R","E","R","T","?","?","$","M","M"],"build_version":"2019-01-23","purchased_purges":0,"victory":false,"max_hp_per_floor":[75,75,75,75,75,75,75,75,75,75,75,75,75,75,75,75,75,75,75,75,75,75,75,75,75,75,75,75,75,75,75],"card_choices":[{"not_picked":["Cold Snap"],"picked":"Ball Lightning","floor":1},{"not_picked":["Coolheaded"],"picked":"Streamline","floor":7},{"not_picked":["Ball Lightning"],"picked":"Turbo","floor":8},{"not_picked":["Darkness"],"picked":"Static Discharge","floor":10},{"not_picked":["Conserve Battery"],"picked":"Heatsinks","floor":12},{"not_picked":["Compile Driver"],"picked":"Aggregate","floor":14},{"not_picked":["Creative AI"],"picked":"Electrodynamics","floor":16},{"not_picked":["Leap+1","Undo"],"picked":"Heatsinks+1","floor":18},{"not_picked":["Streamline","Multi-Cast"],"picked":"Cold Snap+1","floor":19},{"not_picked":["Fusion","Rebound"],"picked":"Sunder","floor":20},{"not_picked":["Barrage","Cold Snap"],"picked":"Recycle","floor":22},{"not_picked":["Consume","Skim"],"picked":"Rip and Tear","floor":24},{"not_picked":["All For One","Rebound"],"picked":"Chill+1","floor":30}],"player_experience":615507,"relics_obtained":[{"floor":9,"key":"Lantern"},{"floor":17,"key":"DataDisk"},{"floor":17,"key":"Question Card"},{"floor":17,"key":"Unceasing Top"},{"floor":24,"key":"Shovel"},{"floor":25,"key":"Vajra"},{"floor":26,"key":"Orichalcum"}],"event_choices":[{"damage_healed":0,"gold_gain":0,"player_choice":"Leave","damage_taken":0,"max_hp_gain":0,"max_hp_loss":0,"event_name":"The Cleric","floor":2,"gold_loss":0},{"damage_healed":0,"gold_gain":175,"player_choice":"AGREE","damage_taken":0,"max_hp_gain":0,"max_hp_loss":0,"event_name":"Liars Game","floor":3,"gold_loss":0,"cards_obtained":["Doubt"]},{"damage_healed":0,"gold_gain":0,"player_choice":"Box","damage_taken":0,"relics_obtained":["Thread and Needle"],"max_hp_gain":0,"max_hp_loss":0,"event_name":"Big Fish","floor":4,"gold_loss":0,"cards_obtained":["Regret"]},{"damage_healed":0,"gold_gain":0,"player_choice":"Damaged","damage_taken":7,"max_hp_gain":0,"max_hp_loss":0,"event_name":"Wheel of Change","floor":21,"gold_loss":0},{"damage_healed":0,"gold_gain":0,"player_choice":"Inject Mutagens","damage_taken":0,"relics_obtained":["MutagenicStrength"],"max_hp_gain":0,"max_hp_loss":0,"event_name":"Drug Dealer","floor":28,"gold_loss":0}],"is_beta":false,"boss_relics":[{"not_picked":["Philosopher\u0027s Stone","Busted Crown"],"picked":"Calling Bell"}],"items_purged_floors":[],"is_endless":false,"potions_floor_spawned":[1,10,12,20],"killed_by":"Sentry and Sphere","ascension_level":0}