{"gold_per_floor":[218,234,249,249,259,286,286,286,286,298,298,298,323,337,337,434,434,444,460,478,478,478,478,478],"floor_reached":24,"playtime":1069,"items_purged":[],"score":233,"play_id":"58cc3eb3-1bf9-4fdf-ba3d-5658ac2fdc22","local_time":"20190707223147","is_ascension_mode":false,"campfire_choices":[{"floor":8,"key":"REST"},{"data":"Zap","floor":12,"key":"SMITH"},{"floor":15,"key":"REST"},{"floor":23,"key":"REST"}],"neow_cost":"NONE","seed_source_timestamp":268625966913604,"circlet_count":0,"master_deck":["Strike_B","Strike_B","Strike_B","Strike_B","Defend_B","Defend_B","Defend_B","Defend_B","Zap+1","Dualcast","Beam Cell","Conserve Battery+1","Redo+1","Redo+1","Echo Form","Heatsinks","Redo","Streamline+1","Electrodynamics","Redo","Ball Lightning+1","Amplify"],"relics":["Cracked Core","Oddly Smooth Stone","War Paint","Molten Egg 2","Black Star"],"potions_floor_usage":[16],"damage_taken":[{"damage":5,"enemies":"Small Slimes","floor":1,"turns":3},{"damage":3,"enemies":"2 Louse","floor":2,"turns":2},{"damage":6,"enemies":"Cultist","floor":3,"turns":3},{"damage":0,"enemies":"3 Louse","floor":5,"turns":4},{"damage":43,"enemies":"Lagavulin","floor":6,"turns":9},{"damage":1,"enemies":"Blue Slaver","floor":10,"turns":3},{"damage":32,"enemies":"Gremlin Nob","floor":13,"turns":5},{"damage":1,"enemies":"Exordium Wildlife","floor":14,"turns":4},{"damage":17,"enemies":"The Guardian","floor":16,"turns":9},{"damage":23,"enemies":"Shell Parasite","floor":18,"turns":5},{"damage":19,"enemies":"Chosen","floor":19,"turns":5},{"damage":25,"enemies":"Snake Plant","floor":20,"turns":3},{"damage":32,"enemies":"Snecko","floor":24,"turns":4}],"seed_played":"-5503478158059289816","potions_obtained":[{"floor":6,"key":"Swift Potion"},{"floor":10,"key":"SmokeBomb"},{"floor":13,"key":"LiquidBronze"},{"floor":16,"key":"EssenceOfSteel"},{"floor":18,"key":"Block Potion"},{"floor":19,"key":"PowerPotion"}],"is_trial":false,"path_per_floor":["M","M","M","?","M","E","?","R","T","M","?","R","E","M","R","B",null,"M","M","M","?","$","R","M"],"character_chosen":"DEFECT","items_purchased":[],"campfire_rested":3,"item_purchase_floors":[],"current_hp_per_floor":[70,67,61,61,61,18,18,40,40,39,39,39,7,6,28,11,75,52,33,8,8,8,30,0],"gold":478,"neow_bonus":"HUNDRED_GOLD","is_prod":false,"is_daily":false,"chose_seed":false,"campfire_upgraded":1,"win_rate":0.0,"timestamp":1562574707,"path_taken":["M","M","M","?","M","E","?","R","T","M","?","R","E","M","R","BOSS","M","?","M","?","$","R","M"],"build_version":"2019-07-05","purchased_purges":0,"victory":false,"max_hp_per_floor":[75,75,75,75,75,75,75,75,75,75,75,75,75,75,75,75,75,75,75,75,75,75,75,75],"card_choices":[{"not_picked":["Barrage","Rip and Tear"],"picked":"Beam Cell","floor":1},{"not_picked":["FTL","Turbo"],"picked":"Conserve Battery","floor":2},{"not_picked":["Skim","Stack"],"picked":"Redo","floor":3},{"not_picked":["Steam Power","Beam Cell"],"picked":"Redo","floor":5},{"not_picked":["Go for the Eyes","Streamline"],"picked":"Echo Form","floor":6},{"not_picked":["Go for the Eyes","Cold Snap"],"picked":"Heatsinks","floor":10},{"not_picked":["Hyperbeam","Barrage"],"picked":"Redo","floor":13},{"not_picked":["Rebound+1","Rip and Tear+1"],"picked":"Streamline+1","floor":14},{"not_picked":["Thunder Strike+1","Amplify"],"picked":"Electrodynamics","floor":16},{"not_picked":["Go for the Eyes+1","Compile Driver+1"],"picked":"Redo","floor":18},{"not_picked":["Steam","Gash+1"],"picked":"Ball Lightning+1","floor":19},{"not_picked":["Gash+1","Compile Driver+1","Chill"],"picked":"SKIP","floor":20}],"player_experience":49117,"relics_obtained":[{"floor":6,"key":"Oddly Smooth Stone"},{"floor":9,"key":"War Paint"},{"floor":13,"key":"Molten Egg 2"}],"event_choices":[{"damage_healed":0,"gold_gain":0,"player_choice":"Ignored","damage_taken":0,"max_hp_gain":0,"max_hp_loss":0,"event_name":"Liars Game","floor":4,"gold_loss":0},{"damage_healed":0,"gold_gain":0,"player_choice":"Ignored","damage_taken":0,"max_hp_gain":0,"max_hp_loss":0,"event_name":"Golden Wing","floor":7,"gold_loss":0},{"damage_healed":0,"gold_gain":0,"player_choice":"Upgraded","damage_taken":0,"max_hp_gain":0,"max_hp_loss":0,"event_name":"Upgrade Shrine","floor":11,"gold_loss":0,"cards_upgraded":["Redo"]},{"damage_healed":0,"gold_gain":0,"player_choice":"Read","damage_taken":0,"max_hp_gain":0,"max_hp_loss":0,"event_name":"The Library","floor":21,"gold_loss":0,"cards_obtained":["Amplify"]}],"is_beta":false,"boss_relics":[{"not_picked":["Busted Crown","Snecko Eye"],"picked":"Black Star"}],"items_purged_floors":[],"is_endless":false,"potions_floor_spawned":[6,10,13,16,18,19],"killed_by":"Snecko","ascension_level":0}