{"gold_per_floor":[118,15,28,28,28,28,53,71,71,86,115,115,127,146,146,242,242,255,274,199,218,251,251,108,141,141,155,180,180,180,200,200,302,302,321,321,334,349,359,359],"floor_reached":40,"playtime":3738,"items_purged":[],"score":462,"play_id":"8b9845ff-14f6-4ef3-b13d-647332b86540","local_time":"20190708180840","is_ascension_mode":true,"campfire_choices":[{"data":"Accuracy","floor":6,"key":"SMITH"},{"floor":12,"key":"RECALL"},{"data":"Blade Dance","floor":15,"key":"SMITH"},{"data":"Burst","floor":23,"key":"SMITH"},{"data":"Envenom","floor":29,"key":"SMITH"},{"data":"Defend_G","floor":32,"key":"PURGE"}],"neow_cost":"NONE","seed_source_timestamp":336568758088238,"circlet_count":0,"master_deck":["Strike_G","Strike_G","Strike_G","Strike_G","Defend_G","Defend_G","Defend_G","Defend_G","Survivor","Neutralize","Accuracy+1","Blade Dance","Backflip","Adrenaline","Masterful Stab","Blade Dance+1","Slice","Poisoned Stab","Burst+1","Burst","Cloak And Dagger","Terror","Slice","Noxious Fumes","Blade Dance","Envenom+1","Backflip","A Thousand Cuts","Slice+1","Prepared+1","Dagger Throw+1","Dagger Throw+1"],"relics":["Ring of the Snake","Mummified Hand","Peace Pipe","Runic Pyramid","Red Mask","Bag of Marbles","Bird Faced Urn","Calipers","Paper Crane","White Beast Statue"],"potions_floor_usage":[11,16,22,22,33,33,33,40],"damage_taken":[{"damage":0,"enemies":"Jaw Worm","floor":1,"turns":7},{"damage":1,"enemies":"Cultist","floor":3,"turns":4},{"damage":32,"enemies":"Lagavulin","floor":7,"turns":9},{"damage":0,"enemies":"2 Louse","floor":8,"turns":2},{"damage":0,"enemies":"Blue Slaver","floor":10,"turns":4},{"damage":5,"enemies":"Gremlin Nob","floor":11,"turns":4},{"damage":0,"enemies":"Gremlin Gang","floor":13,"turns":3},{"damage":4,"enemies":"Exordium Thugs","floor":14,"turns":4},{"damage":10,"enemies":"Slime Boss","floor":16,"turns":8},{"damage":2,"enemies":"Spheric Guardian","floor":18,"turns":3},{"damage":5,"enemies":"Chosen","floor":19,"turns":3},{"damage":21,"enemies":"Snake Plant","floor":21,"turns":2},{"damage":23,"enemies":"Masked Bandits","floor":22,"turns":5},{"damage":12,"enemies":"Slavers","floor":25,"turns":6},{"damage":1,"enemies":"Centurion and Healer","floor":27,"turns":4},{"damage":16,"enemies":"Gremlin Leader","floor":28,"turns":7},{"damage":0,"enemies":"Sentry and Sphere","floor":31,"turns":4},{"damage":32,"enemies":"Champ","floor":33,"turns":13},{"damage":55,"enemies":"3 Darklings","floor":35,"turns":6},{"damage":0,"enemies":"Orb Walker","floor":37,"turns":3},{"damage":22,"enemies":"Maw","floor":38,"turns":6},{"damage":27,"enemies":"Jaw Worm Horde","floor":39,"turns":3},{"damage":13,"enemies":"Giant Head","floor":40,"turns":5}],"seed_played":"897387181771912305","potions_obtained":[{"floor":8,"key":"Regen Potion"},{"floor":10,"key":"GhostInAJar"},{"floor":11,"key":"SteroidPotion"},{"floor":16,"key":"Dexterity Potion"},{"floor":18,"key":"Regen Potion"},{"floor":25,"key":"Block Potion"},{"floor":28,"key":"SkillPotion"},{"floor":31,"key":"AttackPotion"},{"floor":35,"key":"Energy Potion"},{"floor":37,"key":"SteroidPotion"},{"floor":38,"key":"Energy Potion"}],"is_trial":false,"path_per_floor":["M","$","M","$","?","R","E","M","T","M","E","R","M","M","R","B",null,"M","M","?","M","?","R","$","E","T","M","E","R","?","M","R","B",null,"M","?","M","M","M","E"],"character_chosen":"THE_SILENT","items_purchased":["Accuracy","Blade Dance","Bag of Marbles"],"campfire_rested":0,"item_purchase_floors":[2,2,24],"current_hp_per_floor":[77,77,76,76,76,76,44,44,44,44,39,39,39,35,35,25,77,75,70,70,49,60,60,60,48,48,51,39,39,25,31,31,5,82,35,35,39,25,4,0],"gold":359,"neow_bonus":"TEN_PERCENT_HP_BONUS","is_prod":false,"is_daily":false,"chose_seed":false,"campfire_upgraded":4,"win_rate":0,"timestamp":1562645320,"path_taken":["M","$","M","$","?","R","E","M","T","M","E","R","M","M","R","BOSS","M","?","?","M","?","R","$","E","T","M","E","R","?","M","R","BOSS","M","?","M","?","M","E"],"build_version":"2019-07-05","purchased_purges":0,"victory":false,"max_hp_per_floor":[77,77,77,77,77,77,77,77,77,77,77,77,77,77,77,77,77,77,77,77,77,77,77,77,77,77,77,77,77,82,82,82,82,82,82,82,82,82,82,82],"card_choices":[{"not_picked":["Acrobatics","Dodge and Roll","PiercingWail"],"picked":"SKIP","floor":1},{"not_picked":["Bouncing Flask","Deflect"],"picked":"Backflip","floor":3},{"not_picked":["Doppelganger","Prepared"],"picked":"Adrenaline","floor":7},{"not_picked":["Deadly Poison","Prepared"],"picked":"Masterful Stab","floor":8},{"not_picked":["Sucker Punch","Flying Knee"],"picked":"Blade Dance","floor":10},{"not_picked":["Heel Hook","Well Laid Plans"],"picked":"Slice","floor":11},{"not_picked":["Calculated Gamble","Underhanded Strike"],"picked":"Poisoned Stab","floor":13},{"not_picked":["Backflip","Caltrops"],"picked":"Burst","floor":14},{"not_picked":["Unload","Tools of the Trade"],"picked":"Burst","floor":16},{"not_picked":["Endless Agony+1","Underhanded Strike+1"],"picked":"Cloak And Dagger","floor":18},{"not_picked":["Underhanded Strike","Predator"],"picked":"Terror","floor":19},{"not_picked":["Dagger Spray","Bouncing Flask+1"],"picked":"Slice","floor":21},{"not_picked":["Catalyst","Deflect"],"picked":"Noxious Fumes","floor":22},{"not_picked":["Outmaneuver","Underhanded Strike"],"picked":"Blade Dance","floor":25},{"not_picked":["Well Laid Plans","Quick Slash","Sucker Punch"],"picked":"SKIP","floor":27},{"not_picked":["Deflect","Reflex+1"],"picked":"Envenom","floor":28},{"not_picked":["Acrobatics","Sucker Punch"],"picked":"Backflip","floor":31},{"not_picked":["Phantasmal Killer","Corpse Explosion"],"picked":"A Thousand Cuts","floor":33},{"not_picked":["Deadly Poison+1","Expertise"],"picked":"Slice+1","floor":35},{"not_picked":["PiercingWail+1","Crippling Poison"],"picked":"Prepared+1","floor":37},{"not_picked":["Deadly Poison+1","Backflip+1"],"picked":"Dagger Throw+1","floor":38},{"not_picked":["Endless Agony","Underhanded Strike"],"picked":"Dagger Throw+1","floor":39}],"player_experience":61535,"relics_obtained":[{"floor":7,"key":"Mummified Hand"},{"floor":11,"key":"Peace Pipe"},{"floor":22,"key":"Red Mask"},{"floor":25,"key":"Bird Faced Urn"},{"floor":26,"key":"Calipers"},{"floor":28,"key":"Paper Crane"}],"event_choices":[{"damage_healed":0,"gold_gain":0,"player_choice":"0 cards matched","damage_taken":0,"max_hp_gain":0,"max_hp_loss":0,"event_name":"Match and Keep!","floor":5,"gold_loss":0,"cards_obtained":[]},{"cards_removed":["Strike_G"],"damage_healed":0,"gold_gain":0,"player_choice":"Gave Gold","damage_taken":0,"max_hp_gain":0,"max_hp_loss":0,"event_name":"Beggar","floor":20,"gold_loss":75},{"damage_healed":0,"gold_gain":0,"player_choice":"Fought Bandits","damage_taken":0,"max_hp_gain":0,"max_hp_loss":0,"event_name":"Masked Bandits","floor":22,"gold_loss":0},{"damage_healed":0,"gold_gain":0,"player_choice":"Shed Blood","damage_taken":19,"max_hp_gain":5,"max_hp_loss":0,"event_name":"Forgotten Altar","floor":30,"gold_loss":0},{"damage_healed":0,"gold_gain":0,"player_choice":"Ignored","damage_taken":0,"max_hp_gain":0,"max_hp_loss":0,"event_name":"SecretPortal","floor":36,"gold_loss":0}],"is_beta":false,"boss_relics":[{"not_picked":["Cursed Key","Ectoplasm"],"picked":"Runic Pyramid"},{"not_picked":["Snecko Eye","Runic Dome"],"picked":"White Beast Statue"}],"items_purged_floors":[],"is_endless":false,"potions_floor_spawned":[8,10,11,16,18,19,25,28,31,35,37,38,39],"killed_by":"Giant Head","ascension_level":1}