{"gold_per_floor":[114,194,194,194,10,10,25,55,80,110,30,30,105,135,135,235,235,250,165,15,15,30,30,60,60,60,90,90,120,12,27,27,127,127,142,157,7,7,22,52,67,67,92,134,146,8,38,53,53,53],"floor_reached":51,"playtime":6514,"items_purged":[],"score":1030,"play_id":"6f8c17a6-8865-4cce-8c97-a80f20758ff2","local_time":"20190311210843","daily_mods":["Draft","Time Dilation","Elite Swarm"],"is_ascension_mode":false,"campfire_choices":[{"data":"Hello World","floor":6,"key":"SMITH"},{"data":"All For One","floor":12,"key":"SMITH"},{"data":"Aggregate","floor":15,"key":"SMITH"},{"data":"Sunder","floor":23,"key":"SMITH"},{"data":"Creative AI","floor":25,"key":"SMITH"},{"data":"Turbo","floor":32,"key":"SMITH"},{"data":"Electrodynamics","floor":42,"key":"SMITH"},{"data":"Buffer","floor":45,"key":"SMITH"},{"data":"Loop","floor":49,"key":"SMITH"}],"neow_cost":"","seed_source_timestamp":0,"circlet_count":0,"master_deck":["Storm","Leap","Turbo+1","Steam","Genetic Algorithm","Coolheaded","Beam Cell","Aggregate+1","Rip and Tear","Sweeping Beam","Self Repair","Sunder+1","Gash","Loop+1","Beam Cell","Coolheaded","Hello World+1","BootSequence","Doom and Gloom","Scrape","Electrodynamics+1","All For One+1","Defragment","Seek","Ball Lightning","Turbo+1","Gash+1","Creative AI+1","Meteor Strike","Seek","Static Discharge","Auto Shields","Leap","Reprogram","Echo Form","Turbo","Rip and Tear","Conserve Battery+1","Beam Cell","Hologram+1","Barrage+1","All For One","Steam Power+1","White Noise+1","Buffer+1","Creative AI","Gash","Self Repair+1"],"special_seed":17966,"relics":["Cracked Core","Centennial Puzzle","FossilizedHelix","Bag of Preparation","Ice Cream","Pen Nib","Eternal Feather","Prayer Wheel","Boot","Omamori","Darkstone Periapt","Matryoshka","Cables","StoneCalendar","Lizard Tail","Vajra","Unceasing Top","MawBank","Potion Belt","Meat on the Bone","Anchor","DataDisk"],"potions_floor_usage":[14,16,33,33,33,48,50,50],"damage_taken":[{"damage":5,"enemies":"2 Louse","floor":1,"turns":3},{"damage":12,"enemies":"Jaw Worm","floor":7,"turns":4},{"damage":12,"enemies":"Gremlin Nob","floor":8,"turns":3},{"damage":8,"enemies":"Lagavulin","floor":10,"turns":5},{"damage":0,"enemies":"Gremlin Nob","floor":14,"turns":3},{"damage":12,"enemies":"The Guardian","floor":16,"turns":7},{"damage":0,"enemies":"Chosen","floor":18,"turns":4},{"damage":0,"enemies":"Shell Parasite","floor":22,"turns":2},{"damage":9,"enemies":"Gremlin Leader","floor":24,"turns":3},{"damage":12,"enemies":"Book of Stabbing","floor":27,"turns":3},{"damage":19,"enemies":"Gremlin Leader","floor":29,"turns":3},{"damage":0,"enemies":"Snake Plant","floor":31,"turns":3},{"damage":18,"enemies":"Collector","floor":33,"turns":7},{"damage":8,"enemies":"3 Darklings","floor":35,"turns":2},{"damage":16,"enemies":"3 Shapes","floor":36,"turns":3},{"damage":16,"enemies":"3 Darklings","floor":39,"turns":3},{"damage":0,"enemies":"Giant Head","floor":40,"turns":6},{"damage":0,"enemies":"Spire Growth","floor":41,"turns":2},{"damage":0,"enemies":"Nemesis","floor":44,"turns":3},{"damage":0,"enemies":"Giant Head","floor":47,"turns":5},{"damage":20,"enemies":"Sphere and 2 Shapes","floor":48,"turns":3},{"damage":0,"enemies":"Donu and Deca","floor":50,"turns":5}],"seed_played":"-4617565889114114574","potions_obtained":[{"floor":1,"key":"Energy Potion"},{"floor":7,"key":"PowerPotion"},{"floor":10,"key":"Weak Potion"},{"floor":18,"key":"Dexterity Potion"},{"floor":27,"key":"Poison Potion"},{"floor":35,"key":"SkillPotion"},{"floor":36,"key":"Dexterity Potion"},{"floor":47,"key":"Fruit Juice"}],"is_trial":false,"path_per_floor":["M","?","?","?","$","R","M","E","T","E","$","R","?","E","R","B",null,"M","?","$","?","M","R","E","R","T","E","?","E","$","M","R","B",null,"M","M","$","?","M","E","M","R","T","E","R","$","E","M","R","B",null],"character_chosen":"DEFECT","items_purchased":["Hello World","BootSequence","Doom and Gloom","Defragment","Boot","Static Discharge","Auto Shields","Vajra","Anchor"],"campfire_rested":0,"item_purchase_floors":[5,5,5,11,20,30,30,37,46],"current_hp_per_floor":[75,75,63,63,63,63,58,53,53,52,52,52,41,48,48,43,75,75,75,75,75,75,75,75,75,75,63,63,44,44,51,72,61,75,74,58,58,85,69,76,76,85,85,85,85,85,85,84,90,90],"gold":53,"neow_bonus":"","is_prod":false,"is_daily":true,"chose_seed":false,"campfire_upgraded":9,"win_rate":0,"timestamp":1552352923,"path_taken":["M","?","?","?","?","R","?","E","T","E","?","R","?","E","R","BOSS","M","?","$","?","M","R","E","R","T","E","?","E","?","M","R","BOSS","M","?","$","?","?","E","M","R","T","E","R","?","E","?","R","BOSS"],"build_version":"2019-01-23","purchased_purges":0,"victory":true,"max_hp_per_floor":[75,75,75,75,75,75,75,75,75,75,75,75,75,75,75,75,75,75,75,75,75,75,75,75,75,75,75,75,75,75,75,75,75,75,75,75,75,85,85,85,85,85,85,85,85,85,85,90,90,90],"card_choices":[{"not_picked":["Beam Cell","Barrage"],"picked":"Storm","floor":0},{"not_picked":["Undo","Force Field"],"picked":"Leap","floor":0},{"not_picked":["Beam Cell","Streamline"],"picked":"Turbo","floor":0},{"not_picked":["Reinforced Body","Compile Driver"],"picked":"Steam","floor":0},{"not_picked":["Stack","Redo"],"picked":"Genetic Algorithm","floor":0},{"not_picked":["Turbo","Storm"],"picked":"Coolheaded","floor":0},{"not_picked":["Rebound","Capacitor"],"picked":"Beam Cell","floor":0},{"not_picked":["Go for the Eyes","Ball Lightning"],"picked":"Aggregate","floor":0},{"not_picked":["Conserve Battery","Melter"],"picked":"Rip and Tear","floor":0},{"not_picked":["Reprogram","Aggregate"],"picked":"Sweeping Beam","floor":0},{"not_picked":["Redo","Doom and Gloom"],"picked":"Self Repair","floor":0},{"not_picked":["Barrage","Reinforced Body"],"picked":"Sunder","floor":0},{"not_picked":["Genetic Algorithm","Sweeping Beam"],"picked":"Gash","floor":0},{"not_picked":["Rebound","Turbo"],"picked":"Loop","floor":0},{"not_picked":["Cold Snap","Reprogram"],"picked":"Beam Cell","floor":0},{"not_picked":["Redo","Cold Snap"],"picked":"Coolheaded","floor":1},{"not_picked":["Rip and Tear","Conserve Battery"],"picked":"Scrape","floor":7},{"not_picked":["Machine Learning","Seek"],"picked":"Electrodynamics","floor":8},{"not_picked":["Rainbow","Thunder Strike"],"picked":"All For One","floor":10},{"not_picked":["Fission","Biased Cognition"],"picked":"Seek","floor":14},{"not_picked":["Machine Learning","Reboot"],"picked":"Echo Form","floor":16},{"not_picked":["Leap","Glacier"],"picked":"Ball Lightning","floor":18},{"not_picked":["Beam Cell","Gash"],"picked":"Turbo+1","floor":22},{"not_picked":["Go for the Eyes","Rebound"],"picked":"Gash+1","floor":22},{"not_picked":["Thunder Strike","Echo Form"],"picked":"Creative AI","floor":24},{"not_picked":["Seek","Biased Cognition"],"picked":"Meteor Strike","floor":27},{"not_picked":["Thunder Strike","Amplify"],"picked":"Seek","floor":29},{"not_picked":["Cold Snap","Rebound"],"picked":"Leap","floor":31},{"not_picked":["Lockon","Coolheaded"],"picked":"Reprogram","floor":31},{"not_picked":["Biased Cognition","Seek"],"picked":"Echo Form","floor":33},{"not_picked":["Compile Driver","Barrage"],"picked":"Turbo","floor":35},{"not_picked":["Turbo+1","Cold Snap+1"],"picked":"Rip and Tear","floor":35},{"not_picked":["Steam+1","Redo"],"picked":"Conserve Battery+1","floor":36},{"not_picked":["Ball Lightning","Redo"],"picked":"Beam Cell","floor":36},{"not_picked":["Reinforced Body+1","Seek"],"picked":"Hologram+1","floor":39},{"not_picked":["Auto Shields+1","Ball Lightning"],"picked":"Barrage+1","floor":39},{"not_picked":["Hyperbeam","Fission"],"picked":"All For One","floor":40},{"not_picked":["Sunder","Hologram+1"],"picked":"Steam Power+1","floor":41},{"not_picked":["Streamline+1","Barrage"],"picked":"White Noise+1","floor":41},{"not_picked":["Electrodynamics","Fission"],"picked":"Buffer","floor":44},{"not_picked":["Amplify","Echo Form"],"picked":"Creative AI","floor":47},{"not_picked":["Rebound+1","Redo+1"],"picked":"Gash","floor":48},{"not_picked":["Ball Lightning","Glacier"],"picked":"Self Repair+1","floor":48}],"player_experience":570392,"relics_obtained":[{"floor":8,"key":"FossilizedHelix"},{"floor":9,"key":"Bag of Preparation"},{"floor":10,"key":"Ice Cream"},{"floor":14,"key":"Pen Nib"},{"floor":24,"key":"Darkstone Periapt"},{"floor":26,"key":"Matryoshka"},{"floor":27,"key":"Cables"},{"floor":29,"key":"StoneCalendar"},{"floor":40,"key":"Unceasing Top"},{"floor":43,"key":"MawBank"},{"floor":43,"key":"Potion Belt"},{"floor":44,"key":"Meat on the Bone"},{"floor":47,"key":"DataDisk"}],"event_choices":[{"damage_healed":0,"gold_gain":80,"player_choice":"Gained Gold","damage_taken":0,"max_hp_gain":0,"max_hp_loss":0,"event_name":"Golden Wing","floor":2,"gold_loss":0},{"damage_healed":0,"gold_gain":0,"player_choice":"Success","damage_taken":12,"relics_obtained":["Centennial Puzzle"],"max_hp_gain":0,"max_hp_loss":0,"event_name":"Scrap Ooze","floor":3,"gold_loss":0},{"damage_healed":0,"gold_gain":0,"player_choice":"Leave","damage_taken":0,"max_hp_gain":0,"max_hp_loss":0,"event_name":"The Cleric","floor":4,"gold_loss":0},{"damage_healed":0,"gold_gain":75,"player_choice":"Gather Gold","damage_taken":11,"max_hp_gain":0,"max_hp_loss":0,"event_name":"World of Goop","floor":13,"gold_loss":0},{"damage_healed":0,"gold_gain":0,"player_choice":"Obtained Relic","damage_taken":0,"relics_obtained":["Prayer Wheel"],"max_hp_gain":0,"max_hp_loss":0,"event_name":"Addict","floor":19,"gold_loss":85},{"damage_healed":0,"gold_gain":0,"player_choice":"Opened","damage_taken":0,"relics_obtained":["Omamori"],"max_hp_gain":0,"max_hp_loss":0,"event_name":"The Mausoleum","floor":21,"gold_loss":0},{"damage_healed":0,"gold_gain":0,"player_choice":"Ignored","damage_taken":0,"max_hp_gain":0,"max_hp_loss":0,"event_name":"Beggar","floor":28,"gold_loss":0},{"cards_removed":["Echo Form"],"damage_healed":17,"gold_gain":0,"player_choice":"Offered Rare","damage_taken":0,"max_hp_gain":10,"max_hp_loss":0,"event_name":"Bonfire Elementals","floor":38,"gold_loss":0}],"is_beta":false,"boss_relics":[{"not_picked":["Philosopher\u0027s Stone","Coffee Dripper"],"picked":"Eternal Feather"},{"not_picked":["Nuclear Battery","Empty Cage"],"picked":"Lizard Tail"}],"items_purged_floors":[],"is_endless":false,"potions_floor_spawned":[1,7,10,18,27,35,36,47],"ascension_level":0}