{"gold_per_floor":[113,129,141,157,14,42,62,62,140,202,202,230,246,281,281,359,359,375,386,42,0,0,0,31,44,44,76,76,93,93,93,93,93],"floor_reached":33,"playtime":1900,"items_purged":["Strike_R","Strike_R"],"score":578,"play_id":"86f15882-fffd-4cf9-9168-ff6c135977c9","local_time":"20190705194917","is_ascension_mode":true,"campfire_choices":[{"data":"Armaments","floor":8.0,"key":"SMITH"},{"floor":11.0,"key":"REST"},{"floor":15.0,"key":"REST"},{"data":"Limit Break","floor":23.0,"key":"SMITH"},{"data":"Immolate","floor":28.0,"key":"SMITH"},{"data":"Disarm","floor":30.0,"key":"SMITH"},{"data":"Heavy Blade","floor":32.0,"key":"SMITH"}],"neow_cost":"NONE","seed_source_timestamp":1162414654012660,"circlet_count":0,"master_deck":["AscendersBane","Strike_R+1","Strike_R","Strike_R","Defend_R","Defend_R","Defend_R","Defend_R","Bash","Armaments+1","Headbutt","Anger+1","Cleave","Spot Weakness","Rage","Shrug It Off","Disarm+1","Pommel Strike","Limit Break+1","Ghostly Armor","Offering","Wild Strike+1","Disarm","Immolate+1","Heavy Blade+1"],"special_seed":0,"relics":["Burning Blood","NeowsBlessing","Oddly Smooth Stone","Sundial","Dead Branch","Whetstone","Dodecahedron","Snecko Eye","PreservedInsect","Centennial Puzzle","Matryoshka","Strawberry"],"potions_floor_usage":[33],"damage_taken":[{"damage":0.0,"enemies":"Small Slimes","floor":1.0,"turns":1.0},{"damage":0.0,"enemies":"Jaw Worm","floor":2.0,"turns":1.0},{"damage":0.0,"enemies":"Cultist","floor":3.0,"turns":1.0},{"damage":9.0,"enemies":"Blue Slaver","floor":4.0,"turns":4.0},{"damage":34.0,"enemies":"Gremlin Nob","floor":6.0,"turns":4.0},{"damage":13.0,"enemies":"Exordium Thugs","floor":7.0,"turns":5.0},{"damage":19.0,"enemies":"Gremlin Nob","floor":10.0,"turns":4.0},{"damage":11.0,"enemies":"3 Sentries","floor":12.0,"turns":5.0},{"damage":0.0,"enemies":"Large Slime","floor":13.0,"turns":5.0},{"damage":35.0,"enemies":"Gremlin Nob","floor":14.0,"turns":4.0},{"damage":34.0,"enemies":"The Guardian","floor":16.0,"turns":9.0},{"damage":3.0,"enemies":"3 Byrds","floor":18.0,"turns":3.0},{"damage":6.0,"enemies":"Spheric Guardian","floor":19.0,"turns":2.0},{"damage":6.0,"enemies":"Gremlin Leader","floor":24.0,"turns":4.0},{"damage":6.0,"enemies":"Chosen and Byrds","floor":25.0,"turns":5.0},{"damage":8.0,"enemies":"Book of Stabbing","floor":27.0,"turns":4.0},{"damage":20.0,"enemies":"Snecko","floor":29.0,"turns":6.0},{"damage":61,"enemies":"Automaton","floor":33,"turns":6}],"seed_played":"-7154207175288269669","potions_obtained":[{"floor":1.0,"key":"GamblersBrew"},{"floor":3.0,"key":"EssenceOfSteel"},{"floor":10.0,"key":"Swift Potion"},{"floor":13.0,"key":"LiquidBronze"},{"floor":29.0,"key":"Fruit Juice"}],"is_trial":false,"path_per_floor":["M","M","M","M","$","E","M","R","T","?","R","E","M","E","R","B",null,"M","M","$","?","?","R","E","M","T","E","R","M","R","?","R","B"],"character_chosen":"IRONCLAD","items_purchased":["Spot Weakness","PreservedInsect","Dexterity Potion","FearPotion"],"campfire_rested":2,"item_purchase_floors":[5,20,20,20],"current_hp_per_floor":[74,75,75,72,72,44,37,37,37,24,46,41,47,18,40,12,59,62,62,62,62,62,62,62,62,62,67,67,58,58,58,58,0],"gold":93,"neow_bonus":"THREE_ENEMY_KILL","is_prod":false,"is_daily":false,"chose_seed":false,"campfire_upgraded":5,"win_rate":0,"timestamp":1562374157,"path_taken":["M","M","M","M","$","E","M","R","T","?","R","E","M","E","R","BOSS","M","M","$","?","?","R","E","M","T","E","R","?","R","?","R","BOSS"],"build_version":"2019-07-01","purchased_purges":2,"victory":false,"max_hp_per_floor":[75,75,75,75,75,75,75,75,75,75,75,75,75,75,75,75,75,75,75,75,75,75,75,75,75,75,82,82,87,87,87,87,87],"card_choices":[{"not_picked":["Sever Soul","Second Wind"],"picked":"Armaments","floor":1.0},{"not_picked":["Shockwave","True Grit"],"picked":"Headbutt","floor":2.0},{"not_picked":["Pommel Strike","Exhume"],"picked":"Anger","floor":3.0},{"not_picked":["Body Slam","Sword Boomerang"],"picked":"Cleave","floor":4.0},{"not_picked":["Bloodletting","Searing Blow"],"picked":"Rage","floor":6.0},{"not_picked":["Corruption","Hemokinesis"],"picked":"Shrug It Off","floor":7.0},{"not_picked":["Cleave","Second Wind"],"picked":"Disarm","floor":10.0},{"not_picked":["Clash","Reckless Charge"],"picked":"Pommel Strike","floor":12.0},{"not_picked":["Headbutt","Warcry"],"picked":"Limit Break","floor":13.0},{"not_picked":["Seeing Red","Rupture"],"picked":"Ghostly Armor","floor":14.0},{"not_picked":["Impervious","Exhume"],"picked":"Offering","floor":16.0},{"not_picked":["Flex","Heavy Blade"],"picked":"Wild Strike+1","floor":18.0},{"not_picked":["Dual Wield","Clash+1","Pommel Strike"],"picked":"SKIP","floor":19.0},{"not_picked":["Whirlwind","Armaments"],"picked":"Disarm","floor":24.0},{"not_picked":["Perfected Strike","Iron Wave","Thunderclap"],"picked":"SKIP","floor":25.0},{"not_picked":["Thunderclap","Cleave"],"picked":"Immolate","floor":27.0},{"not_picked":["Iron Wave","Clothesline"],"picked":"Heavy Blade","floor":29.0}],"player_experience":148564,"relics_obtained":[{"floor":6.0,"key":"Oddly Smooth Stone"},{"floor":9.0,"key":"Sundial"},{"floor":10.0,"key":"Dead Branch"},{"floor":12.0,"key":"Whetstone"},{"floor":14.0,"key":"Dodecahedron"},{"floor":24.0,"key":"Centennial Puzzle"},{"floor":26.0,"key":"Matryoshka"},{"floor":27.0,"key":"Strawberry"}],"event_choices":[{"damage_healed":0.0,"max_hp_gain":0.0,"max_hp_loss":0.0,"gold_gain":0.0,"event_name":"Dead Adventurer","player_choice":"Searched \u00271\u0027 times","floor":10.0,"gold_loss":0.0,"damage_taken":0.0},{"damage_healed":0.0,"max_hp_gain":0.0,"max_hp_loss":0.0,"gold_gain":0.0,"event_name":"Masked Bandits","player_choice":"Paid Fearfully","floor":21.0,"gold_loss":42.0,"damage_taken":0.0},{"damage_healed":0.0,"max_hp_gain":0.0,"max_hp_loss":0.0,"gold_gain":0.0,"event_name":"FaceTrader","player_choice":"Leave","floor":22.0,"gold_loss":0.0,"damage_taken":0.0},{"damage_healed":0.0,"max_hp_gain":0.0,"max_hp_loss":0.0,"gold_gain":0.0,"event_name":"Ghosts","player_choice":"Ignored","floor":31.0,"gold_loss":0.0,"damage_taken":0.0}],"is_beta":false,"boss_relics":[{"not_picked":["Velvet Choker","Black Star"],"picked":"Snecko Eye"}],"items_purged_floors":[5,20],"is_endless":false,"potions_floor_spawned":[1,3,10,13,14,24,25,27,29],"killed_by":"Automaton","ascension_level":15}