{"gold_per_floor":[109,109,109,129,60,60,93,93,141,164,205,226,244,20,20,20],"floor_reached":16,"playtime":532,"items_purged":["Strike_R"],"score":138,"play_id":"60126202-9c88-4817-b59c-f662c80e3f2e","local_time":"20190709133707","is_ascension_mode":true,"campfire_choices":[{"data":"Disarm","floor":6.0,"key":"SMITH"},{"data":"Flame Barrier","floor":8.0,"key":"SMITH"},{"data":"Bludgeon","floor":15.0,"key":"SMITH"}],"neow_cost":"PERCENT_DAMAGE","seed_source_timestamp":0,"circlet_count":0,"master_deck":["Strike_R","Strike_R","Defend_R","Defend_R","Defend_R","Defend_R","Bash","Bludgeon+1","Limit Break","Flame Barrier+1","Disarm+1","Shrug It Off","Battle Trance"],"special_seed":0,"relics":["Burning Blood","Golden Idol","Orichalcum","Bronze Scales","Pen Nib","Omamori"],"potions_floor_usage":[],"damage_taken":[{"damage":6.0,"enemies":"2 Louse","floor":1.0,"turns":2.0},{"damage":0.0,"enemies":"Jaw Worm","floor":4.0,"turns":3.0},{"damage":30.0,"enemies":"Gremlin Nob","floor":7.0,"turns":5.0},{"damage":0.0,"enemies":"Cultist","floor":10.0,"turns":3.0},{"damage":19.0,"enemies":"3 Sentries","floor":11.0,"turns":7.0},{"damage":0.0,"enemies":"Looter","floor":12.0,"turns":4.0},{"damage":5.0,"enemies":"Gremlin Gang","floor":13.0,"turns":6.0},{"damage":44,"enemies":"Slime Boss","floor":16,"turns":9}],"seed_played":"3761788458961260522","potions_obtained":[{"floor":4.0,"key":"Weak Potion"},{"floor":12.0,"key":"Dexterity Potion"}],"is_trial":false,"path_per_floor":["M","?","?","M","$","R","E","R","T","M","E","M","M","$","R","B"],"character_chosen":"IRONCLAD","items_purchased":["Disarm","Omamori"],"campfire_rested":0,"item_purchase_floors":[5,14],"current_hp_per_floor":[56,56,56,62,62,62,38,38,38,44,31,37,38,38,38,0],"gold":20,"neow_bonus":"TRANSFORM_TWO_CARDS","is_prod":false,"is_daily":false,"chose_seed":false,"campfire_upgraded":3,"win_rate":0,"timestamp":1562693827,"path_taken":["M","?","?","M","$","R","E","R","T","M","E","?","M","$","R","BOSS"],"build_version":"2019-07-05","purchased_purges":1,"victory":false,"max_hp_per_floor":[80,80,80,80,80,80,80,80,80,80,80,80,80,80,80,80],"card_choices":[{"not_picked":["Body Slam","Rage"],"picked":"Flame Barrier","floor":1.0},{"not_picked":["Thunderclap","Heavy Blade","Searing Blow"],"picked":"SKIP","floor":4.0},{"not_picked":["Shockwave","Anger"],"picked":"Shrug It Off","floor":7.0},{"not_picked":["Armaments","Iron Wave"],"picked":"Battle Trance","floor":10.0},{"not_picked":["Twin Strike","Fiend Fire","Warcry"],"picked":"SKIP","floor":11.0},{"not_picked":["Wild Strike","Searing Blow","Headbutt"],"picked":"SKIP","floor":12.0},{"not_picked":["Armaments","Flex","Disarm"],"picked":"SKIP","floor":13.0}],"player_experience":234818,"relics_obtained":[{"floor":7.0,"key":"Orichalcum"},{"floor":9.0,"key":"Bronze Scales"},{"floor":11.0,"key":"Pen Nib"}],"event_choices":[{"damage_healed":0.0,"max_hp_gain":0.0,"max_hp_loss":0.0,"gold_gain":0.0,"event_name":"Golden Idol","player_choice":"Take Wound","floor":2.0,"gold_loss":0.0,"damage_taken":0.0,"relics_obtained":["Golden Idol"],"cards_obtained":["Injury"]},{"cards_removed":["Injury"],"damage_healed":0.0,"max_hp_gain":0.0,"max_hp_loss":0.0,"gold_gain":0.0,"event_name":"Fountain of Cleansing","player_choice":"Removed Curses","floor":3.0,"gold_loss":0.0,"damage_taken":0.0}],"is_beta":false,"boss_relics":[],"items_purged_floors":[14],"is_endless":false,"potions_floor_spawned":[4,12],"killed_by":"Slime Boss","ascension_level":5}