{"gold_per_floor":[115,135,151,165,165,165,196,196,269,302,319,319,350,350],"floor_reached":14,"playtime":1545,"items_purged":[],"score":143,"play_id":"acd98eb6-6b42-4510-90c9-0dcf614089c2","local_time":"20190710084942","is_ascension_mode":true,"campfire_choices":[{"data":"Shockwave","floor":6,"key":"SMITH"},{"data":"Bash","floor":8,"key":"SMITH"}],"neow_cost":"NONE","seed_source_timestamp":426073241383001,"circlet_count":0,"master_deck":["Strike_R","Strike_R","Strike_R","Strike_R","Strike_R","Defend_R","Defend_R","Defend_R","Defend_R","Bash+1","Ghostly Armor","Shockwave+1","Evolve","Iron Wave","Body Slam"],"relics":["Burning Blood","NeowsBlessing","Nunchaku","Bottled Lightning","Art of War","Smiling Mask"],"potions_floor_usage":[4,7,13,14],"damage_taken":[{"damage":0,"enemies":"Cultist","floor":1,"turns":1},{"damage":0,"enemies":"Small Slimes","floor":2,"turns":1},{"damage":0,"enemies":"Jaw Worm","floor":3,"turns":1},{"damage":18,"enemies":"Gremlin Gang","floor":4,"turns":6},{"damage":22,"enemies":"3 Sentries","floor":7,"turns":11},{"damage":29,"enemies":"Lagavulin","floor":10,"turns":9},{"damage":18,"enemies":"Exordium Wildlife","floor":11,"turns":5},{"damage":14,"enemies":"Gremlin Nob","floor":13,"turns":4},{"damage":9,"enemies":"Lots of Slimes","floor":14,"turns":1}],"seed_played":"-8548506101854025853","potions_obtained":[{"floor":3,"key":"Energy Potion"},{"floor":4,"key":"SkillPotion"},{"floor":10,"key":"Dexterity Potion"},{"floor":11,"key":"SkillPotion"},{"floor":13,"key":"SteroidPotion"}],"is_trial":false,"path_per_floor":["M","M","M","M","$","R","E","R","T","E","M","?","E","M"],"character_chosen":"IRONCLAD","items_purchased":[],"campfire_rested":0,"item_purchase_floors":[],"current_hp_per_floor":[78,80,80,68,68,68,52,52,52,29,17,17,9,0],"gold":350,"neow_bonus":"THREE_ENEMY_KILL","is_prod":false,"is_daily":false,"chose_seed":false,"campfire_upgraded":2,"win_rate":0,"timestamp":1562762982,"path_taken":["M","?","M","?","$","R","E","R","T","E","M","?","E","M"],"build_version":"2019-07-05","purchased_purges":0,"victory":false,"max_hp_per_floor":[80,80,80,80,80,80,80,80,80,80,80,80,80,80],"card_choices":[{"not_picked":["Flex","Infernal Blade"],"picked":"Ghostly Armor","floor":1},{"not_picked":["Anger","Burning Pact"],"picked":"Shockwave","floor":2},{"not_picked":["Whirlwind","Bloodletting"],"picked":"Evolve","floor":3},{"not_picked":["Warcry","Metallicize"],"picked":"Iron Wave","floor":4},{"not_picked":["Burning Pact","Shockwave","Limit Break"],"picked":"SKIP","floor":7},{"not_picked":["Dropkick","Havoc","Shockwave"],"picked":"SKIP","floor":10},{"not_picked":["Heavy Blade","Sword Boomerang"],"picked":"Body Slam","floor":11},{"not_picked":["Rage","Limit Break","Uppercut"],"picked":"SKIP","floor":13}],"player_experience":245088,"relics_obtained":[{"floor":7,"key":"Nunchaku"},{"floor":9,"key":"Bottled Lightning"},{"floor":10,"key":"Art of War"},{"floor":13,"key":"Smiling Mask"}],"event_choices":[{"damage_healed":0,"gold_gain":0,"player_choice":"Ignored","damage_taken":0,"max_hp_gain":0,"max_hp_loss":0,"event_name":"Liars Game","floor":12,"gold_loss":0}],"is_beta":false,"boss_relics":[],"items_purged_floors":[],"is_endless":false,"potions_floor_spawned":[3,4,10,11,13],"killed_by":"Lots of Slimes","ascension_level":6}