{"gold_per_floor":[15,34,54,65,76,76,102,118,118,131,131,131,158,158,158,262,262,274,149,169,185,11,36,36,61,61,73,92,92,92,103,103,207,207,219,94,94,0,0,30,30,30,30,40,40,54,54,65,65,65,65,65,65,100,100],"floor_reached":55,"playtime":3667,"items_purged":["Decay","Writhe","Decay"],"score":749,"play_id":"b54b2c40-27ef-4f63-864f-dc5b4da03203","local_time":"20190709225915","is_ascension_mode":false,"campfire_choices":[{"data":"Body Slam","floor":6,"key":"SMITH"},{"data":"Armaments","floor":11,"key":"SMITH"},{"data":"Metallicize","floor":15,"key":"SMITH"},{"data":"Body Slam","floor":24,"key":"SMITH"},{"data":"Metallicize","floor":29,"key":"SMITH"},{"data":"Body Slam","floor":32,"key":"SMITH"},{"floor":42,"key":"RECALL"},{"data":"Apotheosis","floor":47,"key":"SMITH"},{"data":"Madness","floor":49,"key":"SMITH"},{"data":"Madness","floor":52,"key":"SMITH"}],"neow_cost":"NO_GOLD","seed_source_timestamp":440472982614576,"circlet_count":0,"master_deck":["Strike_R","Strike_R","Strike_R","Defend_R","Defend_R","Defend_R","Defend_R","Armaments+1","Metallicize+1","Body Slam+1","Shrug It Off","Shrug It Off","Shrug It Off","Juggernaut","Body Slam+1","Juggernaut","Metallicize+1","True Grit+1","Shrug It Off","Body Slam+1","Demon Form","Armaments+1","Madness+1","Madness+1","Apotheosis+1","Reaper","Shrug It Off+1"],"relics":["Burning Blood","Mummified Hand","Gremlin Horn","Paper Frog","Calling Bell","Dream Catcher","Mercury Hourglass","Unceasing Top","Lantern","Pear","Philosopher\u0027s Stone","Red Mask","Orichalcum","Self Forming Clay","Centennial Puzzle","Vajra"],"potions_floor_usage":[7,16,21,25,25,33,33,55,55,55],"damage_taken":[{"damage":2,"enemies":"Cultist","floor":1,"turns":5},{"damage":2,"enemies":"Small Slimes","floor":2,"turns":5},{"damage":0,"enemies":"2 Louse","floor":3,"turns":4},{"damage":2,"enemies":"Large Slime","floor":4,"turns":8},{"damage":1,"enemies":"2 Fungi Beasts","floor":5,"turns":4},{"damage":10,"enemies":"Lagavulin","floor":7,"turns":9},{"damage":14,"enemies":"Gremlin Gang","floor":8,"turns":7},{"damage":0,"enemies":"Blue Slaver","floor":10,"turns":6},{"damage":13,"enemies":"Gremlin Nob","floor":13,"turns":5},{"damage":19,"enemies":"The Guardian","floor":16,"turns":14},{"damage":20,"enemies":"3 Byrds","floor":18,"turns":4},{"damage":15,"enemies":"Spheric Guardian","floor":20,"turns":6},{"damage":4,"enemies":"Snecko","floor":21,"turns":4},{"damage":35,"enemies":"Slavers","floor":23,"turns":5},{"damage":0,"enemies":"Book of Stabbing","floor":25,"turns":5},{"damage":9,"enemies":"Snake Plant","floor":27,"turns":4},{"damage":19,"enemies":"Cultist and Chosen","floor":28,"turns":5},{"damage":0,"enemies":"Chosen and Byrds","floor":31,"turns":5},{"damage":13,"enemies":"Collector","floor":33,"turns":10},{"damage":10,"enemies":"3 Darklings","floor":35,"turns":4},{"damage":1,"enemies":"Reptomancer","floor":40,"turns":5},{"damage":0,"enemies":"Orb Walker","floor":44,"turns":4},{"damage":0,"enemies":"Transient","floor":46,"turns":5},{"damage":0,"enemies":"Writhing Mass","floor":48,"turns":7},{"damage":38,"enemies":"Donu and Deca","floor":50,"turns":8},{"damage":51,"enemies":"Shield and Spear","floor":54,"turns":5},{"damage":95,"enemies":"The Heart","floor":55,"turns":5}],"seed_played":"3668040712586853722","potions_obtained":[{"floor":2,"key":"Poison Potion"},{"floor":7,"key":"EssenceOfSteel"},{"floor":8,"key":"LiquidBronze"},{"floor":10,"key":"Swift Potion"},{"floor":21,"key":"Poison Potion"},{"floor":28,"key":"AttackPotion"},{"floor":31,"key":"Weak Potion"},{"floor":44,"key":"SteroidPotion"},{"floor":46,"key":"BloodPotion"},{"floor":48,"key":"BloodPotion"},{"floor":54,"key":"Dexterity Potion"}],"is_trial":false,"path_per_floor":["M","M","M","M","M","R","E","M","T","M","R","?","E","$","R","B",null,"M","$","M","M","$","E","R","E","T","M","M","R","?","M","R","B",null,"M","$","?","?","?","E","?","R","T","M","T","M","R","M","R","B",null,"R","$","E","B"],"character_chosen":"IRONCLAD","items_purchased":["Body Slam","Metallicize"],"campfire_rested":0,"item_purchase_floors":[19,22],"current_hp_per_floor":[80,80,80,80,80,80,76,68,68,74,74,80,73,73,73,60,80,66,66,57,59,59,30,30,46,46,43,30,30,30,36,36,29,90,86,86,75,75,75,80,80,80,80,90,90,90,90,90,90,58,90,90,90,45,0],"gold":100,"neow_bonus":"REMOVE_TWO","is_prod":false,"is_daily":false,"chose_seed":false,"campfire_upgraded":9,"win_rate":0,"timestamp":1562749155,"path_taken":["M","M","M","M","M","R","E","?","T","?","R","?","E","?","R","BOSS","M","$","M","M","$","E","R","E","T","M","M","R","?","M","R","BOSS","M","$","?","?","?","E","?","R","T","?","?","M","R","M","R","BOSS","R","$","E","BOSS"],"build_version":"2019-07-05","purchased_purges":3,"victory":false,"max_hp_per_floor":[80,80,80,80,80,80,80,80,80,80,80,80,80,80,80,80,80,80,80,80,80,80,80,80,90,90,90,90,90,90,90,90,90,90,90,90,90,90,90,90,90,90,90,90,90,90,90,90,90,90,90,90,90,90,90],"card_choices":[{"not_picked":["Shrug It Off","Cleave"],"picked":"Armaments","floor":1},{"not_picked":["Battle Trance","Warcry"],"picked":"Metallicize","floor":2},{"not_picked":["Immolate","Pommel Strike","Clothesline"],"picked":"SKIP","floor":3},{"not_picked":["Flame Barrier","Clash"],"picked":"Body Slam","floor":4},{"not_picked":["Twin Strike","Warcry"],"picked":"Shrug It Off","floor":5},{"not_picked":["Evolve","Anger"],"picked":"Shrug It Off","floor":7},{"not_picked":["Anger","Pommel Strike","Heavy Blade"],"picked":"SKIP","floor":8},{"not_picked":["Thunderclap","Battle Trance"],"picked":"Shrug It Off","floor":10},{"not_picked":["Heavy Blade","Hemokinesis","Infernal Blade"],"picked":"SKIP","floor":13},{"not_picked":["Impervious","Feed"],"picked":"Juggernaut","floor":16},{"not_picked":["Sword Boomerang+1","Clash+1","Rupture"],"picked":"SKIP","floor":18},{"not_picked":["Headbutt","Iron Wave"],"picked":"Juggernaut","floor":20},{"not_picked":["Clash","Thunderclap","Twin Strike"],"picked":"SKIP","floor":21},{"not_picked":["Warcry","Twin Strike+1"],"picked":"True Grit+1","floor":23},{"not_picked":["Inflame","Flex"],"picked":"Shrug It Off","floor":25},{"not_picked":["Evolve","Disarm","Rampage"],"picked":"SKIP","floor":27},{"not_picked":["Clothesline","Sword Boomerang","Warcry+1"],"picked":"SKIP","floor":28},{"not_picked":["Sword Boomerang+1","Rampage"],"picked":"Body Slam","floor":31},{"not_picked":["Brutality","Fiend Fire"],"picked":"Demon Form","floor":33},{"not_picked":["Warcry+1","Anger"],"picked":"Armaments+1","floor":35},{"not_picked":["PanicButton","Master of Strategy"],"picked":"Apotheosis","floor":39},{"not_picked":["Intimidate+1","Heavy Blade","Pommel Strike"],"picked":"SKIP","floor":40},{"not_picked":["Wild Strike+1","Thunderclap"],"picked":"Shrug It Off+1","floor":44},{"not_picked":["Flex+1","Perfected Strike","Pommel Strike"],"picked":"SKIP","floor":46},{"not_picked":["Heavy Blade+1","Cleave+1","Dropkick+1"],"picked":"SKIP","floor":48},{"not_picked":["Battle Trance","Twin Strike","Anger"],"picked":"SKIP","floor":54}],"player_experience":79152,"relics_obtained":[{"floor":7,"key":"Mummified Hand"},{"floor":9,"key":"Gremlin Horn"},{"floor":13,"key":"Paper Frog"},{"floor":17,"key":"Dream Catcher"},{"floor":17,"key":"Mercury Hourglass"},{"floor":17,"key":"Unceasing Top"},{"floor":23,"key":"Lantern"},{"floor":25,"key":"Pear"},{"floor":40,"key":"Orichalcum"},{"floor":43,"key":"Self Forming Clay"},{"floor":45,"key":"Centennial Puzzle"},{"floor":54,"key":"Vajra"}],"event_choices":[{"damage_healed":6,"gold_gain":0,"player_choice":"Full Heal","damage_taken":0,"max_hp_gain":0,"max_hp_loss":0,"event_name":"Wheel of Change","floor":12,"gold_loss":0},{"damage_healed":0,"gold_gain":0,"player_choice":"Ignored","damage_taken":0,"max_hp_gain":0,"max_hp_loss":0,"event_name":"Ghosts","floor":30,"gold_loss":0},{"damage_healed":0,"gold_gain":0,"player_choice":"Embrace Madness","damage_taken":11,"max_hp_gain":0,"max_hp_loss":0,"event_name":"Winding Halls","floor":37,"gold_loss":0,"cards_obtained":["Madness","Madness"]},{"damage_healed":0,"gold_gain":0,"player_choice":"Paid","damage_taken":0,"relics_obtained":["Red Mask"],"max_hp_gain":0,"max_hp_loss":0,"event_name":"Tomb of Lord Red Mask","floor":38,"gold_loss":94},{"damage_healed":0,"gold_gain":0,"player_choice":"Memory 1","damage_taken":0,"max_hp_gain":0,"max_hp_loss":0,"event_name":"SensoryStone","floor":39,"gold_loss":0},{"damage_healed":0,"gold_gain":0,"cards_transformed":["Bash"],"player_choice":"Transformed","damage_taken":0,"max_hp_gain":0,"max_hp_loss":0,"event_name":"Transmorgrifier","floor":41,"gold_loss":0,"cards_obtained":["Reaper"]}],"is_beta":false,"boss_relics":[{"not_picked":["Mark of Pain","Cursed Key"],"picked":"Calling Bell"},{"not_picked":["Tiny House","Busted Crown"],"picked":"Philosopher\u0027s Stone"}],"items_purged_floors":[19,22,36],"is_endless":false,"potions_floor_spawned":[2,7,8,10,21,28,31,44,46,48,54],"killed_by":"The Heart","ascension_level":0}