{"gold_per_floor":[109,184,184,194,119,151,151,71,71,96,120,120,120,150,150,250,250,264,277,192,142,142,167,167,195,195,195,145,145,145,172,184,291,303,325,337,147,162,162,162,39,65,90,90,101,119,119,130,130,130],"floor_reached":51,"playtime":3824,"items_purged":["Regret","Strike_G","Strike_G","Strike_G","Defend_G"],"score":733,"play_id":"7ceab037-79e4-4fb5-8eb1-ac80285014fb","local_time":"20190710182233","is_ascension_mode":true,"campfire_choices":[{"floor":7,"key":"REST"},{"floor":13,"key":"REST"},{"floor":15,"key":"REST"},{"floor":24,"key":"REST"},{"floor":27,"key":"REST"},{"data":"Wraith Form v2","floor":30,"key":"SMITH"},{"data":"Bouncing Flask","floor":32,"key":"SMITH"},{"floor":40,"key":"REST"},{"floor":44,"key":"REST"},{"floor":47,"key":"REST"},{"floor":49,"key":"REST"}],"neow_cost":"CURSE","seed_source_timestamp":146843731700,"circlet_count":0,"master_deck":["Strike_G+1","Defend_G","Defend_G","Survivor","Neutralize","Footwork","Crippling Poison","Bouncing Flask","Bane","Deadly Poison","Bouncing Flask+1","Crippling Poison","Bane","Dash","Wraith Form v2+1","Bouncing Flask+1","Corpse Explosion","Slice+1","Footwork+1","Corpse Explosion","Noxious Fumes","Deadly Poison","Burst","Noxious Fumes"],"relics":["Ring of the Snake","FossilizedHelix","Sundial","Snake Skull","Orichalcum","Smiling Mask","Odd Mushroom","Dream Catcher","Black Star","Tough Bandages","Calipers","Anchor","Boot","Unceasing Top","MawBank","White Beast Statue","Whetstone","Ancient Tea Set","Centennial Puzzle","Oddly Smooth Stone"],"potions_floor_usage":[4,14,16,33,42,42,42,42,46,46,50,50,50],"damage_taken":[{"damage":0,"enemies":"Small Slimes","floor":1,"turns":3},{"damage":0,"enemies":"Jaw Worm","floor":4,"turns":5},{"damage":28,"enemies":"3 Sentries","floor":6,"turns":17},{"damage":3,"enemies":"Lagavulin","floor":10,"turns":6},{"damage":14,"enemies":"The Mushroom Lair","floor":11,"turns":4},{"damage":1,"enemies":"3 Sentries","floor":14,"turns":6},{"damage":20,"enemies":"Slime Boss","floor":16,"turns":11},{"damage":0,"enemies":"Chosen","floor":18,"turns":4},{"damage":0,"enemies":"Spheric Guardian","floor":19,"turns":3},{"damage":14,"enemies":"Book of Stabbing","floor":23,"turns":7},{"damage":12,"enemies":"Gremlin Leader","floor":25,"turns":8},{"damage":55,"enemies":"Automaton","floor":33,"turns":10},{"damage":0,"enemies":"3 Shapes","floor":35,"turns":5},{"damage":24,"enemies":"3 Darklings","floor":38,"turns":4},{"damage":66,"enemies":"Reptomancer","floor":42,"turns":5},{"damage":7,"enemies":"Maw","floor":45,"turns":6},{"damage":4,"enemies":"Spire Growth","floor":46,"turns":6},{"damage":0,"enemies":"Sphere and 2 Shapes","floor":48,"turns":3},{"damage":51,"enemies":"Time Eater","floor":50,"turns":13}],"seed_played":"-3028418883498383961","potions_obtained":[{"floor":1,"key":"SteroidPotion"},{"floor":6,"key":"AttackPotion"},{"floor":14,"key":"Explosive Potion"},{"floor":19,"key":"Explosive Potion"},{"floor":33,"key":"LiquidBronze"},{"floor":35,"key":"EntropicBrew"},{"floor":38,"key":"SkillPotion"},{"floor":42,"key":"Fire Potion"},{"floor":45,"key":"GhostInAJar"},{"floor":46,"key":"EssenceOfSteel"},{"floor":48,"key":"FearPotion"}],"is_trial":false,"path_per_floor":["M","?","?","M","$","E","R","$","T","E","?","?","R","E","R","B",null,"M","M","?","$","?","E","R","E","T","R","$","?","R","T","R","B",null,"M","?","$","M","?","R","$","E","T","R","M","M","R","M","R","B",null],"character_chosen":"THE_SILENT","items_purchased":["Bouncing Flask","Whetstone","Corpse Explosion"],"campfire_rested":9,"item_purchase_floors":[8,37,41],"current_hp_per_floor":[70,59,59,59,59,31,52,52,52,49,35,35,56,55,70,50,70,70,70,70,70,70,56,70,58,58,70,70,70,70,70,70,15,70,70,70,70,46,46,67,67,1,1,22,15,11,32,32,53,2],"gold":130,"neow_bonus":"ONE_RARE_RELIC","is_prod":false,"is_daily":false,"chose_seed":false,"campfire_upgraded":2,"win_rate":0,"timestamp":1562808153,"path_taken":["M","?","?","M","$","E","R","?","T","E","?","?","R","E","R","BOSS","M","M","?","$","?","E","R","E","T","R","$","?","R","?","R","BOSS","M","?","$","?","?","R","?","E","T","R","M","M","R","?","R","BOSS"],"build_version":"2019-07-05","purchased_purges":5,"victory":true,"max_hp_per_floor":[70,70,70,70,70,70,70,70,70,70,70,70,70,70,70,70,70,70,70,70,70,70,70,70,70,70,70,70,70,70,70,70,70,70,70,70,70,70,70,70,70,70,70,70,70,70,70,70,70,70],"card_choices":[{"not_picked":["Predator","Dagger Spray","Quick Slash"],"picked":"SKIP","floor":1},{"not_picked":["Acrobatics","Outmaneuver"],"picked":"Footwork","floor":4},{"not_picked":["Underhanded Strike","Slice"],"picked":"Crippling Poison","floor":6},{"not_picked":["Accuracy","Heel Hook"],"picked":"Bane","floor":10},{"not_picked":["Bane","Calculated Gamble"],"picked":"Deadly Poison","floor":11},{"not_picked":["Deadly Poison","Prepared"],"picked":"Bouncing Flask","floor":14},{"not_picked":["Unload","Caltrops"],"picked":"Crippling Poison","floor":15},{"not_picked":["Dagger Spray","Dash"],"picked":"Bane","floor":18},{"not_picked":["Outmaneuver","Blur","Caltrops"],"picked":"SKIP","floor":19},{"not_picked":["Sucker Punch","Dash"],"picked":"Bouncing Flask+1","floor":23},{"not_picked":["Escape Plan","Infinite Blades+1","Underhanded Strike"],"picked":"SKIP","floor":25},{"not_picked":["Phantasmal Killer","Glass Knife"],"picked":"Corpse Explosion","floor":33},{"not_picked":["Infinite Blades+1","Expertise","Blade Dance"],"picked":"SKIP","floor":35},{"not_picked":["Dodge and Roll+1","Backflip+1"],"picked":"Footwork+1","floor":38},{"not_picked":["Backflip","Bouncing Flask+1"],"picked":"Noxious Fumes","floor":42},{"not_picked":["Underhanded Strike","Cloak And Dagger","Expertise+1"],"picked":"SKIP","floor":45},{"not_picked":["Dagger Spray","Poisoned Stab","Backflip+1"],"picked":"SKIP","floor":46},{"not_picked":["Sucker Punch","Backflip"],"picked":"Deadly Poison","floor":47},{"not_picked":["Cloak And Dagger","Blur+1"],"picked":"Burst","floor":48},{"not_picked":["PiercingWail","Deadly Poison"],"picked":"Noxious Fumes","floor":49}],"player_experience":52822,"relics_obtained":[{"floor":6,"key":"Snake Skull"},{"floor":9,"key":"Orichalcum"},{"floor":10,"key":"Smiling Mask"},{"floor":11,"key":"Odd Mushroom"},{"floor":14,"key":"Dream Catcher"},{"floor":23,"key":"Calipers"},{"floor":23,"key":"Anchor"},{"floor":25,"key":"Boot"},{"floor":25,"key":"Unceasing Top"},{"floor":31,"key":"MawBank"},{"floor":42,"key":"Ancient Tea Set"},{"floor":42,"key":"Centennial Puzzle"},{"floor":43,"key":"Oddly Smooth Stone"}],"event_choices":[{"damage_healed":0,"gold_gain":75,"player_choice":"Gather Gold","damage_taken":11,"max_hp_gain":0,"max_hp_loss":0,"event_name":"World of Goop","floor":2,"gold_loss":0},{"damage_healed":0,"gold_gain":0,"player_choice":"Box","damage_taken":0,"relics_obtained":["Sundial"],"max_hp_gain":0,"max_hp_loss":0,"event_name":"Big Fish","floor":3,"gold_loss":0,"cards_obtained":["Regret"]},{"damage_healed":0,"gold_gain":0,"player_choice":"Fought Mushrooms","damage_taken":0,"max_hp_gain":0,"max_hp_loss":0,"event_name":"Mushrooms","floor":11,"gold_loss":0},{"damage_healed":0,"gold_gain":0,"player_choice":"Ignored","damage_taken":0,"max_hp_gain":0,"max_hp_loss":0,"event_name":"Shining Light","floor":12,"gold_loss":0},{"damage_healed":0,"gold_gain":0,"player_choice":"Obtained Relic","damage_taken":0,"relics_obtained":["Tough Bandages"],"max_hp_gain":0,"max_hp_loss":0,"event_name":"Addict","floor":20,"gold_loss":85},{"damage_healed":0,"gold_gain":0,"cards_transformed":["Strike_G","Defend_G"],"player_choice":"Became Test Subject","damage_taken":0,"max_hp_gain":0,"max_hp_loss":0,"event_name":"Drug Dealer","floor":22,"gold_loss":0,"cards_obtained":["Dash","Wraith Form v2"]},{"cards_removed":["Clumsy"],"damage_healed":0,"gold_gain":0,"player_choice":"Elegance","damage_taken":0,"max_hp_gain":0,"max_hp_loss":0,"event_name":"Back to Basics","floor":29,"gold_loss":0},{"damage_healed":0,"gold_gain":0,"cards_transformed":["Defend_G"],"player_choice":"Transformed","damage_taken":0,"max_hp_gain":0,"max_hp_loss":0,"event_name":"Transmorgrifier","floor":36,"gold_loss":0,"cards_obtained":["Slice"]},{"damage_healed":0,"gold_gain":0,"player_choice":"Memory 1","damage_taken":0,"max_hp_gain":0,"max_hp_loss":0,"event_name":"SensoryStone","floor":39,"gold_loss":0}],"is_beta":false,"boss_relics":[{"not_picked":["Philosopher\u0027s Stone","Sozu"],"picked":"Black Star"},{"not_picked":["Runic Pyramid","Eternal Feather"],"picked":"White Beast Statue"}],"items_purged_floors":[5,21,28,37,41],"is_endless":false,"potions_floor_spawned":[1,6,14,19,25,33,35,38,42,45,46,48],"ascension_level":1}