{"gold_per_floor":[364,539,539,539,614,614,628,628,654,671,671,285,299,249,249,344,344,356,356,281,281,293,293,318,318,318,318,353,353,353,367,367,469,469,480,188,202,213,213,213,231,250,250,264,297,0,10,26,26,26],"floor_reached":51,"playtime":949,"items_purged":["Writhe","Strike_R"],"score":780,"play_id":"ce4f9f6d-5308-44a2-b7d8-9913f10a78d1","local_time":"20190710035845","is_ascension_mode":false,"campfire_choices":[{"data":"Bash","floor":6.0,"key":"SMITH"},{"data":"Flex","floor":8.0,"key":"SMITH"},{"data":"Heavy Blade","floor":15.0,"key":"SMITH"},{"data":"Inflame","floor":23.0,"key":"SMITH"},{"data":"Pummel","floor":25.0,"key":"SMITH"},{"data":"Sword Boomerang","floor":27.0,"key":"SMITH"},{"data":"Limit Break","floor":29.0,"key":"SMITH"},{"data":"Defend_R","floor":32.0,"key":"SMITH"},{"data":"Demon Form","floor":40.0,"key":"SMITH"},{"data":"Whirlwind","floor":49.0,"key":"SMITH"}],"neow_cost":"CURSE","seed_source_timestamp":1405620326345,"circlet_count":0,"master_deck":["Strike_R+1","Defend_R+1","Defend_R","Defend_R+1","Defend_R+1","Bash+1","Flex+1","Flex+1","Inflame+1","Pummel+1","Heavy Blade+1","Headbutt","Sword Boomerang+1","Limit Break+1","Limit Break+1","Demon Form+1","Twin Strike+1","Limit Break+1","Sword Boomerang+1","Doubt","Whirlwind+1"],"special_seed":0,"relics":["Burning Blood","Bronze Scales","Paper Frog","War Paint","Busted Crown","Meat on the Bone","Kunai","Ice Cream","Cursed Key","DollysMirror","Gambling Chip","Pantograph","Red Mask"],"potions_floor_usage":[50,50,50,50,50,50],"damage_taken":[{"damage":3.0,"enemies":"Jaw Worm","floor":1.0,"turns":4.0},{"damage":0.0,"enemies":"2 Louse","floor":7.0,"turns":3.0},{"damage":3.0,"enemies":"Small Slimes","floor":10.0,"turns":3.0},{"damage":0.0,"enemies":"Exordium Thugs","floor":13.0,"turns":3.0},{"damage":27.0,"enemies":"The Guardian","floor":16.0,"turns":9.0},{"damage":0.0,"enemies":"Shell Parasite","floor":18.0,"turns":1.0},{"damage":0.0,"enemies":"Chosen","floor":22.0,"turns":3.0},{"damage":27.0,"enemies":"Gremlin Leader","floor":24.0,"turns":4.0},{"damage":14.0,"enemies":"Book of Stabbing","floor":28.0,"turns":3.0},{"damage":13.0,"enemies":"Shelled Parasite and Fungi","floor":31.0,"turns":3.0},{"damage":25.0,"enemies":"Collector","floor":33.0,"turns":4.0},{"damage":10.0,"enemies":"3 Darklings","floor":35.0,"turns":3.0},{"damage":10.0,"enemies":"Orb Walker","floor":37.0,"turns":2.0},{"damage":59.0,"enemies":"Jaw Worm Horde","floor":38.0,"turns":5.0},{"damage":0.0,"enemies":"Transient","floor":41.0,"turns":5.0},{"damage":21.0,"enemies":"Writhing Mass","floor":42.0,"turns":2.0},{"damage":0.0,"enemies":"Maw","floor":44.0,"turns":3.0},{"damage":7.0,"enemies":"Giant Head","floor":45.0,"turns":5.0},{"damage":16.0,"enemies":"3 Darklings","floor":47.0,"turns":3.0},{"damage":14.0,"enemies":"4 Shapes","floor":48.0,"turns":2.0},{"damage":67,"enemies":"Donu and Deca","floor":50,"turns":5}],"seed_played":"-6153824426615382147","potions_obtained":[{"floor":10.0,"key":"Energy Potion"},{"floor":24.0,"key":"EntropicBrew"},{"floor":28.0,"key":"EssenceOfSteel"},{"floor":33.0,"key":"EntropicBrew"},{"floor":35.0,"key":"PowerPotion"},{"floor":42.0,"key":"Poison Potion"},{"floor":44.0,"key":"GamblersBrew"}],"is_trial":false,"path_per_floor":["M","?","?","?","?","R","M","R","T","M","T","$","M","?","R","B",null,"M","?","?","?","M","R","E","R","T","R","E","R","?","M","R","B",null,"M","$","M","M","?","R","M","M","T","M","E","?","M","M","R","B",null],"character_chosen":"IRONCLAD","items_purchased":["Inflame","War Paint","Pummel","DollysMirror"],"campfire_rested":0,"item_purchase_floors":[12,12,12,36],"current_hp_per_floor":[80,80,64,64,53,53,59,59,59,62,62,62,68,68,68,47,80,80,65,65,65,71,71,50,50,50,50,54,54,54,59,59,52,85,81,81,77,36,36,36,54,51,51,57,56,56,58,50,50,60],"gold":26,"neow_bonus":"TWO_FIFTY_GOLD","is_prod":false,"is_daily":false,"chose_seed":false,"campfire_upgraded":10,"win_rate":0,"timestamp":1562752725,"path_taken":["M","?","?","?","?","R","M","R","T","M","?","$","?","?","R","BOSS","M","?","?","?","?","R","E","R","T","R","E","R","?","M","R","BOSS","M","$","?","M","?","R","?","?","T","M","E","?","M","M","R","BOSS"],"build_version":"2019-07-05","purchased_purges":2,"victory":true,"max_hp_per_floor":[80,80,80,80,80,80,80,80,80,80,80,80,80,80,80,80,80,80,85,85,85,85,85,85,85,85,85,85,85,85,85,85,85,85,85,85,85,85,85,85,85,85,85,85,85,85,85,85,85,85],"card_choices":[{"not_picked":["Warcry","Sever Soul","Thunderclap"],"picked":"SKIP","floor":1.0},{"not_picked":["Corruption","Hemokinesis"],"picked":"Flex","floor":7.0},{"not_picked":["Anger","Iron Wave"],"picked":"Flex","floor":10.0},{"not_picked":["Battle Trance","Second Wind"],"picked":"Heavy Blade","floor":13.0},{"not_picked":["Thunderclap"],"picked":"SKIP","floor":18.0},{"not_picked":[],"picked":"Sword Boomerang","floor":22.0},{"not_picked":["Havoc"],"picked":"SKIP","floor":24.0},{"not_picked":[],"picked":"Limit Break","floor":28.0},{"not_picked":["Armaments"],"picked":"SKIP","floor":31.0},{"not_picked":[],"picked":"Demon Form","floor":33.0},{"not_picked":[],"picked":"Twin Strike+1","floor":35.0},{"not_picked":["Clothesline"],"picked":"SKIP","floor":37.0},{"not_picked":["Sword Boomerang"],"picked":"SKIP","floor":38.0},{"not_picked":["Corruption"],"picked":"SKIP","floor":41.0},{"not_picked":[],"picked":"Sword Boomerang+1","floor":42.0},{"not_picked":["Sever Soul+1"],"picked":"SKIP","floor":44.0},{"not_picked":["Ghostly Armor"],"picked":"SKIP","floor":45.0},{"not_picked":[],"picked":"Whirlwind","floor":47.0},{"not_picked":["Impervious"],"picked":"SKIP","floor":48.0}],"player_experience":1552986,"relics_obtained":[{"floor":9.0,"key":"Bronze Scales"},{"floor":11.0,"key":"Paper Frog"},{"floor":24.0,"key":"Meat on the Bone"},{"floor":26.0,"key":"Kunai"},{"floor":28.0,"key":"Ice Cream"},{"floor":43.0,"key":"Gambling Chip"},{"floor":45.0,"key":"Pantograph"}],"event_choices":[{"damage_healed":0.0,"max_hp_gain":0.0,"max_hp_loss":0.0,"gold_gain":175.0,"event_name":"Liars Game","player_choice":"AGREE","floor":2.0,"gold_loss":0.0,"damage_taken":0.0,"cards_obtained":["Doubt"]},{"damage_healed":0.0,"max_hp_gain":0.0,"max_hp_loss":0.0,"gold_gain":0.0,"event_name":"Shining Light","player_choice":"Entered Light","floor":3.0,"gold_loss":0.0,"damage_taken":16.0,"cards_upgraded":["Strike_R","Defend_R"]},{"cards_removed":["Doubt"],"damage_healed":0.0,"max_hp_gain":0.0,"max_hp_loss":0.0,"gold_gain":0.0,"event_name":"Living Wall","player_choice":"Forget","floor":4.0,"gold_loss":0.0,"damage_taken":0.0},{"damage_healed":0.0,"max_hp_gain":0.0,"max_hp_loss":0.0,"gold_gain":75.0,"event_name":"World of Goop","player_choice":"Gather Gold","floor":5.0,"gold_loss":0.0,"damage_taken":11.0},{"cards_removed":["Strike_R"],"damage_healed":0.0,"max_hp_gain":0.0,"max_hp_loss":0.0,"gold_gain":0.0,"event_name":"The Cleric","player_choice":"Card Removal","floor":14.0,"gold_loss":50.0,"damage_taken":0.0},{"damage_healed":0.0,"max_hp_gain":5.0,"max_hp_loss":0.0,"gold_gain":0.0,"event_name":"Forgotten Altar","player_choice":"Shed Blood","floor":19.0,"gold_loss":0.0,"damage_taken":20.0},{"cards_removed":["Strike_R"],"damage_healed":0.0,"max_hp_gain":0.0,"max_hp_loss":0.0,"gold_gain":0.0,"event_name":"Beggar","player_choice":"Gave Gold","floor":20.0,"gold_loss":75.0,"damage_taken":0.0},{"damage_healed":0.0,"max_hp_gain":0.0,"max_hp_loss":0.0,"gold_gain":0.0,"cards_transformed":["Strike_R"],"event_name":"Transmorgrifier","player_choice":"Transformed","floor":21.0,"gold_loss":0.0,"damage_taken":0.0,"cards_obtained":["Headbutt"]},{"damage_healed":0.0,"max_hp_gain":0.0,"max_hp_loss":0.0,"gold_gain":0.0,"event_name":"Duplicator","player_choice":"Copied","floor":30.0,"gold_loss":0.0,"damage_taken":0.0,"cards_obtained":["Limit Break"]},{"damage_healed":0.0,"max_hp_gain":0.0,"max_hp_loss":0.0,"gold_gain":0.0,"event_name":"Lab","player_choice":"Got Potions","floor":39.0,"gold_loss":0.0,"damage_taken":0.0},{"damage_healed":0.0,"max_hp_gain":0.0,"max_hp_loss":0.0,"gold_gain":0.0,"event_name":"Tomb of Lord Red Mask","player_choice":"Paid","floor":46.0,"gold_loss":297.0,"damage_taken":0.0,"relics_obtained":["Red Mask"]}],"is_beta":false,"boss_relics":[{"not_picked":["Eternal Feather","Coffee Dripper"],"picked":"Busted Crown"},{"not_picked":["Runic Dome","Snecko Eye"],"picked":"Cursed Key"}],"items_purged_floors":[12,36],"is_endless":false,"potions_floor_spawned":[10,24,28,33,35,38,42,44,47,48],"ascension_level":0}