{"gold_per_floor":[114,128,139,149,324,324,342,342,342,342,166,166,146,146,146,244,244,259,273,297,49,49,49,64,64,90,106,106,124,143,174,174,174],"floor_reached":33,"playtime":1276,"items_purged":["Doubt"],"score":257,"play_id":"6f722dbc-9152-4b6e-8e0d-680988a591f2","local_time":"20190702214934","is_ascension_mode":false,"campfire_choices":[{"data":"Bash","floor":6,"key":"SMITH"},{"data":"Perfected Strike","floor":8,"key":"SMITH"},{"data":"Blood for Blood","floor":10,"key":"SMITH"},{"data":"Wild Strike","floor":15,"key":"SMITH"},{"data":"Juggernaut","floor":23,"key":"SMITH"},{"data":"Defend_R","floor":25,"key":"SMITH"},{"data":"Ghostly Armor","floor":28,"key":"SMITH"},{"floor":32,"key":"REST"}],"neow_cost":"NONE","seed_source_timestamp":0,"circlet_count":0,"master_deck":["Strike_R","Strike_R","Strike_R","Strike_R","Strike_R","Defend_R","Defend_R","Defend_R","Defend_R+1","Bash+1","Power Through","Blood for Blood+1","Battle Trance","Perfected Strike+1","Twin Strike","Wild Strike+1","Juggernaut+1","Twin Strike","Immolate","Ghostly Armor+1","Wild Strike+1","Twin Strike+1","Armaments+1","Corruption"],"special_seed":0,"relics":["Snecko Eye","Centennial Puzzle","Art of War","Philosopher\u0027s Stone","Lantern","Membership Card","Ancient Tea Set","Gremlin Horn"],"potions_floor_usage":[4,16,16,31,31,31],"damage_taken":[{"damage":6.0,"enemies":"2 Louse","floor":1.0,"turns":2.0},{"damage":0,"enemies":"Jaw Worm","floor":2,"turns":4},{"damage":1,"enemies":"Cultist","floor":3,"turns":3},{"damage":8,"enemies":"Large Slime","floor":4,"turns":5},{"damage":0,"enemies":"Red Slaver","floor":7,"turns":2},{"damage":9,"enemies":"Hexaghost","floor":16,"turns":5},{"damage":12,"enemies":"Chosen","floor":18,"turns":2},{"damage":4,"enemies":"Shell Parasite","floor":19,"turns":3},{"damage":16,"enemies":"Shelled Parasite and Fungi","floor":24,"turns":3},{"damage":0,"enemies":"Snake Plant","floor":27,"turns":2},{"damage":0,"enemies":"Snecko","floor":29,"turns":2},{"damage":0,"enemies":"Centurion and Healer","floor":30,"turns":4},{"damage":11,"enemies":"Book of Stabbing","floor":31,"turns":4},{"damage":65,"enemies":"Collector","floor":33,"turns":6}],"seed_played":"6622048915490528087","potions_obtained":[{"floor":3,"key":"AttackPotion"},{"floor":4,"key":"Poison Potion"},{"floor":7,"key":"Strength Potion"},{"floor":13,"key":"PowerPotion"},{"floor":18,"key":"Weak Potion"},{"floor":27,"key":"Poison Potion"},{"floor":31,"key":"SteroidPotion"}],"is_trial":false,"path_per_floor":["M","M","M","M","?","R","M","R","T","R","$","?","?","$","R","B",null,"M","M","T","$","?","R","M","R","T","M","R","M","M","E","R","B"],"character_chosen":"IRONCLAD","items_purchased":["Twin Strike","Wild Strike","Membership Card","Immolate"],"campfire_rested":1,"item_purchase_floors":[11,11,21,21],"current_hp_per_floor":[74,74,73,65,65,65,65,65,65,65,65,40,40,40,40,31,80,68,64,64,64,64,64,48,48,48,48,48,48,48,37,61,0],"gold":174,"neow_bonus":"BOSS_RELIC","is_prod":false,"is_daily":false,"chose_seed":false,"campfire_upgraded":7,"win_rate":0,"timestamp":1562125774,"path_taken":["M","M","M","M","?","R","M","R","T","R","$","?","?","$","R","BOSS","M","M","?","$","?","R","M","R","T","?","R","M","M","E","R","BOSS"],"build_version":"2019-07-01","purchased_purges":1,"victory":false,"max_hp_per_floor":[80,80,80,80,80,80,80,80,80,80,80,80,80,80,80,80,80,80,80,80,80,80,80,80,80,80,80,80,80,80,80,80,80],"card_choices":[{"not_picked":["Anger","Sword Boomerang"],"picked":"Power Through","floor":1},{"not_picked":["Warcry","Rage"],"picked":"Blood for Blood","floor":2},{"not_picked":["Sword Boomerang","True Grit","Clash"],"picked":"SKIP","floor":3},{"not_picked":["Rampage","Fire Breathing"],"picked":"Battle Trance","floor":4},{"not_picked":["Feel No Pain","Second Wind"],"picked":"Perfected Strike","floor":7},{"not_picked":["Dark Embrace","Feed"],"picked":"Juggernaut","floor":16},{"not_picked":["Pommel Strike","Wild Strike"],"picked":"Searing Blow","floor":18},{"not_picked":["Headbutt","Shrug It Off+1"],"picked":"Twin Strike","floor":19},{"not_picked":["Body Slam","Twin Strike"],"picked":"Wild Strike+1","floor":24},{"not_picked":["Thunderclap","Infernal Blade","Body Slam"],"picked":"SKIP","floor":27},{"not_picked":["Second Wind+1","Power Through"],"picked":"Twin Strike+1","floor":29},{"not_picked":["Dual Wield","True Grit"],"picked":"Armaments+1","floor":30},{"not_picked":["True Grit+1","Sentinel+1"],"picked":"Corruption","floor":31}],"player_experience":1531755,"relics_obtained":[{"floor":9,"key":"Centennial Puzzle"},{"floor":20,"key":"Lantern"},{"floor":26,"key":"Ancient Tea Set"},{"floor":31,"key":"Gremlin Horn"}],"event_choices":[{"damage_healed":0,"gold_gain":175,"player_choice":"AGREE","damage_taken":0,"max_hp_gain":0,"max_hp_loss":0,"event_name":"Liars Game","floor":5,"gold_loss":0,"cards_obtained":["Doubt"]},{"damage_healed":0,"gold_gain":0,"player_choice":"Success","damage_taken":25,"relics_obtained":["Art of War"],"max_hp_gain":0,"max_hp_loss":0,"event_name":"Scrap Ooze","floor":12,"gold_loss":0},{"damage_healed":0,"gold_gain":0,"player_choice":"Bought 1 Potion","damage_taken":0,"max_hp_gain":0,"max_hp_loss":0,"event_name":"The Woman in Blue","floor":13,"gold_loss":0},{"damage_healed":0,"gold_gain":0,"cards_transformed":["Searing Blow"],"player_choice":"Transformed","damage_taken":0,"max_hp_gain":0,"max_hp_loss":0,"event_name":"Transmorgrifier","floor":22,"gold_loss":0,"cards_obtained":["Ghostly Armor"]}],"is_beta":false,"boss_relics":[{"not_picked":["Busted Crown","Astrolabe"],"picked":"Philosopher\u0027s Stone"}],"items_purged_floors":[11],"is_endless":false,"potions_floor_spawned":[3,4,7,18,27,29,31],"killed_by":"Collector","ascension_level":0}