{"gold_per_floor":[111,111,127,142,142,169,181,181,181,181,19,19,37,50,50,148,148,164,164,164,11,11,46,46,46,46,46,71,85,103,121,121,221,271,289,289,289,339,339],"floor_reached":39,"playtime":2691,"items_purged":[],"score":463,"play_id":"c34fb5a0-6298-4cb0-ab33-0ee8c1733b91","local_time":"20181024185813","is_ascension_mode":true,"campfire_choices":[{"floor":8,"key":"REST"},{"data":"Apotheosis","floor":15,"key":"SMITH"},{"data":"Creative AI","floor":24,"key":"SMITH"},{"data":"Turbo","floor":27,"key":"SMITH"},{"floor":32,"key":"REST"}],"neow_cost":"NONE","seed_source_timestamp":340885257739,"circlet_count":0,"master_deck":["Strike_B","Strike_B+1","Strike_B+1","Defend_B+1","Defend_B","Defend_B","Defend_B","Zap+1","Dualcast+1","Steam","Steam","Turbo+1","Go for the Eyes","Sweeping Beam","Apotheosis+1","Coolheaded","Hello World","Creative AI+1","Turbo+1","Auto Shields+1","FTL","Doom and Gloom","Streamline","Beam Cell","Capacitor","Reboot","Sunder","Stack+1","Chaos","Self Repair"],"relics":["Cracked Core","Pen Nib","Ice Cream","Pantograph","Bag of Marbles","Vajra","Lizard Tail","CultistMask","MutagenicStrength","Blood Vial","Whetstone","The Courier","Gremlin Horn","Tiny House","Dodecahedron","Mango"],"potions_floor_usage":[7,23,23,31,31,31,38,38,38],"damage_taken":[{"damage":6,"enemies":"Jaw Worm","floor":1,"turns":3},{"damage":4,"enemies":"Cultist","floor":3,"turns":4},{"damage":1,"enemies":"2 Louse","floor":4,"turns":2},{"damage":45,"enemies":"Gremlin Nob","floor":6,"turns":5},{"damage":5,"enemies":"Lots of Slimes","floor":7,"turns":4},{"damage":0,"enemies":"Gremlin Gang","floor":13,"turns":4},{"damage":0,"enemies":"Blue Slaver","floor":14,"turns":2},{"damage":28,"enemies":"Hexaghost","floor":16,"turns":9},{"damage":10,"enemies":"Spheric Guardian","floor":18,"turns":4},{"damage":13,"enemies":"Book of Stabbing","floor":23,"turns":5},{"damage":22,"enemies":"Slavers","floor":28,"turns":5},{"damage":8,"enemies":"Shell Parasite","floor":29,"turns":4},{"damage":17,"enemies":"Centurion and Healer","floor":30,"turns":4},{"damage":0,"enemies":"Snake Plant","floor":31,"turns":3},{"damage":67,"enemies":"Collector","floor":33,"turns":8},{"damage":28,"enemies":"3 Darklings","floor":35,"turns":4},{"damage":97,"enemies":"2 Orb Walkers","floor":38,"turns":6}],"seed_played":"540634600488006306","potions_obtained":[{"floor":3,"key":"Weak Potion"},{"floor":6,"key":"Fruit Juice"},{"floor":13,"key":"Energy Potion"},{"floor":18,"key":"AttackPotion"},{"floor":29,"key":"Block Potion"},{"floor":30,"key":"Swift Potion"},{"floor":33,"key":"Strength Potion"},{"floor":34,"key":"EssenceOfSteel"},{"floor":35,"key":"EssenceOfSteel"}],"is_trial":false,"path_per_floor":["M","?","M","M","?","E","M","R","T","T","$","T","M","M","R","B",null,"M","?","?","$","?","E","R","?","T","R","E","M","M","M","R","B",null,"M","T","?","?"],"character_chosen":"DEFECT","items_purchased":["Apotheosis","Blood Vial"],"campfire_rested":2,"item_purchase_floors":[11,21],"current_hp_per_floor":[69,62,58,57,57,12,12,36,36,36,36,36,36,36,36,33,80,70,70,70,70,70,59,59,59,59,59,39,33,18,20,44,4,85,57,57,57,20,0],"gold":339,"neow_bonus":"UPGRADE_CARD","is_prod":false,"is_daily":false,"chose_seed":false,"campfire_upgraded":3,"win_rate":0,"timestamp":1540421893,"path_taken":["M","?","M","?","?","E","M","R","T","?","?","?","M","M","R","BOSS","M","?","?","$","?","E","R","?","T","R","E","M","?","M","R","BOSS","M","?","?","?","M"],"build_version":"2018-10-18","purchased_purges":0,"victory":false,"max_hp_per_floor":[75,75,75,75,75,75,80,80,80,80,80,80,80,80,80,80,80,80,80,80,80,80,80,80,80,80,80,80,80,80,80,80,80,85,85,85,85,99,99],"card_choices":[{"not_picked":["Heatsinks","Compile Driver"],"picked":"Steam","floor":1},{"not_picked":["Recycle","Rebound"],"picked":"Steam","floor":3},{"not_picked":["Sweeping Beam","Barrage"],"picked":"Turbo","floor":4},{"not_picked":["Lockon","Core Surge"],"picked":"Go for the Eyes","floor":6},{"not_picked":["Stack","Rip and Tear"],"picked":"Sweeping Beam","floor":7},{"not_picked":["Rebound","Melter"],"picked":"Coolheaded","floor":13},{"not_picked":["Compile Driver","Sunder"],"picked":"Hello World","floor":14},{"not_picked":["Rainbow","Machine Learning"],"picked":"Creative AI","floor":16},{"not_picked":["Beam Cell","Ball Lightning"],"picked":"Turbo+1","floor":18},{"not_picked":["Cold Snap","Stack"],"picked":"Auto Shields+1","floor":23},{"not_picked":["Echo Form","Leap"],"picked":"Doom and Gloom","floor":28},{"not_picked":["Redo","Go for the Eyes"],"picked":"Streamline","floor":29},{"not_picked":["Ball Lightning+1","Rebound"],"picked":"Beam Cell","floor":30},{"not_picked":["Redo+1","Go for the Eyes"],"picked":"Capacitor","floor":31},{"not_picked":["Multi-Cast","Hyperbeam"],"picked":"Reboot","floor":33},{"not_picked":["Gash","Skim"],"picked":"Sunder","floor":34},{"not_picked":["Sweeping Beam","Streamline"],"picked":"Stack+1","floor":35},{"not_picked":["Steam+1","White Noise"],"picked":"Self Repair","floor":38}],"player_experience":451175,"relics_obtained":[{"floor":6,"key":"Ice Cream"},{"floor":9,"key":"Pantograph"},{"floor":10,"key":"Bag of Marbles"},{"floor":12,"key":"Vajra"},{"floor":23,"key":"Whetstone"},{"floor":26,"key":"The Courier"},{"floor":28,"key":"Gremlin Horn"},{"floor":36,"key":"Dodecahedron"},{"floor":38,"key":"Mango"}],"event_choices":[{"damage_healed":0,"gold_gain":0,"player_choice":"Success","damage_taken":7,"relics_obtained":["Pen Nib"],"max_hp_gain":0,"max_hp_loss":0,"event_name":"Scrap Ooze","floor":2,"gold_loss":0},{"damage_healed":0,"gold_gain":0,"player_choice":"Upgraded","damage_taken":0,"max_hp_gain":0,"max_hp_loss":0,"event_name":"Upgrade Shrine","floor":5,"gold_loss":0,"cards_upgraded":["Dualcast"]},{"damage_healed":0,"gold_gain":0,"player_choice":"Trade","damage_taken":0,"relics_obtained":["CultistMask"],"max_hp_gain":0,"max_hp_loss":0,"event_name":"FaceTrader","floor":19,"gold_loss":0},{"damage_healed":0,"gold_gain":0,"player_choice":"Inject Mutagens","damage_taken":0,"relics_obtained":["MutagenicStrength"],"max_hp_gain":0,"max_hp_loss":0,"event_name":"Drug Dealer","floor":20,"gold_loss":0},{"damage_healed":0,"gold_gain":0,"player_choice":"Ignored","damage_taken":0,"max_hp_gain":0,"max_hp_loss":0,"event_name":"Ghosts","floor":22,"gold_loss":0},{"damage_healed":0,"gold_gain":0,"player_choice":"Read","damage_taken":0,"max_hp_gain":0,"max_hp_loss":0,"event_name":"The Library","floor":25,"gold_loss":0,"cards_obtained":["FTL"]},{"damage_healed":0,"gold_gain":0,"cards_transformed":["Strike_B"],"player_choice":"Transformed","damage_taken":0,"max_hp_gain":0,"max_hp_loss":0,"event_name":"Transmorgrifier","floor":37,"gold_loss":0,"cards_obtained":["Chaos"]},{"damage_healed":0,"gold_gain":0,"player_choice":"Fight","damage_taken":0,"max_hp_gain":0,"max_hp_loss":0,"event_name":"Mysterious Sphere","floor":38,"gold_loss":0}],"is_beta":false,"boss_relics":[{"not_picked":["Cursed Key","Fusion Hammer"],"picked":"Lizard Tail"},{"not_picked":["Philosopher\u0027s Stone","Snecko Eye"],"picked":"Tiny House"}],"items_purged_floors":[],"is_endless":false,"potions_floor_spawned":[3,6,13,18,29,30,33,35],"killed_by":"3 Shapes","ascension_level":1}