{"gold_per_floor":[113,129,149,160,17,51,61,61,86,86,115,129,129,129,129,224,224,205,222,233,6,6,6,17,28,28,28,40,56,56,74,74,169,169,181,181,181,581,591,591,53,53,132,143,156,172,185,9,9,9],"floor_reached":50,"playtime":6241,"items_purged":["Strike_G","Strike_G","Strike_G"],"score":510,"play_id":"0276b646-1b92-468b-bd85-5b288375fb7f","local_time":"20190708194636","is_ascension_mode":false,"campfire_choices":[{"floor":8.0,"key":"REST"},{"data":"Flechettes","floor":10.0,"key":"SMITH"},{"floor":13.0,"key":"REST"},{"data":"Deadly Poison","floor":15.0,"key":"SMITH"},{"floor":23,"key":"REST"},{"floor":27,"key":"REST"},{"floor":32,"key":"REST"},{"floor":40,"key":"REST"},{"data":"Die Die Die","floor":42,"key":"SMITH"},{"floor":49,"key":"REST"}],"neow_cost":"NONE","seed_source_timestamp":0,"circlet_count":0,"master_deck":["Strike_G","Strike_G","Defend_G","Defend_G","Defend_G","Defend_G","Defend_G","Survivor","Neutralize","Poisoned Stab","Flechettes+1","Acrobatics","Well Laid Plans","Noxious Fumes+1","Prepared","Deadly Poison+1","Die Die Die+1","Backflip","Venomology","Deadly Poison","Acrobatics+1","Flechettes","Jack Of All Trades","Leg Sweep","Blur","Tactician","Prepared+1","Catalyst+1","Night Terror","Wraith Form v2","Tactician+1","Enlightenment","Catalyst+1"],"special_seed":0,"relics":["Ring of the Snake","Blood Vial","Potion Belt","Bronze Scales","Lizard Tail","Oddly Smooth Stone","Anchor","Busted Crown","Old Coin","DollysMirror","Bottled Flame","Meat on the Bone"],"potions_floor_usage":[20,20,25,28,33,33,35,38,45,46,47,47,47,47],"damage_taken":[{"damage":0.0,"enemies":"Jaw Worm","floor":1.0,"turns":5.0},{"damage":0.0,"enemies":"Cultist","floor":2.0,"turns":3.0},{"damage":0.0,"enemies":"Small Slimes","floor":3.0,"turns":3.0},{"damage":0.0,"enemies":"2 Fungi Beasts","floor":4.0,"turns":4.0},{"damage":24.0,"enemies":"3 Sentries","floor":6.0,"turns":7.0},{"damage":7.0,"enemies":"Blue Slaver","floor":7.0,"turns":4.0},{"damage":29.0,"enemies":"Lagavulin","floor":11.0,"turns":6.0},{"damage":0.0,"enemies":"Exordium Wildlife","floor":12.0,"turns":3.0},{"damage":21.0,"enemies":"The Guardian","floor":16.0,"turns":9.0},{"damage":14.0,"enemies":"2 Thieves","floor":18.0,"turns":5.0},{"damage":0.0,"enemies":"Chosen","floor":19.0,"turns":4.0},{"damage":21,"enemies":"3 Cultists","floor":20,"turns":5},{"damage":28,"enemies":"Centurion and Healer","floor":24,"turns":7},{"damage":3,"enemies":"Sentry and Sphere","floor":25,"turns":6},{"damage":18,"enemies":"Cultist and Chosen","floor":28,"turns":7},{"damage":14,"enemies":"Centurion and Healer","floor":29,"turns":10},{"damage":16,"enemies":"Snecko","floor":31,"turns":5},{"damage":25,"enemies":"Champ","floor":33,"turns":7},{"damage":0,"enemies":"Orb Walker","floor":35,"turns":4},{"damage":14,"enemies":"Mind Bloom Boss Battle","floor":38,"turns":7},{"damage":26,"enemies":"3 Darklings","floor":39,"turns":6},{"damage":35,"enemies":"Spire Growth","floor":44,"turns":4},{"damage":18,"enemies":"Sphere and 2 Shapes","floor":45,"turns":6},{"damage":22,"enemies":"4 Shapes","floor":46,"turns":6},{"damage":55,"enemies":"Jaw Worm Horde","floor":47,"turns":6},{"damage":74,"enemies":"Awakened One","floor":50,"turns":4}],"seed_played":"7412308120469362916","potions_obtained":[{"floor":2.0,"key":"Ancient Potion"},{"floor":4.0,"key":"SteroidPotion"},{"floor":11.0,"key":"Regen Potion"},{"floor":12.0,"key":"Ancient Potion"},{"floor":18.0,"key":"GhostInAJar"},{"floor":25,"key":"AttackPotion"},{"floor":29,"key":"SkillPotion"},{"floor":33,"key":"Weak Potion"},{"floor":39,"key":"Regen Potion"},{"floor":44,"key":"Dexterity Potion"},{"floor":47,"key":"PowerPotion"}],"is_trial":false,"path_per_floor":["M","M","M","M","$","E","M","R","T","R","E","M","R","?","R","B",null,"M","M","M","$","?","R","M","M","T","R","M","M","$","M","R","B",null,"M","?","?","?","M","R","$","R","T","M","M","M","M","$","R","B"],"character_chosen":"THE_SILENT","items_purchased":["Noxious Fumes","Oddly Smooth Stone","Flechettes","DollysMirror","Bottled Flame","PowerPotion"],"campfire_rested":7,"item_purchase_floors":[5,21,21,41,41,48],"current_hp_per_floor":[77,77,77,77,77,53,48,71,71,71,44,46,69,69,69,50,77,63,65,58,58,58,77,49,48,48,71,55,43,43,29,52,29,77,77,77,77,63,39,62,62,62,62,41,37,41,41,41,64,0],"gold":9,"neow_bonus":"TEN_PERCENT_HP_BONUS","is_prod":false,"is_daily":false,"chose_seed":false,"campfire_upgraded":3,"win_rate":0.0,"timestamp":1562607996,"path_taken":["M","M","M","M","$","E","M","R","T","R","E","M","R","?","R","BOSS","M","?","M","$","?","R","?","?","T","R","M","M","$","M","R","BOSS","M","?","?","?","M","R","?","R","T","?","M","M","M","$","R","BOSS"],"build_version":"2019-07-05","purchased_purges":3,"victory":false,"max_hp_per_floor":[77,77,77,77,77,77,77,77,77,77,77,77,77,77,77,77,77,77,77,77,77,77,77,77,77,77,77,77,77,77,77,77,77,77,77,77,77,77,77,77,77,77,77,77,77,77,77,77,77,77],"card_choices":[{"not_picked":["Deadly Poison","Outmaneuver"],"picked":"Poisoned Stab","floor":1.0},{"not_picked":["Acrobatics","Blade Dance"],"picked":"Flechettes","floor":2.0},{"not_picked":["Dodge and Roll","Poisoned Stab"],"picked":"Acrobatics","floor":3.0},{"not_picked":["Underhanded Strike","Backflip"],"picked":"Well Laid Plans","floor":4.0},{"not_picked":["Underhanded Strike","Backflip"],"picked":"Prepared","floor":6.0},{"not_picked":["Masterful Stab","Deflect"],"picked":"Deadly Poison","floor":7.0},{"not_picked":["Prepared","Dagger Throw"],"picked":"Die Die Die","floor":11.0},{"not_picked":["Prepared","Predator"],"picked":"Backflip","floor":12.0},{"not_picked":["Glass Knife","Unload"],"picked":"Venomology","floor":16.0},{"not_picked":["Well Laid Plans","Flying Knee"],"picked":"Deadly Poison","floor":18.0},{"not_picked":["Deflect","Poisoned Stab"],"picked":"Acrobatics+1","floor":19.0},{"not_picked":["Acrobatics","Choke+1","Predator+1"],"picked":"SKIP","floor":20},{"not_picked":["Deadly Poison","Deflect"],"picked":"Blur","floor":24},{"not_picked":["Noxious Fumes","Blade Dance"],"picked":"Tactician","floor":25},{"not_picked":["Underhanded Strike","Slice"],"picked":"Prepared+1","floor":28},{"not_picked":["Calculated Gamble","Dodge and Roll"],"picked":"Catalyst+1","floor":29},{"not_picked":["Flying Knee","Prepared"],"picked":"Night Terror","floor":31},{"not_picked":["Phantasmal Killer","Doppelganger"],"picked":"Wraith Form v2","floor":33},{"not_picked":[],"picked":"Tactician+1","floor":35},{"not_picked":[],"picked":"Enlightenment","floor":37},{"not_picked":["Blur"],"picked":"SKIP","floor":39},{"not_picked":["Poisoned Stab"],"picked":"SKIP","floor":44},{"not_picked":["Underhanded Strike+1"],"picked":"SKIP","floor":45},{"not_picked":["Tactician"],"picked":"SKIP","floor":46},{"not_picked":["Quick Slash"],"picked":"SKIP","floor":47}],"player_experience":48726,"relics_obtained":[{"floor":6.0,"key":"Blood Vial"},{"floor":9.0,"key":"Potion Belt"},{"floor":11.0,"key":"Bronze Scales"},{"floor":26,"key":"Anchor"},{"floor":38,"key":"Old Coin"},{"floor":43,"key":"Meat on the Bone"}],"event_choices":[{"damage_healed":0.0,"max_hp_gain":0.0,"max_hp_loss":0.0,"gold_gain":0.0,"event_name":"Upgrade Shrine","player_choice":"Upgraded","floor":14.0,"gold_loss":0.0,"damage_taken":0.0,"cards_upgraded":["Noxious Fumes"]},{"damage_healed":0,"gold_gain":0,"player_choice":"2 cards matched","damage_taken":0,"max_hp_gain":0,"max_hp_loss":0,"event_name":"Match and Keep!","floor":22,"gold_loss":0,"cards_obtained":["Jack Of All Trades","Leg Sweep"]},{"damage_healed":0,"gold_gain":0,"player_choice":"Ignored","damage_taken":0,"max_hp_gain":0,"max_hp_loss":0,"event_name":"Tomb of Lord Red Mask","floor":36,"gold_loss":0},{"damage_healed":0,"gold_gain":0,"player_choice":"Memory 1","damage_taken":0,"max_hp_gain":0,"max_hp_loss":0,"event_name":"SensoryStone","floor":37,"gold_loss":0},{"damage_healed":0,"gold_gain":0,"player_choice":"Fight","damage_taken":0,"max_hp_gain":0,"max_hp_loss":0,"event_name":"MindBloom","floor":38,"gold_loss":0}],"is_beta":false,"boss_relics":[{"not_picked":["HoveringKite","Runic Dome"],"picked":"Lizard Tail"},{"not_picked":["Runic Pyramid","White Beast Statue"],"picked":"Busted Crown"}],"items_purged_floors":[5,41,48],"is_endless":false,"potions_floor_spawned":[2,4,11,12,18,25,29,33,39,44,46,47],"killed_by":"Awakened One","ascension_level":0}