{"gold_per_floor":[110,124,124,124,142,142,142,142,167,167,183,183,183,217,217,322,322,340,340,340,353,365,365,395,412,461,461,495,495,495,511,511,511],"floor_reached":33,"playtime":1921,"items_purged":[],"score":297,"play_id":"741b266e-da49-4aff-b767-cb35d8002368","local_time":"20190708150242","is_ascension_mode":true,"campfire_choices":[{"data":"Blade Dance","floor":6,"key":"SMITH"},{"data":"Neutralize","floor":8,"key":"SMITH"},{"data":"Neutralize","floor":10,"key":"SMITH"},{"data":"Slice","floor":12,"key":"SMITH"},{"data":"Tools of the Trade","floor":15,"key":"SMITH"},{"data":"A Thousand Cuts","floor":23,"key":"SMITH"},{"floor":27,"key":"REST"},{"floor":29,"key":"REST"},{"floor":32,"key":"DIG"}],"neow_cost":"TEN_PERCENT_HP_LOSS","seed_source_timestamp":327229016281379,"circlet_count":0,"master_deck":["Strike_G","Strike_G","Strike_G","Strike_G","Defend_G","Defend_G","Defend_G","Defend_G","Defend_G","Survivor","Neutralize+1","Blade Dance+1","Slice+1","Underhanded Strike","Neutralize+1","Expertise","Dagger Throw","Tools of the Trade+1","A Thousand Cuts+1","Backflip","Flying Knee","Flying Knee","Blade Dance","Prepared","Poisoned Stab"],"relics":["Ring of the Snake","StoneCalendar","Matryoshka","Vajra","Pen Nib","Potion Belt","Lizard Tail","Unceasing Top","Oddly Smooth Stone","Ginger","Darkstone Periapt","Bag of Preparation","Shovel","Bottled Lightning"],"potions_floor_usage":[14,14,14,22,24,25,25,28],"damage_taken":[{"damage":0,"enemies":"2 Louse","floor":1,"turns":4},{"damage":1,"enemies":"Cultist","floor":2,"turns":4},{"damage":2,"enemies":"Small Slimes","floor":5,"turns":3},{"damage":3,"enemies":"Exordium Wildlife","floor":11,"turns":3},{"damage":1,"enemies":"Gremlin Nob","floor":14,"turns":3},{"damage":18,"enemies":"The Guardian","floor":16,"turns":10},{"damage":11,"enemies":"Shell Parasite","floor":18,"turns":6},{"damage":0,"enemies":"3 Byrds","floor":21,"turns":4},{"damage":11,"enemies":"3 Cultists","floor":22,"turns":5},{"damage":25,"enemies":"Book of Stabbing","floor":24,"turns":6},{"damage":15,"enemies":"Shelled Parasite and Fungi","floor":25,"turns":5},{"damage":18,"enemies":"Slavers","floor":28,"turns":6},{"damage":23,"enemies":"Snecko","floor":31,"turns":7},{"damage":28,"enemies":"Automaton","floor":33,"turns":4}],"seed_played":"6291991536212875136","potions_obtained":[{"floor":5,"key":"EntropicBrew"},{"floor":11,"key":"Fire Potion"},{"floor":16,"key":"SkillPotion"},{"floor":18,"key":"Dexterity Potion"},{"floor":24,"key":"Fire Potion"},{"floor":25,"key":"SteroidPotion"}],"is_trial":false,"path_per_floor":["M","M","?","$","M","R","?","R","T","R","M","R","?","E","R","B",null,"M","?","?","M","M","R","E","M","T","R","E","R","?","M","R","B"],"character_chosen":"THE_SILENT","items_purchased":[],"campfire_rested":2,"item_purchase_floors":[],"current_hp_per_floor":[63,62,62,62,60,60,57,57,57,57,54,54,54,53,53,35,63,52,52,52,52,41,41,16,1,1,19,1,19,19,28,28,0],"gold":511,"neow_bonus":"ONE_RARE_RELIC","is_prod":false,"is_daily":false,"chose_seed":false,"campfire_upgraded":6,"win_rate":0,"timestamp":1562634162,"path_taken":["M","M","?","$","?","R","?","R","T","R","M","R","?","E","R","BOSS","M","?","?","M","?","R","E","M","T","R","E","R","?","M","R","BOSS"],"build_version":"2019-07-05","purchased_purges":0,"victory":false,"max_hp_per_floor":[63,63,63,63,63,63,63,63,63,63,63,63,63,63,63,63,63,63,63,63,63,63,63,63,63,63,63,63,63,63,63,63,63],"card_choices":[{"not_picked":["Prepared","Bane"],"picked":"Blade Dance","floor":1},{"not_picked":["Flying Knee","Predator"],"picked":"Slice","floor":2},{"not_picked":["Deadly Poison","Bouncing Flask"],"picked":"Expertise","floor":5},{"not_picked":["Slice","Heel Hook"],"picked":"Dagger Throw","floor":11},{"not_picked":["Slice","Escape Plan"],"picked":"Tools of the Trade","floor":14},{"not_picked":["Unload","Adrenaline"],"picked":"A Thousand Cuts","floor":16},{"not_picked":["Endless Agony","PiercingWail"],"picked":"Backflip","floor":18},{"not_picked":["All Out Attack","Well Laid Plans"],"picked":"Flying Knee","floor":21},{"not_picked":["Dash","Predator","Flechettes+1"],"picked":"SKIP","floor":22},{"not_picked":["Reflex","Malaise"],"picked":"Flying Knee","floor":24},{"not_picked":["Flying Knee+1","Poisoned Stab+1"],"picked":"Blade Dance","floor":25},{"not_picked":["Riddle With Holes+1","Sucker Punch"],"picked":"Prepared","floor":28},{"not_picked":["Predator","Deadly Poison+1"],"picked":"Poisoned Stab","floor":31}],"player_experience":52489,"relics_obtained":[{"floor":9,"key":"Vajra"},{"floor":9,"key":"Pen Nib"},{"floor":14,"key":"Potion Belt"},{"floor":24,"key":"Ginger"},{"floor":26,"key":"Darkstone Periapt"},{"floor":26,"key":"Bag of Preparation"},{"floor":28,"key":"Shovel"},{"floor":32,"key":"Bottled Lightning"}],"event_choices":[{"damage_healed":0,"gold_gain":0,"player_choice":"2 cards matched","damage_taken":0,"max_hp_gain":0,"max_hp_loss":0,"event_name":"Match and Keep!","floor":3,"gold_loss":0,"cards_obtained":["Underhanded Strike","Neutralize"]},{"damage_healed":0,"gold_gain":0,"player_choice":"Success","damage_taken":3,"relics_obtained":["Matryoshka"],"max_hp_gain":0,"max_hp_loss":0,"event_name":"Scrap Ooze","floor":7,"gold_loss":0},{"damage_healed":0,"gold_gain":0,"player_choice":"Ignored","damage_taken":0,"max_hp_gain":0,"max_hp_loss":0,"event_name":"Liars Game","floor":13,"gold_loss":0},{"damage_healed":0,"gold_gain":0,"player_choice":"Opened","damage_taken":0,"relics_obtained":["Unceasing Top"],"max_hp_gain":0,"max_hp_loss":0,"event_name":"The Mausoleum","floor":19,"gold_loss":0},{"damage_healed":0,"gold_gain":0,"player_choice":"Gave Potion","damage_taken":0,"relics_obtained":["Oddly Smooth Stone"],"max_hp_gain":0,"max_hp_loss":0,"event_name":"WeMeetAgain","floor":20,"gold_loss":0},{"cards_removed":["Strike_G"],"damage_healed":0,"gold_gain":0,"player_choice":"Offered Basic","damage_taken":0,"max_hp_gain":0,"max_hp_loss":0,"event_name":"Bonfire Elementals","floor":30,"gold_loss":0}],"is_beta":false,"boss_relics":[{"not_picked":["Coffee Dripper","Philosopher\u0027s Stone"],"picked":"Lizard Tail"}],"items_purged_floors":[],"is_endless":false,"potions_floor_spawned":[5,11,16,18,24,25],"killed_by":"Automaton","ascension_level":1}