{"gold_per_floor":[110,110,128,128,146,146,171,171,195,220,198,198,218,237,237,237],"floor_reached":16,"playtime":814,"items_purged":[],"score":110,"play_id":"f99bea64-40b4-48e7-a3fb-1b03c4b80df4","local_time":"20190706142426","is_ascension_mode":false,"campfire_choices":[{"data":"Barricade","floor":6,"key":"SMITH"},{"floor":8,"key":"REST"},{"floor":15,"key":"REST"}],"neow_cost":"TEN_PERCENT_HP_LOSS","seed_source_timestamp":153240860118641,"circlet_count":0,"master_deck":["Strike_R","Strike_R","Strike_R","Strike_R","Strike_R","Defend_R","Defend_R","Defend_R","Defend_R","Bash","Barricade+1","Iron Wave","Blood for Blood","Pommel Strike","Headbutt","Rampage","Juggernaut+1","Clash","True Grit"],"relics":["Burning Blood","PreservedInsect","Girya","Lantern","Frozen Egg 2"],"potions_floor_usage":[10,16],"damage_taken":[{"damage":12,"enemies":"Cultist","floor":1,"turns":6},{"damage":4,"enemies":"2 Louse","floor":3,"turns":4},{"damage":2,"enemies":"Small Slimes","floor":5,"turns":5},{"damage":39,"enemies":"Lagavulin","floor":7,"turns":8},{"damage":19,"enemies":"3 Sentries","floor":10,"turns":3},{"damage":11,"enemies":"Red Slaver","floor":13,"turns":4},{"damage":15,"enemies":"3 Louse","floor":14,"turns":3},{"damage":46,"enemies":"Slime Boss","floor":16,"turns":9}],"seed_played":"675600459079310351","potions_obtained":[{"floor":7,"key":"PowerPotion"},{"floor":13,"key":"Ancient Potion"},{"floor":14,"key":"Regen Potion"}],"is_trial":false,"path_per_floor":["M","?","M","?","M","R","E","R","T","E","?","?","M","M","R","B"],"character_chosen":"IRONCLAD","items_purchased":[],"campfire_rested":2,"item_purchase_floors":[],"current_hp_per_floor":[66,66,68,43,47,47,14,35,35,22,22,22,17,8,29,0],"gold":237,"neow_bonus":"THREE_RARE_CARDS","is_prod":false,"is_daily":false,"chose_seed":false,"campfire_upgraded":1,"win_rate":0.0,"timestamp":1562459066,"path_taken":["M","?","M","?","M","R","E","R","T","E","?","?","M","M","R","BOSS"],"build_version":"2019-07-05","purchased_purges":0,"victory":false,"max_hp_per_floor":[72,72,72,72,72,72,72,72,72,72,72,72,72,72,72,72],"card_choices":[{"not_picked":["Dark Embrace","Brutality"],"picked":"Barricade","floor":0},{"not_picked":["Thunderclap","Infernal Blade"],"picked":"Iron Wave","floor":1},{"not_picked":["Dual Wield","Pommel Strike"],"picked":"Blood for Blood","floor":3},{"not_picked":["Perfected Strike","Pummel"],"picked":"Pommel Strike","floor":5},{"not_picked":["Pommel Strike","Cleave"],"picked":"Headbutt","floor":7},{"not_picked":["Headbutt","Dual Wield"],"picked":"Rampage","floor":10},{"not_picked":["Power Through","Pommel Strike"],"picked":"Clash","floor":13},{"not_picked":["Dropkick","Bloodletting"],"picked":"True Grit","floor":14}],"player_experience":17838,"relics_obtained":[{"floor":7,"key":"Girya"},{"floor":9,"key":"Lantern"},{"floor":10,"key":"Frozen Egg 2"}],"event_choices":[{"damage_healed":0,"gold_gain":0,"player_choice":"Leave","damage_taken":0,"max_hp_gain":0,"max_hp_loss":0,"event_name":"The Cleric","floor":2,"gold_loss":0},{"damage_healed":0,"gold_gain":0,"player_choice":"Success","damage_taken":25,"relics_obtained":["PreservedInsect"],"max_hp_gain":0,"max_hp_loss":0,"event_name":"Scrap Ooze","floor":4,"gold_loss":0},{"damage_healed":0,"gold_gain":0,"player_choice":"Left Gold","damage_taken":0,"max_hp_gain":0,"max_hp_loss":0,"event_name":"World of Goop","floor":11,"gold_loss":22},{"damage_healed":0,"gold_gain":0,"player_choice":"1 cards matched","damage_taken":0,"max_hp_gain":0,"max_hp_loss":0,"event_name":"Match and Keep!","floor":12,"gold_loss":0,"cards_obtained":["Juggernaut"]}],"is_beta":false,"boss_relics":[],"items_purged_floors":[],"is_endless":false,"potions_floor_spawned":[7,13,14],"killed_by":"Slime Boss","ascension_level":0}