{"gold_per_floor":[114,114,189,204,118,148,148,34,59,91,106,71,33,48,48,148,198,213,228,3,3,3,3,33,48,48,63,63,75],"floor_reached":29,"playtime":1724,"items_purged":[],"score":241,"play_id":"c8111400-420c-4fd2-af49-33921e7fb152","local_time":"20181030205523","daily_mods":["Chimera","Red Cards","Careless"],"is_ascension_mode":false,"campfire_choices":[{"floor":7,"key":"REST"},{"data":"Zap","floor":15,"key":"SMITH"},{"floor":23,"key":"REST"}],"neow_cost":"","seed_source_timestamp":0,"circlet_count":0,"master_deck":["Bash","Survivor","Zap+1","Strike_R","Strike_G","Strike_B+1","Defend_R","Defend_G","Defend_B","Metallicize","Double Energy","Swift Strike","Conserve Battery","Dramatic Entrance","Cold Snap","Anger","Thunderclap","Blood for Blood","Ball Lightning","Machine Learning","Fusion","Steam","Heavy Blade","Flex","Twin Strike","Decay","Buffer","White Noise","White Noise","Writhe"],"special_seed":17835,"relics":["Cracked Core","Ginger","Blood Vial","Pen Nib","Tiny Chest","Tiny House","Centennial Puzzle","Pocketwatch","Regal Pillow","MawBank"],"potions_floor_usage":[10,16,16,24,25,25,27],"damage_taken":[{"damage":1,"enemies":"Cultist","floor":1,"turns":4},{"damage":11,"enemies":"Jaw Worm","floor":4,"turns":5},{"damage":43,"enemies":"3 Sentries","floor":6,"turns":10},{"damage":14,"enemies":"3 Sentries","floor":10,"turns":8},{"damage":0,"enemies":"2 Louse","floor":11,"turns":2},{"damage":3,"enemies":"2 Fungi Beasts","floor":14,"turns":3},{"damage":23,"enemies":"Hexaghost","floor":16,"turns":7},{"damage":40,"enemies":"2 Thieves","floor":18,"turns":4},{"damage":24,"enemies":"Shell Parasite","floor":19,"turns":5},{"damage":17,"enemies":"Gremlin Leader","floor":24,"turns":6},{"damage":22,"enemies":"Sentry and Sphere","floor":25,"turns":6},{"damage":18,"enemies":"Cultist and Chosen","floor":27,"turns":4},{"damage":9,"enemies":"Shelled Parasite and Fungi","floor":29,"turns":1}],"seed_played":"6220949458261519383","potions_obtained":[{"floor":1,"key":"Block Potion"},{"floor":11,"key":"AttackPotion"},{"floor":14,"key":"GamblersBrew"},{"floor":16,"key":"Energy Potion"},{"floor":17,"key":"SpeedPotion"},{"floor":18,"key":"Explosive Potion"},{"floor":25,"key":"Regen Potion"}],"is_trial":false,"path_per_floor":["M","?","?","M","$","E","R","$","T","?","M","?","$","M","R","B",null,"M","M","$","?","?","R","E","M","T","M","?"],"character_chosen":"DEFECT","items_purchased":["Swift Strike","Dramatic Entrance","Cold Snap","Blood for Blood","Centennial Puzzle","Flex","Twin Strike"],"campfire_rested":2,"item_purchase_floors":[5,8,8,13,20,20,20],"current_hp_per_floor":[74,74,63,52,52,9,31,31,31,19,21,39,39,38,38,17,80,40,18,18,18,18,42,27,7,7,3,3,0],"gold":75,"neow_bonus":"","is_prod":false,"is_daily":true,"chose_seed":false,"campfire_upgraded":1,"win_rate":0,"timestamp":1540947323,"path_taken":["M","?","?","M","?","E","R","$","T","?","?","?","$","?","R","BOSS","M","M","$","?","?","R","E","M","T","?","?","M"],"build_version":"2018-10-25v2","purchased_purges":0,"victory":false,"max_hp_per_floor":[75,75,75,75,75,75,75,75,75,75,75,75,75,75,75,75,80,80,80,80,80,80,80,80,80,80,80,80,80],"card_choices":[{"not_picked":["Rampage","Hello World"],"picked":"Metallicize","floor":1},{"not_picked":["Rampage","Rebound"],"picked":"Double Energy","floor":4},{"not_picked":["Perfected Strike","Leap"],"picked":"Conserve Battery","floor":6},{"not_picked":["Perfected Strike","Scrape"],"picked":"Anger","floor":10},{"not_picked":["Redo","Scrape"],"picked":"Thunderclap","floor":11},{"not_picked":["Iron Wave","Anger"],"picked":"Ball Lightning","floor":14},{"not_picked":["Immolate","Reboot"],"picked":"Machine Learning","floor":16},{"not_picked":["Thunderclap","Steam"],"picked":"Fusion","floor":17},{"not_picked":["True Grit","Power Through"],"picked":"Steam","floor":18},{"not_picked":["Ball Lightning","Redo+1"],"picked":"Heavy Blade","floor":19},{"not_picked":["Gash","Pommel Strike"],"picked":"Buffer","floor":24},{"not_picked":["Ball Lightning+1","Rip and Tear"],"picked":"White Noise","floor":25},{"not_picked":["Stack","Melter"],"picked":"White Noise","floor":27}],"player_experience":474071,"relics_obtained":[{"floor":6,"key":"Blood Vial"},{"floor":9,"key":"Pen Nib"},{"floor":10,"key":"Tiny Chest"},{"floor":24,"key":"Pocketwatch"},{"floor":26,"key":"Regal Pillow"}],"event_choices":[{"damage_healed":0,"gold_gain":0,"player_choice":"Box","damage_taken":0,"relics_obtained":["Ginger"],"max_hp_gain":0,"max_hp_loss":0,"event_name":"Big Fish","floor":2,"gold_loss":0,"cards_obtained":["Regret"]},{"damage_healed":0,"gold_gain":75,"player_choice":"Gather Gold","damage_taken":11,"max_hp_gain":0,"max_hp_loss":0,"event_name":"World of Goop","floor":3,"gold_loss":0},{"damage_healed":0,"gold_gain":30,"player_choice":"Searched \u00272\u0027 times","damage_taken":0,"max_hp_gain":0,"max_hp_loss":0,"event_name":"Dead Adventurer","floor":10,"gold_loss":0},{"damage_healed":18,"gold_gain":0,"player_choice":"Healed","damage_taken":0,"max_hp_gain":0,"max_hp_loss":0,"event_name":"The Cleric","floor":12,"gold_loss":35},{"damage_healed":0,"gold_gain":0,"player_choice":"Smashed Altar","damage_taken":0,"max_hp_gain":0,"max_hp_loss":0,"event_name":"Forgotten Altar","floor":21,"gold_loss":0,"cards_obtained":["Decay"]},{"cards_removed":["Regret"],"damage_healed":0,"gold_gain":0,"player_choice":"Elegance","damage_taken":0,"max_hp_gain":0,"max_hp_loss":0,"event_name":"Back to Basics","floor":22,"gold_loss":0},{"damage_healed":0,"gold_gain":0,"player_choice":"Opened","damage_taken":0,"relics_obtained":["MawBank"],"max_hp_gain":0,"max_hp_loss":0,"event_name":"The Mausoleum","floor":28,"gold_loss":0,"cards_obtained":["Writhe"]}],"is_beta":false,"boss_relics":[{"not_picked":["Runic Dome","Astrolabe"],"picked":"Tiny House"}],"items_purged_floors":[],"is_endless":false,"potions_floor_spawned":[1,11,14,16,18,25],"killed_by":"Shelled Parasite and Fungi","ascension_level":0}