{"gold_per_floor":[114,114,129,129,129,159,159,7,7,7,37,112,2,17,17,117,117,132,132,132,147,147,177,192,207,232,282,282,297,312,1,1,101,101,116,216,216,231,231,261,261,261,261,261,276,291,291,14,14,14],"floor_reached":50,"playtime":6760,"items_purged":[],"score":571,"play_id":"1faadd37-b68a-49d3-8f97-d4b3aa5d3b48","local_time":"20190408204539","daily_mods":["Draft","ControlledChaos","Night Terrors"],"is_ascension_mode":false,"campfire_choices":[{"floor":7,"key":"REST"},{"data":"Metallicize","floor":10,"key":"SMITH"},{"data":"Inflame","floor":15,"key":"SMITH"},{"data":"Seeing Red","floor":32,"key":"SMITH"},{"floor":42,"key":"REST"},{"data":"Panache","floor":49,"key":"SMITH"}],"neow_cost":"","seed_source_timestamp":0,"circlet_count":0,"master_deck":["Perfected Strike","Perfected Strike","Anger","Armaments","Inflame+1","Evolve","Headbutt","Rage","Rupture","Dropkick","Shrug It Off","Bloodletting","Fire Breathing+1","Seeing Red+1","Flex","Sword Boomerang","Metallicize+1","Blind","Pommel Strike","Iron Wave","Pommel Strike","Perfected Strike","Wild Strike","Dropkick","Thunderclap","Reaper","Cleave","Twin Strike","Anger","Clothesline","Impervious","Fire Breathing+1","Reckless Charge","Wild Strike","Armaments","Barricade","Rampage","Warcry+1","Hemokinesis","Madness","Madness","Body Slam","Enlightenment","Deep Breath","Finesse","Thunderclap","Twin Strike+1","Panache+1","Impatience","Mind Blast","Anger"],"special_seed":17994,"relics":["Burning Blood","Frozen Eye","The Courier","Orichalcum","Meat on the Bone","Juzu Bracelet","Mercury Hourglass","Runic Pyramid","MutagenicStrength","Vajra","Bag of Preparation","Membership Card","Anchor","Pen Nib","Runic Cube","Incense Burner","Omamori","Ancient Tea Set","Bottled Lightning","Art of War","Boot"],"potions_floor_usage":[16,33,33,50,50,50],"damage_taken":[{"damage":14,"enemies":"Jaw Worm","floor":1,"turns":3},{"damage":6,"enemies":"2 Louse","floor":3,"turns":3},{"damage":50,"enemies":"Gremlin Nob","floor":6,"turns":5},{"damage":30,"enemies":"3 Sentries","floor":11,"turns":6},{"damage":0,"enemies":"Small Slimes","floor":14,"turns":3},{"damage":45,"enemies":"The Guardian","floor":16,"turns":10},{"damage":21,"enemies":"Spheric Guardian","floor":18,"turns":4},{"damage":16,"enemies":"Chosen","floor":21,"turns":5},{"damage":22,"enemies":"Book of Stabbing","floor":23,"turns":5},{"damage":3,"enemies":"3 Cultists","floor":24,"turns":4},{"damage":17,"enemies":"Sentry and Sphere","floor":25,"turns":5},{"damage":24,"enemies":"Centurion and Healer","floor":29,"turns":5},{"damage":16,"enemies":"Snake Plant","floor":30,"turns":4},{"damage":35,"enemies":"Automaton","floor":33,"turns":8},{"damage":17,"enemies":"3 Darklings","floor":35,"turns":7},{"damage":3,"enemies":"Mind Bloom Boss Battle","floor":36,"turns":9},{"damage":9,"enemies":"Orb Walker","floor":38,"turns":3},{"damage":69,"enemies":"Nemesis","floor":40,"turns":9},{"damage":3,"enemies":"Transient","floor":45,"turns":5},{"damage":30,"enemies":"Maw","floor":46,"turns":7},{"damage":71,"enemies":"Awakened One","floor":50,"turns":7}],"seed_played":"-2695250490538151915","potions_obtained":[{"floor":1,"key":"LiquidBronze"},{"floor":14,"key":"SteroidPotion"},{"floor":21,"key":"Block Potion"},{"floor":24,"key":"PowerPotion"},{"floor":33,"key":"LiquidBronze"},{"floor":35,"key":"SkillPotion"},{"floor":46,"key":"PowerPotion"}],"is_trial":false,"path_per_floor":["M","?","M","?","T","E","R","$","T","R","E","T","$","M","R","B",null,"M","?","?","M","?","E","M","M","T","?","?","M","M","$","R","B",null,"M","?","?","M","?","E","?","R","T","?","M","M","T","$","R","B"],"character_chosen":"IRONCLAD","items_purchased":["Blind","Pommel Strike","Iron Wave","Perfected Strike","Wild Strike","Dropkick","Membership Card","Anchor","Pen Nib","Wild Strike","Armaments","Panache","Art of War","Boot","Impatience","Mind Blast","Anger"],"campfire_rested":2,"item_purchase_floors":[8,8,8,13,13,13,31,31,31,31,31,48,48,48,48,48,48],"current_hp_per_floor":[72,72,72,72,72,28,75,75,75,75,51,51,51,57,57,30,75,64,64,64,58,58,54,58,47,47,47,47,50,52,52,52,44,75,64,72,72,72,63,20,20,70,70,60,63,51,51,51,51,0],"gold":14,"neow_bonus":"","is_prod":false,"is_daily":true,"chose_seed":false,"campfire_upgraded":4,"win_rate":0,"timestamp":1554770739,"path_taken":["M","?","M","?","?","E","R","$","T","R","E","?","?","M","R","BOSS","M","?","?","M","?","E","M","M","T","?","?","M","M","?","R","BOSS","M","?","?","M","?","E","?","R","T","?","M","M","?","?","R","BOSS"],"build_version":"2019-01-23","purchased_purges":0,"victory":false,"max_hp_per_floor":[80,80,80,80,80,80,75,75,75,75,75,75,75,75,75,75,75,75,75,75,75,75,75,75,75,75,75,75,75,75,75,75,75,75,75,75,75,75,75,75,75,70,70,70,70,70,70,70,70,70],"card_choices":[{"not_picked":["Power Through","Body Slam"],"picked":"Perfected Strike","floor":0},{"not_picked":["Body Slam","Ghostly Armor"],"picked":"Perfected Strike","floor":0},{"not_picked":["Headbutt","Heavy Blade"],"picked":"Anger","floor":0},{"not_picked":["Shrug It Off","Iron Wave"],"picked":"Armaments","floor":0},{"not_picked":["True Grit","Headbutt"],"picked":"Inflame","floor":0},{"not_picked":["Thunderclap","Shockwave"],"picked":"Evolve","floor":0},{"not_picked":["Evolve","Sever Soul"],"picked":"Headbutt","floor":0},{"not_picked":["Shrug It Off","Clash"],"picked":"Havoc","floor":0},{"not_picked":["Headbutt","Heavy Blade"],"picked":"Rage","floor":0},{"not_picked":["Disarm","Heavy Blade"],"picked":"Rupture","floor":0},{"not_picked":["Second Wind","Dual Wield"],"picked":"Dropkick","floor":0},{"not_picked":["Power Through","Clash"],"picked":"Shrug It Off","floor":0},{"not_picked":["Anger","Pummel"],"picked":"Bloodletting","floor":0},{"not_picked":["Shrug It Off","Sever Soul"],"picked":"Fire Breathing","floor":0},{"not_picked":["Warcry","Shrug It Off"],"picked":"Seeing Red","floor":0},{"not_picked":["Cleave","Second Wind"],"picked":"Flex","floor":1},{"not_picked":["Wild Strike","Sentinel"],"picked":"Sword Boomerang","floor":3},{"not_picked":["Infernal Blade","Thunderclap"],"picked":"Metallicize","floor":6},{"not_picked":["Carnage","Sword Boomerang"],"picked":"Pommel Strike","floor":11},{"not_picked":["Warcry","Heavy Blade"],"picked":"Thunderclap","floor":14},{"not_picked":["Offering","Dark Embrace"],"picked":"Reaper","floor":16},{"not_picked":["True Grit","Uppercut"],"picked":"Cleave","floor":18},{"not_picked":["Flex","Battle Trance"],"picked":"Twin Strike","floor":21},{"not_picked":["Perfected Strike","Thunderclap"],"picked":"Anger","floor":23},{"not_picked":["Rupture+1","True Grit"],"picked":"Clothesline","floor":24},{"not_picked":["Dual Wield","Disarm"],"picked":"Impervious","floor":25},{"not_picked":["Disarm+1","Pommel Strike+1"],"picked":"Fire Breathing+1","floor":29},{"not_picked":["Sword Boomerang","Warcry"],"picked":"Reckless Charge","floor":30},{"not_picked":["Limit Break","Dark Embrace"],"picked":"Barricade","floor":33},{"not_picked":["Bloodletting+1","Headbutt"],"picked":"Rampage","floor":35},{"not_picked":["Body Slam+1","Thunderclap+1"],"picked":"Warcry+1","floor":36},{"not_picked":["Flex","Cleave+1"],"picked":"Hemokinesis","floor":38},{"not_picked":["Brutality","Sever Soul+1"],"picked":"Body Slam","floor":40},{"not_picked":["HandOfGreed","Deep Breath"],"picked":"Enlightenment","floor":44},{"not_picked":["Impatience","Purity"],"picked":"Deep Breath","floor":44},{"not_picked":["Madness","Forethought"],"picked":"Finesse","floor":44},{"not_picked":["Perfected Strike","Heavy Blade"],"picked":"Thunderclap","floor":45},{"not_picked":["Shockwave+1","Headbutt+1"],"picked":"Twin Strike+1","floor":46}],"player_experience":599089,"relics_obtained":[{"floor":5,"key":"The Courier"},{"floor":6,"key":"Orichalcum"},{"floor":9,"key":"Meat on the Bone"},{"floor":11,"key":"Juzu Bracelet"},{"floor":12,"key":"Mercury Hourglass"},{"floor":23,"key":"Vajra"},{"floor":26,"key":"Bag of Preparation"},{"floor":36,"key":"Incense Burner"},{"floor":40,"key":"Omamori"},{"floor":43,"key":"Ancient Tea Set"},{"floor":47,"key":"Bottled Lightning"}],"event_choices":[{"damage_healed":0,"gold_gain":0,"player_choice":"Leave","damage_taken":0,"max_hp_gain":0,"max_hp_loss":0,"event_name":"The Cleric","floor":2,"gold_loss":0},{"damage_healed":0,"gold_gain":0,"player_choice":"Grow","damage_taken":0,"max_hp_gain":0,"max_hp_loss":0,"event_name":"Living Wall","floor":4,"gold_loss":0,"cards_upgraded":["Fire Breathing"]},{"damage_healed":0,"gold_gain":0,"player_choice":"Ignored","damage_taken":0,"max_hp_gain":0,"max_hp_loss":0,"event_name":"Vampires","floor":19,"gold_loss":0},{"damage_healed":0,"gold_gain":0,"player_choice":"Ignored","damage_taken":0,"max_hp_gain":0,"max_hp_loss":0,"event_name":"Ghosts","floor":20,"gold_loss":0},{"damage_healed":0,"gold_gain":0,"player_choice":"Inject Mutagens","damage_taken":0,"relics_obtained":["MutagenicStrength"],"max_hp_gain":0,"max_hp_loss":0,"event_name":"Drug Dealer","floor":22,"gold_loss":0},{"damage_healed":0,"gold_gain":100,"player_choice":"Bet on Murderer","damage_taken":0,"max_hp_gain":0,"max_hp_loss":0,"event_name":"The Joust","floor":27,"gold_loss":50},{"damage_healed":0,"gold_gain":0,"player_choice":"Bought 0 Potions","damage_taken":0,"max_hp_gain":0,"max_hp_loss":0,"event_name":"The Woman in Blue","floor":28,"gold_loss":0},{"damage_healed":0,"gold_gain":0,"player_choice":"Fight","damage_taken":0,"max_hp_gain":0,"max_hp_loss":0,"event_name":"MindBloom","floor":36,"gold_loss":0},{"damage_healed":0,"gold_gain":0,"player_choice":"Ignored","damage_taken":0,"max_hp_gain":0,"max_hp_loss":0,"event_name":"SecretPortal","floor":37,"gold_loss":0},{"damage_healed":0,"gold_gain":0,"player_choice":"Embrace Madness","damage_taken":9,"max_hp_gain":0,"max_hp_loss":0,"event_name":"Winding Halls","floor":39,"gold_loss":0,"cards_obtained":["Madness","Madness"]},{"cards_removed":["Havoc"],"damage_healed":0,"gold_gain":0,"player_choice":"Removed Skill","damage_taken":0,"max_hp_gain":0,"max_hp_loss":0,"event_name":"Falling","floor":41,"gold_loss":0},{"damage_healed":0,"gold_gain":0,"player_choice":"Memory 3","damage_taken":10,"max_hp_gain":0,"max_hp_loss":0,"event_name":"SensoryStone","floor":44,"gold_loss":0}],"is_beta":false,"boss_relics":[{"not_picked":["White Beast Statue","Astrolabe"],"picked":"Runic Pyramid"},{"not_picked":["Coffee Dripper","Cursed Key"],"picked":"Runic Cube"}],"items_purged_floors":[],"is_endless":false,"potions_floor_spawned":[1,14,21,24,33,35,46],"killed_by":"Awakened One","ascension_level":0}