{"gold_per_floor":[118,118,118,133,154,192,192,192],"floor_reached":8,"playtime":315,"items_purged":[],"score":56,"play_id":"e793988a-862b-49b9-ab70-4abc073645ee","local_time":"20190707193104","is_ascension_mode":false,"campfire_choices":[],"neow_cost":"NONE","seed_source_timestamp":258537498727934,"circlet_count":0,"master_deck":["Strike_B","Strike_B","Strike_B","Strike_B","Defend_B","Defend_B","Defend_B","Defend_B","Zap+1","Dualcast","Dramatic Entrance","Leap","Capacitor","Machine Learning"],"relics":["Cracked Core","Golden Idol","Regal Pillow"],"potions_floor_usage":[8],"damage_taken":[{"damage":0,"enemies":"2 Louse","floor":1,"turns":2},{"damage":10,"enemies":"Small Slimes","floor":4,"turns":2},{"damage":0,"enemies":"Cultist","floor":5,"turns":3},{"damage":30,"enemies":"3 Sentries","floor":6,"turns":8},{"damage":37,"enemies":"Gremlin Nob","floor":8,"turns":3}],"seed_played":"2765907091215031437","potions_obtained":[{"floor":4,"key":"AttackPotion"},{"floor":5,"key":"Ancient Potion"}],"is_trial":false,"path_per_floor":["M","?","?","M","M","E","?","E"],"character_chosen":"DEFECT","items_purchased":[],"campfire_rested":0,"item_purchase_floors":[],"current_hp_per_floor":[75,57,57,47,47,17,5,0],"gold":192,"neow_bonus":"RANDOM_COLORLESS","is_prod":false,"is_daily":false,"chose_seed":false,"campfire_upgraded":0,"win_rate":0.0,"timestamp":1562563864,"path_taken":["M","?","?","M","?","E","?","E"],"build_version":"2019-07-05","purchased_purges":0,"victory":false,"max_hp_per_floor":[75,75,75,75,75,75,75,75],"card_choices":[{"not_picked":["Force Field","Aggregate","Tempest"],"picked":"SKIP","floor":1},{"not_picked":["Stack","Reinforced Body"],"picked":"Leap","floor":4},{"not_picked":["Cold Snap","Beam Cell"],"picked":"Capacitor","floor":5},{"not_picked":["Reprogram","Rebound"],"picked":"Machine Learning","floor":6}],"player_experience":42903,"relics_obtained":[{"floor":6,"key":"Regal Pillow"}],"event_choices":[{"damage_healed":0,"gold_gain":0,"player_choice":"Take Damage","damage_taken":18,"relics_obtained":["Golden Idol"],"max_hp_gain":0,"max_hp_loss":0,"event_name":"Golden Idol","floor":2,"gold_loss":0},{"damage_healed":0,"gold_gain":0,"player_choice":"Upgraded","damage_taken":0,"max_hp_gain":0,"max_hp_loss":0,"event_name":"Upgrade Shrine","floor":3,"gold_loss":0,"cards_upgraded":["Zap"]},{"damage_healed":0,"gold_gain":0,"player_choice":"Fled","damage_taken":12,"max_hp_gain":0,"max_hp_loss":0,"event_name":"Scrap Ooze","floor":7,"gold_loss":0}],"is_beta":false,"boss_relics":[],"items_purged_floors":[],"is_endless":false,"potions_floor_spawned":[4,5],"killed_by":"Gremlin Nob","ascension_level":0}