{"gold_per_floor":[144,144,319,1,46,136,136,181,181,286,9,9,34,7,7,307,307,352,20,20,65,65,155,200,200,200,250,12,57,57,57,57,357,357,402,543,543,543,24,114,114,189,189,12,12,57,102,102,102,102],"floor_reached":51,"playtime":2996,"items_purged":[],"score":960,"play_id":"77d1430b-c36e-4a08-b7e1-751ac328ddf6","local_time":"20190118074507","daily_mods":["Shiny","Flight","Midas"],"is_ascension_mode":false,"campfire_choices":[{"floor":7,"key":"REST"},{"floor":15,"key":"REST"},{"floor":25,"key":"REST"},{"floor":32,"key":"REST"},{"floor":41,"key":"REST"},{"floor":45,"key":"REST"},{"floor":49,"key":"REST"}],"neow_cost":"","seed_source_timestamp":0,"circlet_count":0,"master_deck":["Venomology","Corpse Explosion","Malaise","Phantasmal Killer","Die Die Die","Adrenaline","Envenom","Doppelganger","Burst","Wraith Form v2+1","Tools of the Trade","Unload","After Image","Bullet Time","Storm of Steel","Glass Knife+1","A Thousand Cuts","Grand Finale","Blur","Doubt","Blur","Concentrate","Bouncing Flask","Deflect","Deflect","Quick Slash","Noxious Fumes","Bullet Time","Writhe","Clumsy","Doubt","Backflip","Caltrops","Good Instincts","Choke+1","Poisoned Stab+1","Bane+1","Mind Blast+1","Dagger Spray+1","Adrenaline","Escape Plan","Tactician+1","Outmaneuver","Prepared+1","Outmaneuver","Dramatic Entrance+1","Dodge and Roll","Poisoned Stab+1","Sucker Punch+1","Reflex","Blur","Prepared","Madness","Madness","Dodge and Roll+1"],"special_seed":17914,"relics":["Ring of the Snake","Mercury Hourglass","Mummified Hand","The Courier","Pear","Thread and Needle","Strawberry","Calling Bell","Omamori","Blue Candle","FossilizedHelix","Molten Egg 2","WarpedTongs","Smiling Mask","Bronze Scales","Centennial Puzzle","Medical Kit","Torii","MutagenicStrength","Fusion Hammer","Dead Branch","Lee\u0027s Waffle","Dream Catcher","Sundial","Bag of Preparation","Ninja Scroll","Meat on the Bone"],"potions_floor_usage":[6,10,16,16,23,24,33,50,50],"damage_taken":[{"damage":13,"enemies":"Jaw Worm","floor":1,"turns":3},{"damage":7,"enemies":"2 Louse","floor":5,"turns":3},{"damage":47,"enemies":"Gremlin Nob","floor":6,"turns":6},{"damage":0,"enemies":"Cultist","floor":8,"turns":4},{"damage":9,"enemies":"Gremlin Nob","floor":10,"turns":4},{"damage":0,"enemies":"Slime Boss","floor":16,"turns":4},{"damage":14,"enemies":"Chosen","floor":18,"turns":7},{"damage":1,"enemies":"3 Byrds","floor":21,"turns":4},{"damage":36,"enemies":"Slavers","floor":23,"turns":5},{"damage":11,"enemies":"Snecko","floor":24,"turns":3},{"damage":0,"enemies":"Centurion and Healer","floor":29,"turns":4},{"damage":1,"enemies":"Collector","floor":33,"turns":7},{"damage":7,"enemies":"3 Darklings","floor":35,"turns":5},{"damage":38,"enemies":"2 Orb Walkers","floor":36,"turns":3},{"damage":31,"enemies":"Giant Head","floor":40,"turns":7},{"damage":0,"enemies":"Orb Walker","floor":46,"turns":1},{"damage":0,"enemies":"Maw","floor":47,"turns":6},{"damage":48,"enemies":"Awakened One","floor":50,"turns":8}],"seed_played":"-3106204693525257562","potions_obtained":[{"floor":1,"key":"Fruit Juice"},{"floor":6,"key":"Weak Potion"},{"floor":8,"key":"FearPotion"},{"floor":10,"key":"EssenceOfSteel"},{"floor":29,"key":"EssenceOfSteel"},{"floor":40,"key":"PowerPotion"}],"is_trial":false,"path_per_floor":["M","?","?","$","M","E","R","M","T","?","$","?","T","$","R","B",null,"M","$","?","M","?","E","M","R","T","T","$","M","?","?","R","B",null,"M","?","?","?","$","E","R","T","T","$","R","M","M","?","R","B",null],"character_chosen":"THE_SILENT","items_purchased":["Mercury Hourglass","Blur","Thread and Needle","Quick Slash","Noxious Fumes","Molten Egg 2","Caltrops","Good Instincts","Medical Kit","Mind Blast+1","Lee\u0027s Waffle","Dream Catcher","Sundial","Outmaneuver","Dramatic Entrance+1","Dodge and Roll","Poisoned Stab+1","Sucker Punch+1"],"campfire_rested":7,"item_purchase_floors":[4,4,11,11,14,19,19,19,28,28,39,39,39,39,44,44,44,44],"current_hp_per_floor":[57,57,57,57,50,8,30,30,30,31,31,14,21,21,48,48,92,78,78,78,77,77,41,30,57,57,57,57,57,57,57,84,83,92,85,47,47,47,99,68,97,97,97,97,99,99,99,87,99,51],"gold":102,"neow_bonus":"","is_prod":false,"is_daily":true,"chose_seed":false,"campfire_upgraded":0,"win_rate":0,"timestamp":1547815507,"path_taken":["M","?","?","?","?","E","R","?","T","?","$","?","?","?","R","BOSS","M","$","?","M","?","E","?","R","T","?","$","?","?","?","R","BOSS","M","?","?","?","$","E","R","?","T","$","R","?","?","?","R","BOSS"],"build_version":"2019-01-17v2","purchased_purges":0,"victory":true,"max_hp_per_floor":[70,70,70,70,70,75,75,75,75,85,85,85,92,92,92,92,92,92,92,92,92,92,92,92,92,92,92,92,92,92,92,92,92,92,92,92,92,92,99,99,99,99,99,99,99,99,99,99,99,99],"card_choices":[{"not_picked":["Backstab","Predator"],"picked":"Blur","floor":1},{"not_picked":["Bane","Reflex"],"picked":"Concentrate","floor":5},{"not_picked":["Choke","Footwork"],"picked":"Bouncing Flask","floor":6},{"not_picked":["Quick Slash","Underhanded Strike"],"picked":"Deflect","floor":8},{"not_picked":["Masterful Stab","Blade Dance"],"picked":"Deflect","floor":10},{"not_picked":["Malaise","Venomology"],"picked":"Bullet Time","floor":16},{"not_picked":["Setup","Accuracy+1"],"picked":"Backflip","floor":18},{"not_picked":["Calculated Gamble","PiercingWail"],"picked":"Choke+1","floor":21},{"not_picked":["Bouncing Flask","Acrobatics"],"picked":"Poisoned Stab+1","floor":23},{"not_picked":["Noxious Fumes","Backflip+1"],"picked":"Bane+1","floor":24},{"not_picked":["Terror+1","Deflect"],"picked":"Dagger Spray+1","floor":29},{"not_picked":["Venomology","Envenom"],"picked":"Adrenaline","floor":33},{"not_picked":["Dodge and Roll+1","Acrobatics"],"picked":"Escape Plan","floor":35},{"not_picked":["Dagger Spray+1","Poisoned Stab+1"],"picked":"Tactician+1","floor":36},{"not_picked":["Well Laid Plans","Leg Sweep+1"],"picked":"Prepared+1","floor":40},{"not_picked":["Malaise","Blade Dance+1"],"picked":"Outmaneuver","floor":41},{"not_picked":["Prepared","Choke+1"],"picked":"Reflex","floor":45},{"not_picked":["Acrobatics","Prepared+1"],"picked":"Blur","floor":46},{"not_picked":["Acrobatics+1","Choke+1"],"picked":"Prepared","floor":47},{"not_picked":["Setup+1","Backstab+1"],"picked":"Dodge and Roll+1","floor":49}],"player_experience":529619,"relics_obtained":[{"floor":6,"key":"Mummified Hand"},{"floor":9,"key":"The Courier"},{"floor":10,"key":"Pear"},{"floor":13,"key":"Strawberry"},{"floor":17,"key":"Omamori"},{"floor":17,"key":"Blue Candle"},{"floor":17,"key":"FossilizedHelix"},{"floor":23,"key":"Smiling Mask"},{"floor":26,"key":"Bronze Scales"},{"floor":27,"key":"Centennial Puzzle"},{"floor":36,"key":"Dead Branch"},{"floor":40,"key":"Bag of Preparation"},{"floor":42,"key":"Ninja Scroll"},{"floor":43,"key":"Meat on the Bone"}],"event_choices":[{"damage_healed":0,"gold_gain":0,"player_choice":"Leave","damage_taken":0,"max_hp_gain":0,"max_hp_loss":0,"event_name":"The Cleric","floor":2,"gold_loss":0},{"damage_healed":0,"gold_gain":175,"player_choice":"AGREE","damage_taken":0,"max_hp_gain":0,"max_hp_loss":0,"event_name":"Liars Game","floor":3,"gold_loss":0,"cards_obtained":["Doubt"]},{"damage_healed":0,"gold_gain":0,"player_choice":"Searched \u00271\u0027 times","damage_taken":0,"max_hp_gain":0,"max_hp_loss":0,"event_name":"Dead Adventurer","floor":10,"gold_loss":0},{"damage_healed":0,"gold_gain":0,"player_choice":"Entered Light","damage_taken":17,"max_hp_gain":0,"max_hp_loss":0,"event_name":"Shining Light","floor":12,"gold_loss":0,"cards_upgraded":["Wraith Form v2","Glass Knife"]},{"damage_healed":0,"gold_gain":0,"player_choice":"Ignored","damage_taken":0,"max_hp_gain":0,"max_hp_loss":0,"event_name":"Beggar","floor":20,"gold_loss":0},{"damage_healed":0,"gold_gain":0,"player_choice":"Rummage","damage_taken":0,"relics_obtained":["WarpedTongs"],"max_hp_gain":0,"max_hp_loss":0,"event_name":"Accursed Blacksmith","floor":22,"gold_loss":0,"cards_obtained":["Pain"]},{"damage_healed":0,"gold_gain":0,"player_choice":"Stole Relic","damage_taken":0,"relics_obtained":["Torii"],"max_hp_gain":0,"max_hp_loss":0,"event_name":"Addict","floor":30,"gold_loss":0,"cards_obtained":["Shame"]},{"damage_healed":0,"gold_gain":0,"player_choice":"Inject Mutagens","damage_taken":0,"relics_obtained":["MutagenicStrength"],"max_hp_gain":0,"max_hp_loss":0,"event_name":"Drug Dealer","floor":31,"gold_loss":0},{"damage_healed":0,"gold_gain":0,"player_choice":"Fight","damage_taken":0,"max_hp_gain":0,"max_hp_loss":0,"event_name":"Mysterious Sphere","floor":36,"gold_loss":0},{"damage_healed":0,"gold_gain":0,"player_choice":"Ignored","damage_taken":0,"max_hp_gain":0,"max_hp_loss":0,"event_name":"Tomb of Lord Red Mask","floor":37,"gold_loss":0},{"cards_removed":["Night Terror"],"damage_healed":0,"gold_gain":0,"player_choice":"Removed Skill","damage_taken":0,"max_hp_gain":0,"max_hp_loss":0,"event_name":"Falling","floor":38,"gold_loss":0},{"damage_healed":0,"gold_gain":0,"player_choice":"Embrace Madness","damage_taken":12,"max_hp_gain":0,"max_hp_loss":0,"event_name":"Winding Halls","floor":48,"gold_loss":0,"cards_obtained":["Madness","Madness"]}],"is_beta":false,"boss_relics":[{"not_picked":["Orrery","Lizard Tail"],"picked":"Calling Bell"},{"not_picked":["Philosopher\u0027s Stone","Tiny House"],"picked":"Fusion Hammer"}],"items_purged_floors":[],"is_endless":false,"potions_floor_spawned":[1,6,8,10,29,33,35,40],"ascension_level":0}