{"gold_per_floor":[114,131,131,131,151,184,184,203,203,203,214,228,228,254,254,331,331,349,359,379,389,403,403,403,403,403,422,438,469,469,28,28,99,99,113,113,76,86,98,98,114,114,114,114,20,40,1,50,50,50,50],"floor_reached":52,"playtime":4309,"items_purged":["Strike_R"],"score":1797,"play_id":"22608231-65c2-4996-a728-baa8dca410fa","local_time":"20190609142314","is_ascension_mode":true,"campfire_choices":[{"floor":7.0,"key":"REST"},{"floor":10.0,"key":"DIG"},{"floor":13.0,"key":"DIG"},{"floor":15.0,"key":"REST"},{"floor":23.0,"key":"REST"},{"floor":30.0,"key":"REST"},{"floor":32.0,"key":"DIG"},{"floor":40.0,"key":"REST"},{"floor":42.0,"key":"REST"},{"floor":49.0,"key":"REST"}],"neow_cost":"NONE","seed_source_timestamp":277396140263653,"circlet_count":0,"master_deck":["AscendersBane","Strike_R","Strike_R","Strike_R","Strike_R","Defend_R","Defend_R","Defend_R","Defend_R","Bash","Rampage","Body Slam","Regret","True Grit+1","Pommel Strike","Spot Weakness","Blood for Blood","Uppercut","Double Tap+1","Armaments+1","Iron Wave","Offering+1","Pain","Battle Trance+1","Iron Wave","Sword Boomerang+1","Barricade","Headbutt","Secret Technique+1","Battle Trance+1","Rupture+1","Armaments+1","Parasite","Infernal Blade+1","Headbutt","Clumsy","True Grit+1","Shrug It Off+1","Reaper"],"special_seed":0,"relics":["Burning Blood","NeowsBlessing","Pen Nib","Boot","Magic Flower","Shovel","Toxic Egg 2","Du-Vu Doll","Blood Vial","Cursed Key","Nilry\u0027s Codex","Pantograph","Bronze Scales","Membership Card","Oddly Smooth Stone","Pear","Dream Catcher","Mark of Pain","Ornamental Fan","Turnip"],"potions_floor_usage":[],"damage_taken":[{"damage":0.0,"enemies":"2 Louse","floor":1.0,"turns":1.0},{"damage":0.0,"enemies":"Jaw Worm","floor":2.0,"turns":1.0},{"damage":0.0,"enemies":"Small Slimes","floor":5.0,"turns":1.0},{"damage":62.0,"enemies":"Lagavulin","floor":6.0,"turns":8.0},{"damage":17.0,"enemies":"Blue Slaver","floor":8.0,"turns":4.0},{"damage":0.0,"enemies":"Lots of Slimes","floor":11.0,"turns":2.0},{"damage":6.0,"enemies":"Red Slaver","floor":12.0,"turns":3.0},{"damage":32.0,"enemies":"Gremlin Nob","floor":14.0,"turns":4.0},{"damage":28.0,"enemies":"Slime Boss","floor":16.0,"turns":8.0},{"damage":16.0,"enemies":"3 Byrds","floor":18.0,"turns":6.0},{"damage":29.0,"enemies":"Spheric Guardian","floor":19.0,"turns":4.0},{"damage":43.0,"enemies":"Snake Plant","floor":20.0,"turns":4.0},{"damage":3.0,"enemies":"Cultist and Chosen","floor":21.0,"turns":5.0},{"damage":6.0,"enemies":"Centurion and Healer","floor":22.0,"turns":4.0},{"damage":31.0,"enemies":"Shelled Parasite and Fungi","floor":27.0,"turns":2.0},{"damage":15.0,"enemies":"Snake Plant","floor":28.0,"turns":2.0},{"damage":26.0,"enemies":"Book of Stabbing","floor":29.0,"turns":4.0},{"damage":35.0,"enemies":"Champ","floor":33.0,"turns":9.0},{"damage":45.0,"enemies":"3 Shapes","floor":35.0,"turns":7.0},{"damage":19.0,"enemies":"3 Darklings","floor":38.0,"turns":2.0},{"damage":39.0,"enemies":"Sphere and 2 Shapes","floor":39.0,"turns":4.0},{"damage":23.0,"enemies":"Writhing Mass","floor":41.0,"turns":4.0},{"damage":27.0,"enemies":"Transient","floor":46.0,"turns":6.0},{"damage":24.0,"enemies":"2 Orb Walkers","floor":48.0,"turns":3.0},{"damage":73.0,"enemies":"Donu and Deca","floor":50.0,"turns":6.0},{"damage":92,"enemies":"Time Eater","floor":51,"turns":8}],"seed_played":"-2890305793209744885","potions_obtained":[{"floor":5.0,"key":"Explosive Potion"},{"floor":6.0,"key":"GamblersBrew"},{"floor":12.0,"key":"SpeedPotion"},{"floor":14.0,"key":"FearPotion"},{"floor":18.0,"key":"Weak Potion"},{"floor":20.0,"key":"LiquidBronze"},{"floor":21.0,"key":"PowerPotion"},{"floor":29.0,"key":"SkillPotion"},{"floor":33.0,"key":"AttackPotion"},{"floor":38.0,"key":"EssenceOfSteel"},{"floor":41.0,"key":"SpeedPotion"},{"floor":46.0,"key":"GamblersBrew"}],"is_trial":false,"path_per_floor":["M","M","?","T","M","E","R","M","T","R","M","M","R","E","R","B",null,"M","M","M","M","M","R","?","?","T","M","M","E","R","$","R","B",null,"M","?","$","M","M","R","M","R","T","?","$","M","$","?","R","B","B",null],"character_chosen":"IRONCLAD","items_purchased":["Membership Card","Oddly Smooth Stone","Pear","Battle Trance+1","True Grit+1","Shrug It Off+1","Reaper"],"campfire_rested":7,"item_purchase_floors":[31,31,31,37,45,45,47],"current_hp_per_floor":[74,75,75,75,75,19,41,33,33,33,42,45,45,22,44,28,63,59,42,11,20,26,48,27,75,75,53,50,36,58,68,68,59,79,46,46,46,39,12,37,26,51,51,51,51,36,36,24,49,35,39],"gold":50,"neow_bonus":"THREE_ENEMY_KILL","is_prod":false,"is_daily":false,"chose_seed":false,"campfire_upgraded":0,"win_rate":0,"timestamp":1560115394,"path_taken":["M","M","?","?","M","E","R","M","T","R","M","M","R","E","R","BOSS","M","M","M","M","M","R","?","?","T","M","?","E","R","?","R","BOSS","M","?","$","M","M","R","M","R","T","?","$","?","?","?","R","BOSS","BOSS"],"build_version":"2019-01-23","purchased_purges":1,"victory":true,"max_hp_per_floor":[75,75,75,75,75,75,75,75,75,75,75,75,75,75,75,75,75,75,75,75,75,75,75,75,75,75,75,75,75,75,85,85,85,85,85,85,85,85,85,85,85,85,85,85,85,85,85,85,85,85,85],"card_choices":[{"not_picked":["Perfected Strike","Seeing Red"],"picked":"Rampage","floor":1.0},{"not_picked":["Dual Wield","Power Through"],"picked":"Body Slam","floor":2.0},{"not_picked":["Whirlwind","Warcry"],"picked":"True Grit","floor":5.0},{"not_picked":["Heavy Blade","Power Through"],"picked":"Pommel Strike","floor":6.0},{"not_picked":["Dropkick","Shrug It Off"],"picked":"Spot Weakness","floor":8.0},{"not_picked":["Clash","Twin Strike"],"picked":"Blood for Blood","floor":11.0},{"not_picked":["Wild Strike","Sword Boomerang"],"picked":"Entrench+1","floor":12.0},{"not_picked":["Clothesline","Wild Strike"],"picked":"Uppercut","floor":14.0},{"not_picked":["Brutality","Dark Embrace"],"picked":"Double Tap+1","floor":16.0},{"not_picked":["Shockwave+1","Perfected Strike","Twin Strike"],"picked":"SKIP","floor":18.0},{"not_picked":["Pommel Strike","Sword Boomerang","Body Slam"],"picked":"SKIP","floor":19.0},{"not_picked":["Shockwave+1","Reckless Charge"],"picked":"Armaments+1","floor":20.0},{"not_picked":["Clothesline","Sword Boomerang"],"picked":"Iron Wave","floor":21.0},{"not_picked":["Clothesline","Armaments+1"],"picked":"Offering+1","floor":22.0},{"not_picked":["Heavy Blade","Clash+1"],"picked":"Battle Trance+1","floor":27.0},{"not_picked":["Thunderclap","Heavy Blade"],"picked":"Iron Wave","floor":28.0},{"not_picked":["Wild Strike","Clash"],"picked":"Sword Boomerang+1","floor":29.0},{"not_picked":["Dark Embrace","Bludgeon"],"picked":"Barricade","floor":33.0},{"not_picked":["Twin Strike+1","Sword Boomerang"],"picked":"Headbutt","floor":35.0},{"not_picked":["Discovery+1","Panache"],"picked":"Secret Technique+1","floor":36.0},{"not_picked":["Iron Wave","Thunderclap"],"picked":"Rupture+1","floor":38.0},{"not_picked":["Clash","Warcry+1"],"picked":"Armaments+1","floor":39.0},{"not_picked":["Anger","Corruption+1"],"picked":"Infernal Blade+1","floor":41.0},{"not_picked":["Rupture","Seeing Red+1"],"picked":"Headbutt","floor":42.0},{"not_picked":["Anger","Seeing Red+1","Searing Blow"],"picked":"SKIP","floor":46.0}],"player_experience":817271,"relics_obtained":[{"floor":4.0,"key":"Boot"},{"floor":6.0,"key":"Magic Flower"},{"floor":9.0,"key":"Shovel"},{"floor":10.0,"key":"Toxic Egg 2"},{"floor":13.0,"key":"Du-Vu Doll"},{"floor":14.0,"key":"Blood Vial"},{"floor":24.0,"key":"Nilry\u0027s Codex"},{"floor":26.0,"key":"Pantograph"},{"floor":29.0,"key":"Bronze Scales"},{"floor":32.0,"key":"Dream Catcher"},{"floor":43.0,"key":"Ornamental Fan"},{"floor":48.0,"key":"Turnip"}],"event_choices":[{"damage_healed":0.0,"max_hp_gain":0.0,"max_hp_loss":0.0,"gold_gain":0.0,"event_name":"Big Fish","player_choice":"Box","floor":3.0,"gold_loss":0.0,"damage_taken":0.0,"relics_obtained":["Pen Nib"],"cards_obtained":["Regret"]},{"damage_healed":0.0,"max_hp_gain":0.0,"max_hp_loss":0.0,"gold_gain":0.0,"event_name":"Cursed Tome","player_choice":"Obtained Book","floor":24.0,"gold_loss":0.0,"damage_taken":21.0},{"cards_removed":["Entrench"],"damage_healed":48.0,"max_hp_gain":0.0,"max_hp_loss":0.0,"gold_gain":0.0,"event_name":"Bonfire Elementals","player_choice":"Offered Uncommon","floor":25.0,"gold_loss":0.0,"damage_taken":0.0},{"damage_healed":0.0,"max_hp_gain":0.0,"max_hp_loss":0.0,"gold_gain":0.0,"event_name":"SensoryStone","player_choice":"Memory 1","floor":36.0,"gold_loss":0.0,"damage_taken":0.0},{"damage_healed":0.0,"max_hp_gain":0.0,"max_hp_loss":0.0,"gold_gain":0.0,"event_name":"Upgrade Shrine","player_choice":"Upgraded","floor":44.0,"gold_loss":0.0,"damage_taken":0.0,"cards_upgraded":["True Grit"]},{"damage_healed":0.0,"max_hp_gain":0.0,"max_hp_loss":0.0,"gold_gain":0.0,"event_name":"Mysterious Sphere","player_choice":"Fight","floor":48.0,"gold_loss":0.0,"damage_taken":0.0}],"is_beta":false,"boss_relics":[{"not_picked":["Philosopher\u0027s Stone","Black Blood"],"picked":"Cursed Key"},{"not_picked":["White Beast Statue","Astrolabe"],"picked":"Mark of Pain"}],"items_purged_floors":[45],"is_endless":false,"potions_floor_spawned":[5,6,12,14,18,20,21,29,33,38,41,46],"ascension_level":20}