{"gold_per_floor":[369,369,386,406,406,406,432,432,432,448,460,460,180,193,193,272,272,284,262,281,296,307,307,307],"floor_reached":24,"playtime":1826,"items_purged":["Pain"],"score":394,"play_id":"624877dc-2393-464f-bcea-b159cc982dce","local_time":"20190523185148","is_ascension_mode":true,"campfire_choices":[{"floor":6.0,"key":"REST"},{"data":"Neutralize","floor":8.0,"key":"SMITH"},{"floor":12.0,"key":"REST"},{"floor":15.0,"key":"REST"},{"floor":23,"key":"REST"}],"neow_cost":"CURSE","seed_source_timestamp":0,"circlet_count":0,"master_deck":["AscendersBane","Defend_G","Defend_G","Defend_G","Defend_G","Defend_G","Strike_G","Strike_G","Strike_G","Strike_G","Strike_G","Survivor","Neutralize+1","Sucker Punch","All Out Attack","Cloak And Dagger","Calculated Gamble","Cloak And Dagger","Footwork","Apotheosis","Backflip","After Image","Heel Hook","Blade Dance","Dodge and Roll"],"special_seed":0,"relics":["Ring of the Snake","WarpedTongs","Ornamental Fan","Bird Faced Urn","Sozu"],"potions_floor_usage":[],"damage_taken":[{"damage":11.0,"enemies":"Small Slimes","floor":1.0,"turns":5.0},{"damage":6.0,"enemies":"Cultist","floor":3.0,"turns":5.0},{"damage":11.0,"enemies":"Jaw Worm","floor":4.0,"turns":4.0},{"damage":18.0,"enemies":"3 Sentries","floor":7.0,"turns":9.0},{"damage":12.0,"enemies":"Gremlin Gang","floor":10.0,"turns":5.0},{"damage":4.0,"enemies":"Large Slime","floor":11.0,"turns":6.0},{"damage":6.0,"enemies":"3 Louse","floor":14.0,"turns":2.0},{"damage":42.0,"enemies":"The Guardian","floor":16.0,"turns":16.0},{"damage":5.0,"enemies":"Shell Parasite","floor":18.0,"turns":6.0},{"damage":12.0,"enemies":"2 Thieves","floor":19.0,"turns":4.0},{"damage":12.0,"enemies":"Snecko","floor":20.0,"turns":9.0},{"damage":12.0,"enemies":"Chosen and Byrds","floor":21.0,"turns":8.0},{"damage":0.0,"enemies":"3 Cultists","floor":22.0,"turns":6.0},{"damage":54,"enemies":"Slavers","floor":24,"turns":4}],"seed_played":"-2851100568675364447","potions_obtained":[{"floor":1.0,"key":"Block Potion"},{"floor":7.0,"key":"Swift Potion"},{"floor":11.0,"key":"SkillPotion"}],"is_trial":false,"path_per_floor":["M","?","M","M","?","R","E","R","T","M","M","R","$","M","R","B",null,"M","M","M","M","M","R","E"],"character_chosen":"THE_SILENT","items_purchased":["Apotheosis"],"campfire_rested":4,"item_purchase_floors":[13],"current_hp_per_floor":[48,48,42,31,31,49,31,31,31,19,15,33,33,27,45,5,49,48,36,28,20,24,42,0],"gold":307,"neow_bonus":"TWO_FIFTY_GOLD","is_prod":false,"is_daily":false,"chose_seed":false,"campfire_upgraded":1,"win_rate":0,"timestamp":1558662708,"path_taken":["M","?","?","M","?","R","E","R","T","?","M","R","$","M","R","BOSS","M","?","?","M","M","R","E"],"build_version":"2019-01-23","purchased_purges":1,"victory":false,"max_hp_per_floor":[66,63,63,63,63,63,63,63,63,63,63,63,63,63,63,63,63,63,63,63,63,63,63,63],"card_choices":[{"not_picked":["Predator","Endless Agony"],"picked":"Sucker Punch","floor":1.0},{"not_picked":["Backstab","Dodge and Roll"],"picked":"All Out Attack","floor":3.0},{"not_picked":["Quick Slash","Dodge and Roll"],"picked":"Cloak And Dagger","floor":4.0},{"not_picked":["Concentrate","Doppelganger"],"picked":"Calculated Gamble","floor":7.0},{"not_picked":["Slice","Prepared"],"picked":"Cloak And Dagger","floor":10.0},{"not_picked":["PiercingWail","Prepared"],"picked":"Footwork","floor":11.0},{"not_picked":["Quick Slash","Prepared"],"picked":"Backflip","floor":14.0},{"not_picked":["Glass Knife","A Thousand Cuts"],"picked":"After Image","floor":16.0},{"not_picked":["Flying Knee","Quick Slash"],"picked":"Heel Hook","floor":18.0},{"not_picked":["Masterful Stab","Prepared"],"picked":"Blade Dance","floor":19.0},{"not_picked":["Finisher","PiercingWail","Underhanded Strike"],"picked":"SKIP","floor":20.0},{"not_picked":["Bane","PiercingWail"],"picked":"Dodge and Roll","floor":21.0},{"not_picked":["Calculated Gamble","Acrobatics","Underhanded Strike"],"picked":"SKIP","floor":22.0}],"player_experience":746308,"relics_obtained":[{"floor":7.0,"key":"Ornamental Fan"},{"floor":9.0,"key":"Bird Faced Urn"}],"event_choices":[{"cards_removed":["Parasite"],"damage_healed":0.0,"max_hp_gain":0.0,"max_hp_loss":0.0,"gold_gain":0.0,"event_name":"Fountain of Cleansing","player_choice":"Removed Curses","floor":2.0,"gold_loss":0.0,"damage_taken":0.0},{"damage_healed":0.0,"max_hp_gain":0.0,"max_hp_loss":0.0,"gold_gain":0.0,"event_name":"Accursed Blacksmith","player_choice":"Rummage","floor":5.0,"gold_loss":0.0,"damage_taken":0.0,"relics_obtained":["WarpedTongs"],"cards_obtained":["Pain"]}],"is_beta":false,"boss_relics":[{"not_picked":["Cursed Key","Snecko Eye"],"picked":"Sozu"}],"items_purged_floors":[13],"is_endless":false,"potions_floor_spawned":[1,7,11,18,20,22],"killed_by":"Slavers","ascension_level":19}