{"gold_per_floor":[219,232,2,15,15,15,15,15,69,86,86,100,100,116,116,116],"floor_reached":16,"playtime":557,"items_purged":[],"score":184,"play_id":"33e5f578-0b1b-4af5-a8f3-feaaf9a60d28","local_time":"20190621213133","is_ascension_mode":true,"campfire_choices":[{"data":"Zap","floor":6.0,"key":"SMITH"},{"floor":11.0,"key":"REST"},{"floor":15.0,"key":"REST"}],"neow_cost":"NONE","seed_source_timestamp":363549428159534,"circlet_count":0,"master_deck":["AscendersBane","Strike_B","Strike_B","Strike_B","Strike_B","Defend_B","Defend_B","Defend_B","Defend_B","Zap+1","Dualcast","Cold Snap","Conserve Battery","Genetic Algorithm","Conserve Battery","Conserve Battery","Hologram","Zap","Recycle"],"special_seed":0,"relics":["Cracked Core","Membership Card","Anchor","DataDisk"],"potions_floor_usage":[16,16],"damage_taken":[{"damage":0.0,"enemies":"Cultist","floor":1.0,"turns":3.0},{"damage":11.0,"enemies":"2 Louse","floor":2.0,"turns":3.0},{"damage":5.0,"enemies":"Jaw Worm","floor":4.0,"turns":5.0},{"damage":3.0,"enemies":"3 Louse","floor":10.0,"turns":3.0},{"damage":12.0,"enemies":"Gremlin Gang","floor":12.0,"turns":5.0},{"damage":5.0,"enemies":"2 Fungi Beasts","floor":14.0,"turns":4.0},{"damage":53,"enemies":"Slime Boss","floor":16,"turns":9}],"seed_played":"357233343702111233","potions_obtained":[{"floor":1.0,"key":"PowerPotion"},{"floor":2.0,"key":"Block Potion"}],"is_trial":false,"path_per_floor":["M","M","$","M","?","R","$","$","T","M","R","M","?","M","R","B"],"character_chosen":"DEFECT","items_purchased":["Membership Card"],"campfire_rested":2,"item_purchase_floors":[3],"current_hp_per_floor":[64,53,53,48,22,22,22,22,22,19,40,28,28,23,44,0],"gold":116,"neow_bonus":"HUNDRED_GOLD","is_prod":false,"is_daily":false,"chose_seed":false,"campfire_upgraded":1,"win_rate":0,"timestamp":1561177893,"path_taken":["M","M","?","M","?","R","?","$","T","M","R","M","?","?","R","BOSS"],"build_version":"2019-01-23","purchased_purges":0,"victory":false,"max_hp_per_floor":[71,71,71,71,71,71,71,71,71,71,71,71,71,71,71,71],"card_choices":[{"not_picked":["Fusion","Storm"],"picked":"Cold Snap","floor":1.0},{"not_picked":["Rebound","Turbo"],"picked":"Conserve Battery","floor":2.0},{"not_picked":["Consume","Barrage"],"picked":"Genetic Algorithm","floor":4.0},{"not_picked":["Doom and Gloom","Compile Driver"],"picked":"Conserve Battery","floor":10.0},{"not_picked":["Gash","Compile Driver"],"picked":"Conserve Battery","floor":12.0},{"not_picked":["Gash","Double Energy","Turbo"],"picked":"SKIP","floor":14.0}],"player_experience":852631,"relics_obtained":[{"floor":9.0,"key":"DataDisk"}],"event_choices":[{"damage_healed":0.0,"max_hp_gain":0.0,"max_hp_loss":0.0,"gold_gain":0.0,"event_name":"Scrap Ooze","player_choice":"Success","floor":5.0,"gold_loss":0.0,"damage_taken":26.0,"relics_obtained":["Anchor"]},{"damage_healed":0.0,"max_hp_gain":0.0,"max_hp_loss":0.0,"gold_gain":0.0,"event_name":"Match and Keep!","player_choice":"3 cards matched","floor":13.0,"gold_loss":0.0,"damage_taken":0.0,"cards_obtained":["Hologram","Zap","Recycle"]}],"is_beta":false,"boss_relics":[],"items_purged_floors":[],"is_endless":false,"potions_floor_spawned":[1,2,14],"killed_by":"Slime Boss","ascension_level":20}