{"gold_per_floor":[15,15,15,35,51,51,70,99,169,169,183,183],"floor_reached":12,"playtime":440,"items_purged":[],"score":160,"play_id":"09b6a3db-28bd-4e96-bc83-078f0db85e24","local_time":"20190616181138","is_ascension_mode":true,"campfire_choices":[{"data":"Neutralize","floor":6.0,"key":"SMITH"},{"data":"Noxious Fumes","floor":10.0,"key":"SMITH"}],"neow_cost":"NO_GOLD","seed_source_timestamp":316663981141620,"circlet_count":0,"master_deck":["AscendersBane","Defend_G","Defend_G","Defend_G","Defend_G","Strike_G","Strike_G","Strike_G","Strike_G","Survivor","Neutralize+1","Riddle With Holes","Dodge and Roll","Predator","Dagger Spray","Bouncing Flask","Cloak And Dagger","Noxious Fumes+1","Noxious Fumes"],"special_seed":0,"relics":["Ring of the Snake","Ginger","Sundial"],"potions_floor_usage":[12],"damage_taken":[{"damage":2.0,"enemies":"Jaw Worm","floor":1.0,"turns":4.0},{"damage":1.0,"enemies":"Small Slimes","floor":4.0,"turns":3.0},{"damage":2.0,"enemies":"Cultist","floor":5.0,"turns":3.0},{"damage":7.0,"enemies":"Blue Slaver","floor":7.0,"turns":4.0},{"damage":26.0,"enemies":"Gremlin Nob","floor":8.0,"turns":4.0},{"damage":20,"enemies":"Exordium Thugs","floor":11,"turns":5},{"damage":13,"enemies":"Gremlin Gang","floor":12,"turns":2}],"seed_played":"-4857143128839306729","potions_obtained":[{"floor":1.0,"key":"SpeedPotion"},{"floor":3.0,"key":"PowerPotion"}],"is_trial":false,"path_per_floor":["M","?","?","M","M","R","M","E","T","R","M","M"],"character_chosen":"THE_SILENT","items_purchased":[],"campfire_rested":0,"item_purchase_floors":[],"current_hp_per_floor":[57,57,57,56,54,54,47,21,21,21,1,0],"gold":183,"neow_bonus":"TRANSFORM_TWO_CARDS","is_prod":false,"is_daily":false,"chose_seed":false,"campfire_upgraded":2,"win_rate":0,"timestamp":1560733898,"path_taken":["M","?","?","M","?","R","M","E","T","R","M","M"],"build_version":"2019-01-23","purchased_purges":0,"victory":false,"max_hp_per_floor":[66,66,66,66,66,66,66,66,66,66,66,66],"card_choices":[{"not_picked":["Outmaneuver","Expertise"],"picked":"Predator","floor":1.0},{"not_picked":["Well Laid Plans","Acrobatics"],"picked":"Dagger Spray","floor":4.0},{"not_picked":["Reflex","Catalyst"],"picked":"Bouncing Flask","floor":5.0},{"not_picked":["Poisoned Stab","Flying Knee"],"picked":"Cloak And Dagger","floor":7.0},{"not_picked":["Crippling Poison","Dodge and Roll"],"picked":"Noxious Fumes","floor":8.0},{"not_picked":["Outmaneuver","Deflect"],"picked":"Noxious Fumes","floor":11}],"player_experience":838578,"relics_obtained":[{"floor":8.0,"key":"Ginger"},{"floor":9.0,"key":"Sundial"}],"event_choices":[{"damage_healed":0.0,"max_hp_gain":0.0,"max_hp_loss":0.0,"gold_gain":0.0,"event_name":"The Cleric","player_choice":"Leave","floor":2.0,"gold_loss":0.0,"damage_taken":0.0},{"damage_healed":0.0,"max_hp_gain":0.0,"max_hp_loss":0.0,"gold_gain":0.0,"event_name":"Lab","player_choice":"Got Potions","floor":3.0,"gold_loss":0.0,"damage_taken":0.0}],"is_beta":false,"boss_relics":[],"items_purged_floors":[],"is_endless":false,"potions_floor_spawned":[1,5],"killed_by":"Gremlin Gang","ascension_level":20}