{"gold_per_floor":[119,119,136,236,31,63,77,77,77,112,0,0,14,32,32,32],"floor_reached":16,"playtime":1059,"items_purged":["Strike_R"],"score":135,"play_id":"8349dafe-945f-4ac8-b1f9-2938005964d7","local_time":"20190710010403","is_ascension_mode":false,"campfire_choices":[{"data":"Corruption","floor":8,"key":"SMITH"},{"data":"Corruption","floor":12,"key":"SMITH"},{"floor":15,"key":"REST"}],"neow_cost":"NONE","seed_source_timestamp":1460401636730900,"circlet_count":0,"master_deck":["Strike_R","Strike_R","Strike_R","Strike_R","Defend_R","Defend_R","Defend_R","Defend_R","Bash","Corruption+1","Pummel","Corruption+1","Thunderclap","Blood for Blood","Warcry","Carnage","Thunderclap","Sword Boomerang"],"relics":["Burning Blood","NeowsBlessing","DollysMirror","Self Forming Clay","Paper Frog","Mercury Hourglass"],"potions_floor_usage":[16],"damage_taken":[{"damage":0,"enemies":"2 Louse","floor":1,"turns":1},{"damage":0,"enemies":"Cultist","floor":3,"turns":1},{"damage":0,"enemies":"Lagavulin","floor":6,"turns":1},{"damage":8,"enemies":"Jaw Worm","floor":7,"turns":4},{"damage":47,"enemies":"3 Sentries","floor":10,"turns":8},{"damage":6,"enemies":"Exordium Wildlife","floor":13,"turns":4},{"damage":21,"enemies":"Large Slime","floor":14,"turns":5},{"damage":48,"enemies":"The Guardian","floor":16,"turns":10}],"seed_played":"917132105291093406","potions_obtained":[{"floor":3,"key":"Block Potion"},{"floor":7,"key":"Ancient Potion"},{"floor":13,"key":"LiquidBronze"}],"is_trial":false,"path_per_floor":["M","?","M","?","$","E","M","R","T","E","$","R","M","M","R","B"],"character_chosen":"IRONCLAD","items_purchased":["DollysMirror","Carnage"],"campfire_rested":1,"item_purchase_floors":[5,11],"current_hp_per_floor":[80,80,80,80,80,80,78,78,78,37,37,37,37,22,46,0],"gold":32,"neow_bonus":"THREE_ENEMY_KILL","is_prod":false,"is_daily":false,"chose_seed":false,"campfire_upgraded":2,"win_rate":0,"timestamp":1562688243,"path_taken":["M","?","M","?","$","E","M","R","T","E","$","R","M","M","R","BOSS"],"build_version":"2019-07-05","purchased_purges":1,"victory":false,"max_hp_per_floor":[80,80,80,80,80,80,80,80,80,80,80,80,80,80,80,80],"card_choices":[{"not_picked":["Cleave","Searing Blow"],"picked":"Corruption","floor":1},{"not_picked":["Intimidate","Wild Strike"],"picked":"Pummel","floor":3},{"not_picked":["Clothesline","True Grit"],"picked":"Thunderclap","floor":6},{"not_picked":["Cleave","Anger"],"picked":"Blood for Blood","floor":7},{"not_picked":["True Grit","Fiend Fire"],"picked":"Warcry","floor":10},{"not_picked":["Burning Pact","Perfected Strike"],"picked":"Thunderclap","floor":13},{"not_picked":["Fire Breathing","Cleave"],"picked":"Sword Boomerang","floor":14}],"player_experience":85010,"relics_obtained":[{"floor":6,"key":"Self Forming Clay"},{"floor":9,"key":"Paper Frog"},{"floor":10,"key":"Mercury Hourglass"}],"event_choices":[{"damage_healed":0,"gold_gain":0,"player_choice":"Ignored","damage_taken":0,"max_hp_gain":0,"max_hp_loss":0,"event_name":"Liars Game","floor":2,"gold_loss":0},{"damage_healed":0,"gold_gain":100,"player_choice":"Pray","damage_taken":0,"max_hp_gain":0,"max_hp_loss":0,"event_name":"Golden Shrine","floor":4,"gold_loss":0}],"is_beta":false,"boss_relics":[],"items_purged_floors":[11],"is_endless":false,"potions_floor_spawned":[3,7,13],"killed_by":"The Guardian","ascension_level":0}