{"gold_per_floor":[115,290,302,153,171,202,202,220,247,247,197,229,247,259,259,355,355,375,393,393,20,30,60,60,88,100,122,166,195,207,249,261,375,387,411,441,255,274,100,429,442,442,442,458,458,458,458,475,475,475],"floor_reached":51,"playtime":9196,"items_purged":["Doubt","Strike_B","Strike_B+1","Strike_B+1"],"score":937,"play_id":"951e66a4-7932-4cc1-9d4c-630a56666c13","local_time":"20181224172003","is_ascension_mode":true,"campfire_choices":[{"data":"Zap","floor":7.0,"key":"SMITH"},{"floor":10.0,"key":"REST"},{"data":"Hologram","floor":15.0,"key":"SMITH"},{"data":"Consume","floor":30.0,"key":"SMITH"},{"floor":32.0,"key":"REST"},{"floor":42.0,"key":"REST"},{"data":"Buffer","floor":47,"key":"SMITH"},{"floor":49,"key":"REST"}],"neow_cost":"NONE","seed_source_timestamp":218388043371170,"circlet_count":0,"master_deck":["Defend_B","Defend_B","Defend_B","Defend_B","Zap+1","Dualcast","Coolheaded","Go for the Eyes","Capacitor","Leap","Hologram+1","Skim","Machine Learning","Consume+1","RitualDagger","Glacier","Coolheaded","Buffer+1","Glacier","Defragment","Electrodynamics","Conserve Battery","Capacitor","Chill","Coolheaded","Skim+1","Blizzard"],"special_seed":0,"relics":["Cracked Core","Blood Vial","Centennial Puzzle","Art of War","Oddly Smooth Stone","Cursed Key","Membership Card","PreservedInsect","Boot","MawBank","Kunai","Whetstone","White Beast Statue","DollysMirror","Bag of Preparation","Old Coin"],"potions_floor_usage":[48,50,50,50],"damage_taken":[{"damage":1.0,"enemies":"2 Louse","floor":1.0,"turns":2.0},{"damage":5.0,"enemies":"Small Slimes","floor":3.0,"turns":4.0},{"damage":1.0,"enemies":"Jaw Worm","floor":5.0,"turns":6.0},{"damage":39.0,"enemies":"Gremlin Nob","floor":6.0,"turns":6.0},{"damage":10.0,"enemies":"Exordium Wildlife","floor":8.0,"turns":6.0},{"damage":0.0,"enemies":"3 Sentries","floor":12.0,"turns":10.0},{"damage":0.0,"enemies":"Lots of Slimes","floor":13.0,"turns":4.0},{"damage":4.0,"enemies":"2 Fungi Beasts","floor":14.0,"turns":3.0},{"damage":2.0,"enemies":"Slime Boss","floor":16.0,"turns":17.0},{"damage":2.0,"enemies":"Shell Parasite","floor":18.0,"turns":8.0},{"damage":16.0,"enemies":"2 Thieves","floor":19.0,"turns":3.0},{"damage":0.0,"enemies":"Snake Plant","floor":22.0,"turns":6.0},{"damage":0.0,"enemies":"Book of Stabbing","floor":23.0,"turns":7.0},{"damage":4.0,"enemies":"Slavers","floor":25.0,"turns":10.0},{"damage":27.0,"enemies":"3 Cultists","floor":27.0,"turns":11.0},{"damage":7.0,"enemies":"Gremlin Leader","floor":28.0,"turns":12.0},{"damage":4.0,"enemies":"Centurion and Healer","floor":29.0,"turns":8.0},{"damage":1.0,"enemies":"Book of Stabbing","floor":31.0,"turns":7.0},{"damage":0.0,"enemies":"Automaton","floor":33.0,"turns":15.0},{"damage":2.0,"enemies":"Orb Walker","floor":35.0,"turns":5.0},{"damage":0.0,"enemies":"3 Shapes","floor":36.0,"turns":6.0},{"damage":0.0,"enemies":"Maw","floor":38.0,"turns":11.0},{"damage":47.0,"enemies":"Reptomancer","floor":40.0,"turns":10.0},{"damage":8.0,"enemies":"3 Darklings","floor":41.0,"turns":5.0},{"damage":0.0,"enemies":"Sphere and 2 Shapes","floor":44.0,"turns":6.0},{"damage":0,"enemies":"Transient","floor":48,"turns":5},{"damage":0,"enemies":"Donu and Deca","floor":50,"turns":11}],"seed_played":"-6087451859444440327","potions_obtained":[{"floor":5.0,"key":"SkillPotion"},{"floor":8.0,"key":"Fire Potion"},{"floor":13.0,"key":"Poison Potion"},{"floor":14.0,"key":"Poison Potion"},{"floor":18.0,"key":"SkillPotion"},{"floor":22.0,"key":"Poison Potion"},{"floor":27.0,"key":"Ancient Potion"},{"floor":29.0,"key":"AttackPotion"},{"floor":35.0,"key":"PowerPotion"},{"floor":36.0,"key":"SpeedPotion"},{"floor":38.0,"key":"Swift Potion"},{"floor":40.0,"key":"FocusPotion"},{"floor":41.0,"key":"FearPotion"},{"floor":44.0,"key":"Dexterity Potion"},{"floor":48,"key":"SpeedPotion"}],"is_trial":false,"path_per_floor":["M","?","M","$","M","E","R","M","T","R","?","E","M","M","R","B","B",null,"M","M","?","$","M","E","?","E","T","M","E","M","R","E","R","B",null,"M","M","$","M","$","E","M","R","T","M","?","T","R","M","R","B",null],"character_chosen":"DEFECT","items_purchased":["Capacitor","Membership Card","PreservedInsect","Glacier","DollysMirror","Chill","Bag of Preparation","Coolheaded"],"campfire_rested":4,"item_purchase_floors":[4,21,21,21,37,37,39,39],"current_hp_per_floor":[74,74,70,70,71,34,34,26,26,48,48,50,52,50,50,50,75,73,59,53,53,55,57,57,55,55,30,25,23,23,24,46,48,75,73,75,75,75,75,28,22,44,44,46,46,46,46,48,70,72],"gold":475,"neow_bonus":"RANDOM_COMMON_RELIC","is_prod":false,"is_daily":false,"chose_seed":false,"campfire_upgraded":4,"win_rate":0,"timestamp":1545690003,"path_taken":["M","?","M","$","M","E","R","M","T","R","?","E","M","M","R","BOSS","BOSS","M","M","?","$","M","E","?","E","T","M","E","M","R","E","R","BOSS","M","M","$","M","$","E","M","R","T","M","?","?","R","M","R","BOSS"],"build_version":"2018-12-20","purchased_purges":4,"victory":true,"max_hp_per_floor":[75,75,75,75,75,75,75,75,75,75,75,75,75,75,75,75,75,75,75,75,75,75,75,75,75,75,75,75,75,75,75,75,75,75,75,75,75,75,75,75,75,75,75,75,75,75,75,75,75,75],"card_choices":[{"not_picked":["Go for the Eyes","Hologram"],"picked":"Coolheaded","floor":1.0},{"not_picked":["Hologram","Scrape"],"picked":"Go for the Eyes","floor":3.0},{"not_picked":["Steam","Storm"],"picked":"Leap","floor":5.0},{"not_picked":["Compile Driver","Sweeping Beam"],"picked":"Hologram","floor":6.0},{"not_picked":["Streamline","Heatsinks","Double Energy"],"picked":"SKIP","floor":8.0},{"not_picked":["Leap","Chaos","Fission"],"picked":"SKIP","floor":12.0},{"not_picked":["Stack","Hologram","Beam Cell"],"picked":"SKIP","floor":13.0},{"not_picked":["Ball Lightning","Scrape"],"picked":"Skim","floor":14.0},{"not_picked":["Biased Cognition","Core Surge"],"picked":"Machine Learning","floor":16.0},{"not_picked":["BootSequence","Barrage"],"picked":"Consume","floor":18.0},{"not_picked":["Steam","Recycle","Chaos+1"],"picked":"SKIP","floor":19.0},{"not_picked":["Beam Cell+1","BootSequence+1"],"picked":"Coolheaded","floor":22.0},{"not_picked":["Go for the Eyes","Sunder"],"picked":"Buffer","floor":23.0},{"not_picked":["Rebound","Self Repair"],"picked":"Defragment","floor":25.0},{"not_picked":["Leap","Scrape","Rebound+1"],"picked":"SKIP","floor":27.0},{"not_picked":["Leap","Static Discharge"],"picked":"Electrodynamics","floor":28.0},{"not_picked":["Steam Power","Recycle+1","Hologram"],"picked":"SKIP","floor":29.0},{"not_picked":["Streamline","Thunder Strike"],"picked":"Conserve Battery","floor":31.0},{"not_picked":["Hologram+1","Steam","Go for the Eyes+1"],"picked":"SKIP","floor":35.0},{"not_picked":["Cold Snap","Sweeping Beam","Consume+1"],"picked":"SKIP","floor":36.0},{"not_picked":["Ball Lightning","Stack","Genetic Algorithm+1"],"picked":"SKIP","floor":38.0},{"not_picked":["Beam Cell","Cold Snap"],"picked":"Skim+1","floor":40.0},{"not_picked":["Ball Lightning+1","Stack+1","Hologram+1"],"picked":"SKIP","floor":41.0},{"not_picked":["Melter","Gash+1"],"picked":"Blizzard","floor":44.0},{"not_picked":["Leap+1","Streamline+1","Cold Snap+1"],"picked":"SKIP","floor":48}],"player_experience":170259,"relics_obtained":[{"floor":6.0,"key":"Centennial Puzzle"},{"floor":9.0,"key":"Art of War"},{"floor":12.0,"key":"Oddly Smooth Stone"},{"floor":23.0,"key":"Boot"},{"floor":25.0,"key":"MawBank"},{"floor":28.0,"key":"Kunai"},{"floor":31.0,"key":"Whetstone"},{"floor":40.0,"key":"Old Coin"}],"event_choices":[{"damage_healed":0.0,"max_hp_gain":0.0,"max_hp_loss":0.0,"gold_gain":175.0,"event_name":"Liars Game","player_choice":"AGREE","floor":2.0,"gold_loss":0.0,"damage_taken":0.0,"cards_obtained":["Doubt"]},{"cards_removed":["Strike_B"],"damage_healed":0.0,"max_hp_gain":0.0,"max_hp_loss":0.0,"gold_gain":0.0,"event_name":"The Cleric","player_choice":"Card Removal","floor":11.0,"gold_loss":50.0,"damage_taken":0.0},{"damage_healed":0.0,"max_hp_gain":0.0,"max_hp_loss":0.0,"gold_gain":0.0,"event_name":"Nest","player_choice":"Joined the Cult","floor":20.0,"gold_loss":0.0,"damage_taken":6.0,"cards_obtained":["RitualDagger"]},{"damage_healed":0.0,"max_hp_gain":0.0,"max_hp_loss":0.0,"gold_gain":0.0,"event_name":"The Library","player_choice":"Read","floor":24.0,"gold_loss":0.0,"damage_taken":0.0,"cards_obtained":["Glacier"]},{"damage_healed":0.0,"max_hp_gain":0.0,"max_hp_loss":0.0,"gold_gain":0.0,"event_name":"SensoryStone","player_choice":"Memory 1","floor":45.0,"gold_loss":0.0,"damage_taken":0.0}],"is_beta":false,"boss_relics":[{"not_picked":["Coffee Dripper","FrozenCore"],"picked":"Cursed Key"},{"not_picked":["Fusion Hammer","Eternal Feather"],"picked":"White Beast Statue"}],"items_purged_floors":[4,21,37,39],"is_endless":false,"potions_floor_spawned":[5,8,13,14,18,22,27,29,35,36,38,40,41,44,48],"ascension_level":1}