{"gold_per_floor":[116,191,44,55,55,55,82,100,125,158,186,210,222,246,258,372,384,411,338,350,372,403,415,427,21,72,2,14,14,25,25,25,123,123,142,160,160,60,77,77,96,96,96,96,113,31,55,67,67,67],"floor_reached":51,"playtime":3573,"items_purged":["Strike_B","Strike_B"],"score":684,"play_id":"6cc08409-fb0f-4852-be7c-4d9c7b96b9e0","local_time":"20190709141437","is_ascension_mode":false,"campfire_choices":[{"data":"Electrodynamics","floor":6,"key":"SMITH"},{"floor":15,"key":"REST"},{"floor":23,"key":"REST"},{"floor":29,"key":"REST"},{"data":"White Noise","floor":32,"key":"SMITH"},{"floor":40,"key":"REST"},{"data":"Buffer","floor":44,"key":"SMITH"},{"floor":49,"key":"REST"}],"neow_cost":"NONE","seed_source_timestamp":3768173626600,"circlet_count":0,"master_deck":["Strike_B","Strike_B","Defend_B","Defend_B","Defend_B","Zap","Dualcast","Electrodynamics+1","Ball Lightning+1","Coolheaded","Cold Snap","Static Discharge","Chill","Echo Form","Seek","Glacier","Buffer+1","Secret Technique","White Noise+1","Consume","Consume+1","Tempest+1","White Noise+1","Lockon+1","FTL","BootSequence"],"relics":["Cracked Core","Blood Vial","Vajra","Strawberry","MawBank","Nuclear Battery","Meat on the Bone","Enchiridion","Lantern","Bronze Scales","Boot","Philosopher\u0027s Stone","FossilizedHelix","PreservedInsect"],"potions_floor_usage":[16,16,16,50],"damage_taken":[{"damage":0,"enemies":"Small Slimes","floor":1,"turns":2},{"damage":6,"enemies":"Jaw Worm","floor":4,"turns":3},{"damage":22,"enemies":"Lagavulin","floor":7,"turns":6},{"damage":1,"enemies":"2 Louse","floor":8,"turns":2},{"damage":15,"enemies":"3 Sentries","floor":10,"turns":2},{"damage":3,"enemies":"Looter","floor":11,"turns":3},{"damage":0,"enemies":"Exordium Wildlife","floor":12,"turns":3},{"damage":1,"enemies":"3 Louse","floor":14,"turns":2},{"damage":17,"enemies":"Hexaghost","floor":16,"turns":8},{"damage":8,"enemies":"Spheric Guardian","floor":18,"turns":3},{"damage":15,"enemies":"2 Thieves","floor":21,"turns":2},{"damage":11,"enemies":"Shelled Parasite and Fungi","floor":22,"turns":9},{"damage":12,"enemies":"Snake Plant","floor":28,"turns":3},{"damage":0,"enemies":"Centurion and Healer","floor":30,"turns":4},{"damage":0,"enemies":"Collector","floor":33,"turns":10},{"damage":12,"enemies":"3 Darklings","floor":35,"turns":2},{"damage":7,"enemies":"3 Shapes","floor":36,"turns":3},{"damage":34,"enemies":"Maw","floor":39,"turns":6},{"damage":1,"enemies":"Sphere and 2 Shapes","floor":41,"turns":3},{"damage":0,"enemies":"4 Shapes","floor":45,"turns":3},{"damage":0,"enemies":"3 Darklings","floor":48,"turns":4},{"damage":60,"enemies":"Time Eater","floor":50,"turns":8}],"seed_played":"-7893913339409589115","potions_obtained":[{"floor":4,"key":"Dexterity Potion"},{"floor":7,"key":"FocusPotion"},{"floor":8,"key":"Dexterity Potion"},{"floor":18,"key":"Block Potion"},{"floor":22,"key":"Weak Potion"},{"floor":36,"key":"FocusPotion"}],"is_trial":false,"path_per_floor":["M","?","$","M","?","R","E","M","T","E","M","M","?","M","R","B",null,"M","?","?","M","M","R","?","$","T","$","M","R","M","?","R","B",null,"M","M","?","$","M","R","M","?","T","R","M","$","T","M","R","B",null],"character_chosen":"DEFECT","items_purchased":["Blood Vial","Secret Technique","Lantern","White Noise","FTL"],"campfire_rested":5,"item_purchase_floors":[3,25,25,27,46],"current_hp_per_floor":[75,64,64,60,60,60,40,41,48,35,34,36,20,21,45,30,82,74,74,74,61,52,76,60,60,60,60,50,74,76,76,76,78,82,70,65,65,65,45,69,70,70,70,70,72,72,72,74,82,34],"gold":67,"neow_bonus":"ONE_RANDOM_RARE_CARD","is_prod":false,"is_daily":false,"chose_seed":false,"campfire_upgraded":3,"win_rate":0.0,"timestamp":1562674477,"path_taken":["M","?","$","M","?","R","E","M","T","E","M","M","?","?","R","BOSS","M","?","?","M","M","R","?","$","T","$","M","R","?","?","R","BOSS","M","M","?","$","?","R","?","?","T","R","M","$","?","M","R","BOSS"],"build_version":"2019-07-05","purchased_purges":2,"victory":true,"max_hp_per_floor":[75,75,75,75,75,75,75,75,82,82,82,82,82,82,82,82,82,82,82,82,82,82,82,82,82,82,82,82,82,82,82,82,82,82,82,82,82,82,82,82,82,82,82,82,82,82,82,82,82,82],"card_choices":[{"not_picked":["Compile Driver","Reinforced Body"],"picked":"Ball Lightning","floor":1},{"not_picked":["Chaos","Hologram"],"picked":"Coolheaded","floor":4},{"not_picked":["Storm","Stack"],"picked":"Cold Snap","floor":7},{"not_picked":["Sweeping Beam","Compile Driver"],"picked":"Static Discharge","floor":8},{"not_picked":["Compile Driver","Rebound"],"picked":"Chill","floor":10},{"not_picked":["Heatsinks","Turbo"],"picked":"Echo Form","floor":11},{"not_picked":["Turbo","Leap","Cold Snap"],"picked":"SKIP","floor":12},{"not_picked":["BootSequence","Chaos","Beam Cell"],"picked":"SKIP","floor":14},{"not_picked":["Meteor Strike","Multi-Cast"],"picked":"Seek","floor":16},{"not_picked":["Cold Snap","Streamline+1","Rebound"],"picked":"SKIP","floor":18},{"not_picked":["Conserve Battery","Beam Cell"],"picked":"Buffer","floor":21},{"not_picked":["Chaos","Undo","Gash"],"picked":"SKIP","floor":22},{"not_picked":["Redo","Steam","Rebound"],"picked":"SKIP","floor":28},{"not_picked":["Steam","Sweeping Beam"],"picked":"Consume","floor":30},{"not_picked":["Barrage+1","Rebound"],"picked":"Consume+1","floor":35},{"not_picked":["Streamline+1","Self Repair"],"picked":"Tempest+1","floor":36},{"not_picked":["Streamline+1","Gash"],"picked":"Lockon+1","floor":39},{"not_picked":["Heatsinks","Genetic Algorithm+1","Force Field"],"picked":"SKIP","floor":41},{"not_picked":["Undo+1","Lockon","Coolheaded"],"picked":"SKIP","floor":45},{"not_picked":["Force Field","Self Repair+1"],"picked":"BootSequence","floor":48}],"player_experience":86231,"relics_obtained":[{"floor":7,"key":"Vajra"},{"floor":9,"key":"Strawberry"},{"floor":10,"key":"MawBank"},{"floor":24,"key":"Enchiridion"},{"floor":26,"key":"Bronze Scales"},{"floor":43,"key":"FossilizedHelix"},{"floor":47,"key":"PreservedInsect"}],"event_choices":[{"damage_healed":0,"gold_gain":75,"player_choice":"Gather Gold","damage_taken":11,"max_hp_gain":0,"max_hp_loss":0,"event_name":"World of Goop","floor":2,"gold_loss":0},{"damage_healed":0,"gold_gain":0,"player_choice":"Ignored","damage_taken":0,"max_hp_gain":0,"max_hp_loss":0,"event_name":"Liars Game","floor":5,"gold_loss":0},{"damage_healed":0,"gold_gain":0,"player_choice":"Entered Light","damage_taken":16,"max_hp_gain":0,"max_hp_loss":0,"event_name":"Shining Light","floor":13,"gold_loss":0,"cards_upgraded":["Defend_B","Ball Lightning"]},{"damage_healed":0,"gold_gain":0,"player_choice":"Obtained Relic","damage_taken":0,"relics_obtained":["Meat on the Bone"],"max_hp_gain":0,"max_hp_loss":0,"event_name":"Addict","floor":19,"gold_loss":85},{"damage_healed":0,"gold_gain":0,"player_choice":"Read","damage_taken":0,"max_hp_gain":0,"max_hp_loss":0,"event_name":"The Library","floor":20,"gold_loss":0,"cards_obtained":["Glacier"]},{"damage_healed":0,"gold_gain":0,"player_choice":"Obtained Book","damage_taken":16,"max_hp_gain":0,"max_hp_loss":0,"event_name":"Cursed Tome","floor":24,"gold_loss":0},{"damage_healed":0,"gold_gain":0,"player_choice":"Opened","damage_taken":0,"relics_obtained":["Boot"],"max_hp_gain":0,"max_hp_loss":0,"event_name":"The Mausoleum","floor":31,"gold_loss":0},{"damage_healed":0,"gold_gain":0,"player_choice":"Copied","damage_taken":0,"max_hp_gain":0,"max_hp_loss":0,"event_name":"Duplicator","floor":37,"gold_loss":0,"cards_obtained":["White Noise"]},{"cards_removed":["Defend_B"],"damage_healed":0,"gold_gain":0,"player_choice":"Removed Skill","damage_taken":0,"max_hp_gain":0,"max_hp_loss":0,"event_name":"Falling","floor":42,"gold_loss":0}],"is_beta":false,"boss_relics":[{"not_picked":["Tiny House","Snecko Eye"],"picked":"Nuclear Battery"},{"not_picked":["Sozu","FrozenCore"],"picked":"Philosopher\u0027s Stone"}],"items_purged_floors":[25,38],"is_endless":false,"potions_floor_spawned":[4,7,8,18,22,36,48],"ascension_level":0}