{"gold_per_floor":[114,129,129,144,129,129,144,144,169,184,214,489,504,564,564,664,664,679,29,44,59,25,55,70,145,145,145,160,185,11,26,26,126,126,141,141,11,26,41,41,56,56,106,106,25,70,170,7,7,7],"floor_reached":50,"playtime":2457,"items_purged":[],"score":749,"play_id":"484c0ae1-f834-4e5b-8604-eda9e610cd93","local_time":"20181112173302","daily_mods":["Cursed Run","Time Dilation","Binary"],"is_ascension_mode":false,"campfire_choices":[{"data":"Zap","floor":6,"key":"SMITH"},{"data":"Sunder","floor":15,"key":"SMITH"},{"data":"Rainbow","floor":32,"key":"SMITH"},{"data":"Creative AI","floor":40,"key":"SMITH"},{"data":"Sunder","floor":42,"key":"SMITH"},{"floor":49,"key":"DIG"}],"neow_cost":"","seed_source_timestamp":0,"circlet_count":0,"master_deck":["Zap+1","Dualcast","Turbo","Go for the Eyes","Streamline","Steam","Undo","Regret","Doubt","Sunder+1","Aggregate","Regret","Stack","Go for the Eyes+1","Parasite","Machine Learning","Genetic Algorithm+1","Sadistic Nature","Self Repair","Turbo+1","Sweeping Beam+1","Doom and Gloom","Rainbow+1","Gash","Parasite","Parasite","RitualDagger","Storm+1","Regret","Chill","Sweeping Beam","Injury","Creative AI+1","Gash","Steam","Sunder+1","Hologram","Undo","Defragment","Doom and Gloom","Storm","Gash","Pain","Beam Cell+1","Self Repair","Gash","Static Discharge","Coolheaded+1","Conserve Battery","Normality","Injury","Dark Shackles","Leap+1","Buffer","Apotheosis"],"special_seed":17847,"relics":["Cursed Key","Darkstone Periapt","Du-Vu Doll","Torii","Art of War","Happy Flower","Tiny Chest","Lizard Tail","Gremlin Horn","Sling","Question Card","Matryoshka","Regal Pillow","Pear","MawBank","Boot","Orichalcum","Pandora\u0027s Box","WarpedTongs","Whetstone","Molten Egg 2","WingedGreaves","Shovel","Symbiotic Virus"],"potions_floor_usage":[7,14,16,16,28,33,33,47],"damage_taken":[{"damage":0,"enemies":"Cultist","floor":1,"turns":4},{"damage":2,"enemies":"2 Louse","floor":2,"turns":3},{"damage":0,"enemies":"Small Slimes","floor":4,"turns":3},{"damage":7,"enemies":"Exordium Thugs","floor":5,"turns":4},{"damage":10,"enemies":"Gremlin Gang","floor":7,"turns":3},{"damage":4,"enemies":"Lots of Slimes","floor":10,"turns":5},{"damage":27,"enemies":"Lagavulin","floor":11,"turns":5},{"damage":4,"enemies":"Exordium Thugs","floor":13,"turns":4},{"damage":13,"enemies":"3 Sentries","floor":14,"turns":6},{"damage":15,"enemies":"Slime Boss","floor":16,"turns":10},{"damage":6,"enemies":"3 Byrds","floor":18,"turns":6},{"damage":4,"enemies":"Chosen","floor":20,"turns":4},{"damage":22,"enemies":"3 Cultists","floor":21,"turns":6},{"damage":11,"enemies":"Gremlin Leader","floor":23,"turns":5},{"damage":17,"enemies":"Snake Plant","floor":24,"turns":5},{"damage":10,"enemies":"Centurion and Healer","floor":28,"turns":3},{"damage":19,"enemies":"Shelled Parasite and Fungi","floor":31,"turns":3},{"damage":73,"enemies":"Automaton","floor":33,"turns":9},{"damage":8,"enemies":"3 Shapes","floor":35,"turns":3},{"damage":12,"enemies":"3 Darklings","floor":38,"turns":5},{"damage":0,"enemies":"Spire Growth","floor":39,"turns":3},{"damage":19,"enemies":"Jaw Worm Horde","floor":41,"turns":4},{"damage":12,"enemies":"2 Orb Walkers","floor":46,"turns":3},{"damage":10,"enemies":"Mind Bloom Boss Battle","floor":47,"turns":4},{"damage":129,"enemies":"Awakened One","floor":50,"turns":6}],"seed_played":"7220959267386294394","potions_obtained":[{"floor":2,"key":"EssenceOfSteel"},{"floor":5,"key":"Explosive Potion"},{"floor":13,"key":"AttackPotion"},{"floor":14,"key":"Block Potion"},{"floor":18,"key":"Dexterity Potion"},{"floor":21,"key":"Strength Potion"},{"floor":23,"key":"Explosive Potion"},{"floor":38,"key":"LiquidBronze"}],"is_trial":false,"path_per_floor":["M","M","?","M","M","R","M","?","T","M","E","?","M","E","R","B",null,"M","$","M","M","$","E","M","T","T","?","M","T","$","M","R","B",null,"M","?","$","M","M","R","M","R","T","T","$","?","?","$","R","B"],"character_chosen":"DEFECT","items_purchased":["Gremlin Horn","Sadistic Nature","Self Repair","Sling","Doom and Gloom","Orichalcum","Chill","Beam Cell","Self Repair","Gash","Dark Shackles","Apotheosis"],"campfire_rested":0,"item_purchase_floors":[19,19,19,19,22,30,30,37,37,37,45,48],"current_hp_per_floor":[75,73,73,73,66,66,56,62,68,64,37,43,39,26,26,17,99,93,93,89,74,74,70,53,59,75,69,59,65,65,46,46,62,133,132,138,138,126,139,139,127,127,133,139,139,127,124,124,124,0],"gold":7,"neow_bonus":"","is_prod":false,"is_daily":true,"chose_seed":false,"campfire_upgraded":5,"win_rate":0,"timestamp":1542061982,"path_taken":["M","?","?","M","M","R","M","?","T","M","E","?","?","E","R","BOSS","M","$","?","?","$","E","M","?","T","?","M","?","$","M","R","BOSS","M","?","$","?","M","R","M","R","T","?","?","?","?","$","R","BOSS"],"build_version":"2018-11-08","purchased_purges":0,"victory":false,"max_hp_per_floor":[75,75,75,75,75,75,75,81,87,87,87,93,93,93,93,99,99,99,99,99,99,99,99,99,105,121,121,121,127,127,127,127,133,133,133,139,139,139,139,139,139,139,145,151,151,151,151,151,151,151],"card_choices":[{"not_picked":["Conserve Battery"],"picked":"Turbo","floor":1},{"not_picked":["Rip and Tear"],"picked":"Go for the Eyes","floor":2},{"not_picked":["Rebound"],"picked":"Streamline","floor":4},{"not_picked":["Rebound"],"picked":"Steam","floor":5},{"not_picked":["Hologram"],"picked":"Undo","floor":7},{"not_picked":["Streamline"],"picked":"Sunder","floor":10},{"not_picked":["Beam Cell"],"picked":"Aggregate","floor":11},{"not_picked":["Hologram"],"picked":"Stack","floor":13},{"not_picked":["Fission"],"picked":"Go for the Eyes","floor":14},{"not_picked":["Fission"],"picked":"Machine Learning","floor":16},{"not_picked":["Beam Cell"],"picked":"Genetic Algorithm+1","floor":18},{"not_picked":["Stack+1"],"picked":"Turbo+1","floor":20},{"not_picked":["Gash+1"],"picked":"Sweeping Beam+1","floor":21},{"not_picked":["Echo Form"],"picked":"Rainbow","floor":23},{"not_picked":["Auto Shields","Force Field"],"picked":"Gash","floor":24},{"not_picked":["Sweeping Beam","Beam Cell"],"picked":"Storm+1","floor":28},{"not_picked":["Compile Driver","Turbo"],"picked":"Sweeping Beam","floor":31},{"not_picked":["Machine Learning","Biased Cognition"],"picked":"Creative AI","floor":33},{"not_picked":["Leap","Tempest"],"picked":"Gash","floor":35},{"not_picked":["Gash","Conserve Battery+1"],"picked":"Static Discharge","floor":38},{"not_picked":["Hologram+1","Redo+1"],"picked":"Coolheaded+1","floor":39},{"not_picked":["Leap","Consume+1"],"picked":"Conserve Battery","floor":41},{"not_picked":["Lockon+1","Stack"],"picked":"Leap+1","floor":46},{"not_picked":["Coolheaded","Go for the Eyes+1"],"picked":"Buffer","floor":47}],"player_experience":483102,"relics_obtained":[{"floor":9,"key":"Art of War"},{"floor":11,"key":"Happy Flower"},{"floor":14,"key":"Tiny Chest"},{"floor":23,"key":"Question Card"},{"floor":25,"key":"Matryoshka"},{"floor":26,"key":"Regal Pillow"},{"floor":26,"key":"Pear"},{"floor":29,"key":"MawBank"},{"floor":29,"key":"Boot"},{"floor":43,"key":"Whetstone"},{"floor":44,"key":"Molten Egg 2"},{"floor":46,"key":"WingedGreaves"},{"floor":47,"key":"Shovel"},{"floor":49,"key":"Symbiotic Virus"}],"event_choices":[{"damage_healed":0,"gold_gain":0,"player_choice":"Ignored","damage_taken":0,"max_hp_gain":0,"max_hp_loss":0,"event_name":"Golden Wing","floor":3,"gold_loss":0},{"damage_healed":0,"gold_gain":0,"player_choice":"Box","damage_taken":0,"relics_obtained":["Torii"],"max_hp_gain":0,"max_hp_loss":0,"event_name":"Big Fish","floor":8,"gold_loss":0,"cards_obtained":["Regret"]},{"damage_healed":0,"gold_gain":275,"player_choice":"Desecrate","damage_taken":0,"max_hp_gain":0,"max_hp_loss":0,"event_name":"Golden Shrine","floor":12,"gold_loss":0,"cards_obtained":["Regret"]},{"damage_healed":0,"gold_gain":0,"player_choice":"Joined the Cult","damage_taken":6,"max_hp_gain":0,"max_hp_loss":0,"event_name":"Nest","floor":27,"gold_loss":0,"cards_obtained":["RitualDagger"]},{"damage_healed":0,"gold_gain":0,"player_choice":"Rummage","damage_taken":0,"relics_obtained":["WarpedTongs"],"max_hp_gain":0,"max_hp_loss":0,"event_name":"Accursed Blacksmith","floor":36,"gold_loss":0,"cards_obtained":["Pain"]},{"damage_healed":0,"gold_gain":0,"player_choice":"Fight","damage_taken":0,"max_hp_gain":0,"max_hp_loss":0,"event_name":"Mysterious Sphere","floor":46,"gold_loss":0},{"damage_healed":0,"gold_gain":0,"player_choice":"Fight","damage_taken":0,"max_hp_gain":0,"max_hp_loss":0,"event_name":"MindBloom","floor":47,"gold_loss":0}],"is_beta":false,"boss_relics":[{"not_picked":["Astrolabe","Velvet Choker"],"picked":"Lizard Tail"},{"not_picked":["Busted Crown","Runic Dome"],"picked":"Pandora\u0027s Box"}],"items_purged_floors":[],"is_endless":false,"potions_floor_spawned":[2,5,13,14,18,21,23,38,41],"killed_by":"Awakened One","ascension_level":0}