{"gold_per_floor":[111,17,27,27,27,67,83,126,126,126,151,170,170,209,209,302,302,323,22,45,45,45,45,84,109,136,51,51,65,79,93,93,184,184,200,224,224,349,374,374,413,439,476,62,62,85,85,135,135,135],"floor_reached":51,"playtime":2730,"items_purged":["Strike_R","Strike_R"],"score":1271,"play_id":"48fe2b7a-c716-4569-9fa8-ffa4f420cd1e","local_time":"20190710204025","is_ascension_mode":true,"campfire_choices":[{"data":"Intimidate","floor":10.0,"key":"SMITH"},{"data":"Perfected Strike","floor":13.0,"key":"SMITH"},{"data":"Feel No Pain","floor":15.0,"key":"SMITH"},{"data":"Armaments","floor":23.0,"key":"SMITH"},{"floor":28.0,"key":"REST"},{"data":"Demon Form","floor":32.0,"key":"SMITH"},{"data":"Limit Break","floor":40,"key":"SMITH"},{"data":"Shockwave","floor":47,"key":"SMITH"},{"data":"Disarm","floor":49,"key":"SMITH"}],"neow_cost":"NONE","seed_source_timestamp":0,"circlet_count":0,"master_deck":["AscendersBane","Strike_R","Strike_R+1","Defend_R","Defend_R","Defend_R","Defend_R","Bash","Ghostly Armor+1","Corruption","Intimidate+1","Feel No Pain+1","Headbutt","Twin Strike","Perfected Strike+1","Twin Strike","Demon Form+1","Armaments+1","Reaper","Sword Boomerang","Armaments","Twin Strike","Inflame","Limit Break+1","Shockwave+1","Intimidate","Disarm+1","Power Through+1","True Grit","Seeing Red","Shrug It Off+1"],"special_seed":0,"relics":["Burning Blood","NeowsBlessing","Golden Idol","Darkstone Periapt","Omamori","Kunai","Anchor","Snecko Eye","Sling","Incense Burner","Bronze Scales","Ancient Tea Set","Oddly Smooth Stone","Cursed Key","StoneCalendar","MawBank","Strawberry","Mercury Hourglass"],"potions_floor_usage":[50],"damage_taken":[{"damage":0.0,"enemies":"2 Louse","floor":1.0,"turns":1.0},{"damage":0.0,"enemies":"Small Slimes","floor":3.0,"turns":1.0},{"damage":0.0,"enemies":"Lagavulin","floor":6.0,"turns":1.0},{"damage":0.0,"enemies":"Jaw Worm","floor":7.0,"turns":4.0},{"damage":23.0,"enemies":"Gremlin Nob","floor":8.0,"turns":5.0},{"damage":0.0,"enemies":"2 Fungi Beasts","floor":11.0,"turns":5.0},{"damage":10.0,"enemies":"Large Slime","floor":12.0,"turns":5.0},{"damage":12.0,"enemies":"Lagavulin","floor":14.0,"turns":8.0},{"damage":49.0,"enemies":"The Guardian","floor":16.0,"turns":12.0},{"damage":7.0,"enemies":"3 Byrds","floor":18.0,"turns":5.0},{"damage":2.0,"enemies":"Chosen","floor":20.0,"turns":4.0},{"damage":37.0,"enemies":"Slavers","floor":24.0,"turns":6.0},{"damage":14.0,"enemies":"3 Cultists","floor":25.0,"turns":6.0},{"damage":4.0,"enemies":"Sentry and Sphere","floor":29.0,"turns":4.0},{"damage":0.0,"enemies":"Snake Plant","floor":30.0,"turns":5.0},{"damage":0.0,"enemies":"Cultist and Chosen","floor":31.0,"turns":6.0},{"damage":2.0,"enemies":"Collector","floor":33.0,"turns":6.0},{"damage":17.0,"enemies":"3 Shapes","floor":35.0,"turns":3.0},{"damage":6,"enemies":"3 Darklings","floor":36,"turns":3},{"damage":21,"enemies":"Mind Bloom Boss Battle","floor":38,"turns":6},{"damage":0,"enemies":"Maw","floor":39,"turns":5},{"damage":4,"enemies":"Giant Head","floor":41,"turns":6},{"damage":4,"enemies":"Jaw Worm Horde","floor":42,"turns":5},{"damage":22,"enemies":"Sphere and 2 Shapes","floor":46,"turns":7},{"damage":73,"enemies":"Awakened One","floor":50,"turns":8}],"seed_played":"6250814281771525031","potions_obtained":[{"floor":3.0,"key":"SteroidPotion"},{"floor":6.0,"key":"Block Potion"},{"floor":11.0,"key":"EntropicBrew"},{"floor":12.0,"key":"FearPotion"},{"floor":16.0,"key":"Swift Potion"},{"floor":24.0,"key":"Explosive Potion"},{"floor":29.0,"key":"EssenceOfSteel"}],"is_trial":false,"path_per_floor":["M","$","M","?","?","E","M","E","T","R","M","M","R","E","R","B",null,"M","$","M","?","?","R","E","M","T","?","R","M","M","M","R","B",null,"M","M","?","?","M","R","E","M","T","$","?","M","R","?","R","B",null],"character_chosen":"IRONCLAD","items_purchased":["Corruption","Block Potion","Sling","True Grit","Mercury Hourglass"],"campfire_rested":1,"item_purchase_floors":[2,2,19,44,44],"current_hp_per_floor":[74,74,75,52,52,58,64,47,47,47,53,66,66,60,60,17,55,54,54,58,58,58,58,27,37,37,37,57,59,65,68,68,68,68,66,66,66,63,68,68,68,68,75,75,75,65,65,65,65,24],"gold":135,"neow_bonus":"THREE_ENEMY_KILL","is_prod":false,"is_daily":false,"chose_seed":false,"campfire_upgraded":8,"win_rate":0,"timestamp":1562809225,"path_taken":["M","$","M","?","?","E","M","E","T","R","M","M","R","E","R","BOSS","M","$","M","?","?","R","E","M","T","?","R","M","M","M","R","BOSS","M","M","?","?","M","R","E","M","T","$","?","?","R","?","R","BOSS"],"build_version":"2019-07-05","purchased_purges":2,"victory":true,"max_hp_per_floor":[75,75,75,75,68,68,68,68,68,68,68,68,68,68,68,68,68,68,68,68,68,68,68,68,68,68,68,68,68,68,68,68,68,68,68,68,68,68,68,68,68,68,75,75,75,75,75,75,75,75],"card_choices":[{"not_picked":["Flex","Sword Boomerang"],"picked":"Ghostly Armor","floor":1.0},{"not_picked":["Dual Wield","Flex"],"picked":"Intimidate","floor":3.0},{"not_picked":["Flex","Armaments"],"picked":"Feel No Pain","floor":6.0},{"not_picked":["Entrench","Pummel"],"picked":"Headbutt","floor":7.0},{"not_picked":["Seeing Red","Rampage"],"picked":"Twin Strike","floor":8.0},{"not_picked":["Sever Soul","Wild Strike"],"picked":"Perfected Strike","floor":11.0},{"not_picked":["Armaments","Warcry"],"picked":"Twin Strike","floor":12.0},{"not_picked":["Reckless Charge","Anger","Infernal Blade"],"picked":"SKIP","floor":14.0},{"not_picked":["Dark Embrace","Exhume"],"picked":"Demon Form","floor":16.0},{"not_picked":["Dropkick+1","Bloodletting","Havoc"],"picked":"SKIP","floor":18.0},{"not_picked":["Fire Breathing+1","Cleave"],"picked":"Armaments","floor":20.0},{"not_picked":["Flame Barrier","Intimidate"],"picked":"Reaper","floor":24.0},{"not_picked":["Rupture","Headbutt"],"picked":"Sword Boomerang","floor":25.0},{"not_picked":["Heavy Blade","Perfected Strike"],"picked":"Armaments","floor":29.0},{"not_picked":["Body Slam","Combust"],"picked":"Twin Strike","floor":30.0},{"not_picked":["Dark Embrace","Havoc"],"picked":"Inflame","floor":31.0},{"not_picked":["Barricade","Exhume"],"picked":"Limit Break","floor":33.0},{"not_picked":["Warcry","Anger+1"],"picked":"Shockwave","floor":35.0},{"not_picked":["Heavy Blade","Body Slam+1"],"picked":"Intimidate","floor":36},{"not_picked":["Iron Wave","Wild Strike"],"picked":"Disarm","floor":38},{"not_picked":["Twin Strike","Pommel Strike","Cleave+1"],"picked":"SKIP","floor":39},{"not_picked":["Uppercut","Iron Wave"],"picked":"Power Through+1","floor":41},{"not_picked":["Twin Strike","Power Through","Body Slam"],"picked":"SKIP","floor":42},{"not_picked":["Body Slam","Combust+1"],"picked":"Shrug It Off+1","floor":46}],"player_experience":165872,"relics_obtained":[{"floor":6.0,"key":"Darkstone Periapt"},{"floor":8.0,"key":"Omamori"},{"floor":9.0,"key":"Kunai"},{"floor":14.0,"key":"Anchor"},{"floor":24.0,"key":"Bronze Scales"},{"floor":26.0,"key":"Ancient Tea Set"},{"floor":38,"key":"StoneCalendar"},{"floor":41,"key":"MawBank"},{"floor":43,"key":"Strawberry"}],"event_choices":[{"damage_healed":0.0,"max_hp_gain":0.0,"max_hp_loss":0.0,"gold_gain":0.0,"event_name":"Shining Light","player_choice":"Entered Light","floor":4.0,"gold_loss":0.0,"damage_taken":23.0,"cards_upgraded":["Strike_R","Ghostly Armor"]},{"damage_healed":0.0,"max_hp_gain":0.0,"max_hp_loss":7.0,"gold_gain":0.0,"event_name":"Golden Idol","player_choice":"Lose Max HP","floor":5.0,"gold_loss":0.0,"damage_taken":0.0,"relics_obtained":["Golden Idol"]},{"damage_healed":0.0,"max_hp_gain":0.0,"max_hp_loss":0.0,"gold_gain":0.0,"event_name":"The Mausoleum","player_choice":"Opened","floor":21.0,"gold_loss":0.0,"damage_taken":0.0,"relics_obtained":["Incense Burner"],"cards_obtained":["Writhe"]},{"damage_healed":0.0,"max_hp_gain":0.0,"max_hp_loss":0.0,"gold_gain":0.0,"event_name":"Vampires","player_choice":"Ignored","floor":22.0,"gold_loss":0.0,"damage_taken":0.0},{"damage_healed":0.0,"max_hp_gain":0.0,"max_hp_loss":0.0,"gold_gain":0.0,"event_name":"Addict","player_choice":"Obtained Relic","floor":27.0,"gold_loss":85.0,"damage_taken":0.0,"relics_obtained":["Oddly Smooth Stone"]},{"damage_healed":0,"gold_gain":0,"player_choice":"Ignored","damage_taken":0,"max_hp_gain":0,"max_hp_loss":0,"event_name":"Tomb of Lord Red Mask","floor":37,"gold_loss":0},{"damage_healed":0,"gold_gain":0,"player_choice":"Fight","damage_taken":0,"max_hp_gain":0,"max_hp_loss":0,"event_name":"MindBloom","floor":38,"gold_loss":0},{"damage_healed":0,"gold_gain":0,"cards_transformed":["Strike_R"],"player_choice":"Transformed","damage_taken":0,"max_hp_gain":0,"max_hp_loss":0,"event_name":"Transmorgrifier","floor":45,"gold_loss":0,"cards_obtained":["Seeing Red"]},{"damage_healed":0,"gold_gain":50,"player_choice":"Pray","damage_taken":0,"max_hp_gain":0,"max_hp_loss":0,"event_name":"Golden Shrine","floor":48,"gold_loss":0}],"is_beta":false,"boss_relics":[{"not_picked":["White Beast Statue","Velvet Choker"],"picked":"Snecko Eye"},{"not_picked":["Runic Cube","Lizard Tail"],"picked":"Cursed Key"}],"items_purged_floors":[19,44],"is_endless":false,"potions_floor_spawned":[3,6,11,12,16,24,29,31,36,41,42],"ascension_level":16}