{"gold_per_floor":[212,387,387,405,405,405,135,135,208,224,224,244,275,298,298,424,424,443,188,208,224,244,244,260,275,301,335,335,335,13,36,36,155,155,174,449,467,114,128,128,128,159,184,224,49,1,36,36,36,36],"floor_reached":51,"playtime":1461,"items_purged":["Doubt","Strike_R","Defend_R","Regret","Defend_R"],"score":880,"play_id":"e29db5d5-0f93-4b24-bc90-63957e6c9f44","local_time":"20190710042821","is_ascension_mode":false,"campfire_choices":[{"data":"Feed","floor":6.0,"key":"SMITH"},{"data":"Flex","floor":8.0,"key":"SMITH"},{"data":"Metallicize","floor":11.0,"key":"SMITH"},{"data":"Flex","floor":15.0,"key":"SMITH"},{"data":"Feed","floor":23.0,"key":"SMITH"},{"data":"Bash","floor":28.0,"key":"SMITH"},{"data":"Immolate","floor":32.0,"key":"SMITH"},{"data":"Fiend Fire","floor":40.0,"key":"SMITH"},{"floor":49,"key":"REST"}],"neow_cost":"NONE","seed_source_timestamp":2447635391364,"circlet_count":0,"master_deck":["Defend_R","Defend_R","Bash+1","Flex+1","Feed+1","Metallicize+1","Flex+1","Immolate+1","Thunderclap","Feed+1","Pommel Strike+1","Fiend Fire+1","Pommel Strike+1","Heavy Blade+1","Flame Barrier","Bite","Bite","Bite","Bite","Bite","Pummel+1","Whirlwind+1","Feed","Carnage+1","Battle Trance+1","Writhe"],"special_seed":0,"relics":["Burning Blood","Golden Idol","Chemical X","Bottled Lightning","Charon\u0027s Ashes","Snecko Eye","Oddly Smooth Stone","Brimstone","Philosopher\u0027s Stone","Lee\u0027s Waffle","Sundial","Happy Flower","Unceasing Top","Gambling Chip"],"potions_floor_usage":[50,50,50],"damage_taken":[{"damage":1.0,"enemies":"Cultist","floor":1.0,"turns":3.0},{"damage":5.0,"enemies":"Jaw Worm","floor":4.0,"turns":5.0},{"damage":8.0,"enemies":"2 Louse","floor":10.0,"turns":3.0},{"damage":1.0,"enemies":"Lots of Slimes","floor":12.0,"turns":4.0},{"damage":35.0,"enemies":"Gremlin Nob","floor":13.0,"turns":5.0},{"damage":10.0,"enemies":"Exordium Wildlife","floor":14.0,"turns":2.0},{"damage":55.0,"enemies":"Hexaghost","floor":16.0,"turns":11.0},{"damage":54.0,"enemies":"3 Byrds","floor":18.0,"turns":6.0},{"damage":0.0,"enemies":"Spheric Guardian","floor":20.0,"turns":2.0},{"damage":6.0,"enemies":"Centurion and Healer","floor":21.0,"turns":5.0},{"damage":17.0,"enemies":"Cultist and Chosen","floor":22.0,"turns":5.0},{"damage":21.0,"enemies":"Snake Plant","floor":24.0,"turns":6.0},{"damage":10.0,"enemies":"Chosen and Byrds","floor":25.0,"turns":4.0},{"damage":33.0,"enemies":"Gremlin Leader","floor":27.0,"turns":5.0},{"damage":6.0,"enemies":"Snecko","floor":31.0,"turns":3.0},{"damage":28.0,"enemies":"Collector","floor":33.0,"turns":5.0},{"damage":0.0,"enemies":"3 Darklings","floor":35.0,"turns":2.0},{"damage":28.0,"enemies":"3 Shapes","floor":37.0,"turns":4.0},{"damage":2.0,"enemies":"Transient","floor":39.0,"turns":5.0},{"damage":107.0,"enemies":"Nemesis","floor":42.0,"turns":6.0},{"damage":0.0,"enemies":"Reptomancer","floor":44.0,"turns":2.0},{"damage":9,"enemies":"Giant Head","floor":47,"turns":5},{"damage":24,"enemies":"Donu and Deca","floor":50,"turns":3}],"seed_played":"-5271605401417753651","potions_obtained":[{"floor":10.0,"key":"SkillPotion"},{"floor":12.0,"key":"EntropicBrew"},{"floor":14.0,"key":"AttackPotion"},{"floor":18.0,"key":"Block Potion"},{"floor":22.0,"key":"Block Potion"},{"floor":24.0,"key":"LiquidBronze"},{"floor":31.0,"key":"Explosive Potion"},{"floor":37.0,"key":"Energy Potion"},{"floor":44,"key":"Strength Potion"}],"is_trial":false,"path_per_floor":["M","?","?","M","?","R","$","R","T","M","R","M","E","M","R","B",null,"M","$","M","M","M","R","M","M","T","E","R","?","$","M","R","B",null,"M","?","M","$","M","R","?","E","T","E","$","$","E","?","R","B",null],"character_chosen":"IRONCLAD","items_purchased":["Chemical X","Fiend Fire","Brimstone","Lee\u0027s Waffle","Strength Potion"],"campfire_rested":1,"item_purchase_floors":[7,19,30,38,46],"current_hp_per_floor":[80,80,74,74,74,74,74,74,74,76,76,82,57,57,57,8,90,49,49,55,62,58,58,55,71,71,48,48,48,48,68,68,77,135,139,139,125,154,154,154,164,67,67,73,73,73,83,125,167,155],"gold":36,"neow_bonus":"HUNDRED_GOLD","is_prod":false,"is_daily":false,"chose_seed":false,"campfire_upgraded":8,"win_rate":0,"timestamp":1562754501,"path_taken":["M","?","?","M","?","R","$","R","T","?","R","M","E","M","R","BOSS","M","$","M","M","M","R","M","M","T","E","R","?","$","M","R","BOSS","M","?","?","$","M","R","?","E","T","E","?","$","E","?","R","BOSS"],"build_version":"2019-07-05","purchased_purges":5,"victory":true,"max_hp_per_floor":[80,80,74,74,74,74,74,74,74,78,78,82,86,90,90,90,90,97,97,97,104,111,111,115,123,123,127,127,127,127,131,131,135,135,139,139,147,154,154,154,164,164,164,164,164,164,167,167,167,171],"card_choices":[{"not_picked":["Iron Wave","True Grit"],"picked":"Flex","floor":1.0},{"not_picked":["Clothesline","Metallicize"],"picked":"Feed","floor":4.0},{"not_picked":["Cleave","Thunderclap"],"picked":"Metallicize","floor":10.0},{"not_picked":["Shrug It Off","Infernal Blade"],"picked":"Flex","floor":12.0},{"not_picked":["Ghostly Armor","True Grit"],"picked":"Immolate","floor":13.0},{"not_picked":["Sword Boomerang","Ghostly Armor"],"picked":"Thunderclap","floor":14.0},{"not_picked":["Demon Form","Brutality"],"picked":"Feed","floor":16.0},{"not_picked":["Body Slam+1","Rampage"],"picked":"Pommel Strike+1","floor":18.0},{"not_picked":["True Grit","Perfected Strike","Second Wind"],"picked":"SKIP","floor":20.0},{"not_picked":["Reckless Charge+1","Armaments+1"],"picked":"Pommel Strike+1","floor":21.0},{"not_picked":["Shrug It Off+1","Twin Strike"],"picked":"Reaper","floor":22.0},{"not_picked":["Sentinel+1","Wild Strike"],"picked":"Heavy Blade+1","floor":24.0},{"not_picked":["Second Wind","Dual Wield+1"],"picked":"Flame Barrier","floor":25.0},{"not_picked":["Iron Wave","Rampage","Twin Strike"],"picked":"SKIP","floor":27.0},{"not_picked":["Shockwave","Second Wind"],"picked":"Pummel+1","floor":31.0},{"not_picked":["Wild Strike","Searing Blow"],"picked":"Whirlwind+1","floor":35.0},{"not_picked":["Flex+1","Twin Strike","Warcry+1"],"picked":"SKIP","floor":37.0},{"not_picked":["Body Slam","Wild Strike+1","True Grit"],"picked":"SKIP","floor":39.0},{"not_picked":["Ghostly Armor","Blood for Blood"],"picked":"Feed","floor":42.0},{"not_picked":["Armaments","Cleave"],"picked":"Carnage+1","floor":44},{"not_picked":["True Grit","Shrug It Off"],"picked":"Battle Trance+1","floor":47}],"player_experience":1553935,"relics_obtained":[{"floor":9.0,"key":"Bottled Lightning"},{"floor":13.0,"key":"Charon\u0027s Ashes"},{"floor":26.0,"key":"Oddly Smooth Stone"},{"floor":27.0,"key":"Blood Vial"},{"floor":42.0,"key":"Sundial"},{"floor":43.0,"key":"Happy Flower"},{"floor":44,"key":"Unceasing Top"},{"floor":47,"key":"Gambling Chip"}],"event_choices":[{"damage_healed":0.0,"max_hp_gain":0.0,"max_hp_loss":0.0,"gold_gain":175.0,"event_name":"Liars Game","player_choice":"AGREE","floor":2.0,"gold_loss":0.0,"damage_taken":0.0,"cards_obtained":["Doubt"]},{"damage_healed":0.0,"max_hp_gain":0.0,"max_hp_loss":6.0,"gold_gain":0.0,"event_name":"Golden Idol","player_choice":"Lose Max HP","floor":3.0,"gold_loss":0.0,"damage_taken":0.0,"relics_obtained":["Golden Idol"]},{"damage_healed":0.0,"max_hp_gain":0.0,"max_hp_loss":0.0,"gold_gain":0.0,"event_name":"Wheel of Change","player_choice":"Full Heal","floor":5.0,"gold_loss":0.0,"damage_taken":0.0},{"damage_healed":0.0,"max_hp_gain":0.0,"max_hp_loss":0.0,"gold_gain":0.0,"event_name":"Vampires","player_choice":"Became a vampire (Vial)","floor":29.0,"relics_lost":["Blood Vial"],"gold_loss":0.0,"damage_taken":0.0,"cards_obtained":["Bite","Bite","Bite","Bite","Bite"]},{"damage_healed":0.0,"max_hp_gain":0.0,"max_hp_loss":0.0,"gold_gain":275.0,"event_name":"Golden Shrine","player_choice":"Desecrate","floor":36.0,"gold_loss":0.0,"damage_taken":0.0,"cards_obtained":["Regret"]},{"cards_removed":["Reaper"],"damage_healed":0.0,"max_hp_gain":10.0,"max_hp_loss":0.0,"gold_gain":0.0,"event_name":"Bonfire Elementals","player_choice":"Offered Rare","floor":41.0,"gold_loss":0.0,"damage_taken":0.0},{"damage_healed":42,"gold_gain":0,"player_choice":"Writhe","damage_taken":0,"max_hp_gain":0,"max_hp_loss":0,"event_name":"Winding Halls","floor":48,"gold_loss":0,"cards_obtained":["Writhe"]}],"is_beta":false,"boss_relics":[{"not_picked":["Runic Pyramid","Astrolabe"],"picked":"Snecko Eye"},{"not_picked":["Mark of Pain","Pandora\u0027s Box"],"picked":"Philosopher\u0027s Stone"}],"items_purged_floors":[7,19,30,38,45],"is_endless":false,"potions_floor_spawned":[10,12,14,18,22,24,31,37,44],"ascension_level":0}