{"gold_per_floor":[113,38,38,54,54,54,88,100,100,100,114,146,146,161,161,261,261,246,336,40,50,50,50],"floor_reached":23,"playtime":1718,"items_purged":[],"score":199,"play_id":"fa728f6b-6991-4b30-a6b8-8136b720df23","local_time":"20190707195954","is_ascension_mode":false,"campfire_choices":[{"data":"White Noise","floor":6,"key":"SMITH"},{"data":"Zap","floor":10,"key":"SMITH"},{"data":"Redo","floor":13,"key":"SMITH"},{"data":"Defragment","floor":15,"key":"SMITH"}],"neow_cost":"NONE","seed_source_timestamp":258863636187520,"circlet_count":0,"master_deck":["Strike_B","Strike_B","Strike_B","Defend_B","Defend_B","Defend_B","Defend_B","Zap+1","Dualcast","Stack","White Noise+1","Leap","Redo+1","Defragment+1","Leap","Machine Learning","Redo","Leap"],"relics":["Cracked Core","Matryoshka","Blood Vial","Regal Pillow","Vajra","Lizard Tail","Calipers"],"potions_floor_usage":[23],"damage_taken":[{"damage":1,"enemies":"Jaw Worm","floor":1,"turns":4},{"damage":1,"enemies":"Cultist","floor":4,"turns":3},{"damage":32,"enemies":"Gremlin Nob","floor":7,"turns":5},{"damage":0,"enemies":"2 Louse","floor":8,"turns":1},{"damage":4,"enemies":"Exordium Thugs","floor":11,"turns":5},{"damage":22,"enemies":"3 Sentries","floor":12,"turns":9},{"damage":1,"enemies":"Large Slime","floor":14,"turns":3},{"damage":23,"enemies":"Hexaghost","floor":16,"turns":14},{"damage":23,"enemies":"2 Thieves","floor":18,"turns":5},{"damage":5,"enemies":"Chosen","floor":21,"turns":5},{"damage":84,"enemies":"Slavers","floor":23,"turns":6}],"seed_played":"-320725478477786383","potions_obtained":[{"floor":8,"key":"SmokeBomb"},{"floor":12,"key":"SteroidPotion"},{"floor":14,"key":"SkillPotion"}],"is_trial":false,"path_per_floor":["M","$","?","M","$","R","E","M","T","R","M","E","R","M","R","B",null,"M","?","$","M","?","E"],"character_chosen":"DEFECT","items_purchased":["White Noise","Calipers"],"campfire_rested":0,"item_purchase_floors":[2,20],"current_hp_per_floor":[81,81,81,80,80,80,48,48,48,48,46,26,26,27,27,6,82,59,43,43,40,24,0],"gold":50,"neow_bonus":"TEN_PERCENT_HP_BONUS","is_prod":false,"is_daily":false,"chose_seed":false,"campfire_upgraded":4,"win_rate":0.0,"timestamp":1562565594,"path_taken":["M","$","?","M","?","R","E","M","T","R","M","E","R","M","R","BOSS","M","?","?","M","?","E"],"build_version":"2019-07-05","purchased_purges":0,"victory":false,"max_hp_per_floor":[82,82,82,82,82,82,82,82,82,82,82,82,82,82,82,82,82,82,82,82,82,87,87],"card_choices":[{"not_picked":["Sunder","Consume"],"picked":"Stack","floor":1},{"not_picked":["Cold Snap","Blizzard"],"picked":"Leap","floor":4},{"not_picked":["Melter","Gash"],"picked":"Redo","floor":7},{"not_picked":["Leap","Steam Power"],"picked":"Defragment","floor":8},{"not_picked":["Beam Cell","Fusion","Rip and Tear"],"picked":"SKIP","floor":11},{"not_picked":["Melter","Chaos"],"picked":"Leap","floor":12},{"not_picked":["Hologram","Coolheaded","FTL"],"picked":"SKIP","floor":14},{"not_picked":["Reboot","All For One"],"picked":"Machine Learning","floor":16},{"not_picked":["Rebound","Sweeping Beam+1"],"picked":"Redo","floor":18},{"not_picked":["Go for the Eyes","Rip and Tear"],"picked":"Leap","floor":21}],"player_experience":43218,"relics_obtained":[{"floor":7,"key":"Matryoshka"},{"floor":9,"key":"Blood Vial"},{"floor":9,"key":"Regal Pillow"},{"floor":12,"key":"Vajra"}],"event_choices":[{"cards_removed":["Strike_B"],"damage_healed":0,"gold_gain":0,"player_choice":"Offered Basic","damage_taken":0,"max_hp_gain":0,"max_hp_loss":0,"event_name":"Bonfire Elementals","floor":3,"gold_loss":0},{"damage_healed":0,"gold_gain":90,"player_choice":"GOLD ","damage_taken":16,"max_hp_gain":0,"max_hp_loss":0,"event_name":"Knowing Skull","floor":19,"potions_obtained":[],"gold_loss":0,"cards_obtained":[]},{"damage_healed":0,"gold_gain":0,"player_choice":"Shed Blood","damage_taken":21,"max_hp_gain":5,"max_hp_loss":0,"event_name":"Forgotten Altar","floor":22,"gold_loss":0}],"is_beta":false,"boss_relics":[{"not_picked":["Sozu","Cursed Key"],"picked":"Lizard Tail"}],"items_purged_floors":[],"is_endless":false,"potions_floor_spawned":[8,12,14],"killed_by":"Slavers","ascension_level":0}