{"gold_per_floor":[114,129,144,2,17,32,47,47,47,122,152,152,167,182,182,282,282,297,297,312,327,342,342,372,372,372,372,387,7,22,37,37,137,137,152,167,182,211,0,0,30,30,30,57,84,96,108,135,147,159],"floor_reached":51,"playtime":3661,"items_purged":[],"score":932,"play_id":"9ae6c42e-dea2-408a-8c4b-c1b4eeec37e3","local_time":"20180918120454","daily_mods":["Brewmaster","Uncertain Future","Hoarder"],"is_ascension_mode":false,"campfire_choices":[{"data":"Envenom","floor":12,"key":"SMITH"},{"data":"Mind Blast","floor":15,"key":"SMITH"},{"data":"Blur","floor":23,"key":"SMITH"},{"data":"Adrenaline","floor":27,"key":"SMITH"},{"floor":32,"key":"REST"},{"data":"Adrenaline","floor":40,"key":"SMITH"},{"floor":47,"key":"REST"},{"data":"Adrenaline","floor":49,"key":"SMITH"}],"neow_cost":"","seed_source_timestamp":0,"circlet_count":0,"master_deck":["Defend_G","Defend_G","Defend_G","Defend_G","Defend_G","Strike_G","Strike_G","Strike_G","Strike_G","Strike_G","Survivor","Neutralize","Venomology","Venomology","Venomology","Venomology","Venomology","Venomology","Venomology","Venomology","Venomology","Venomology","Venomology","Venomology","Venomology","Venomology","Leg Sweep","Leg Sweep","Leg Sweep","Predator","Predator","Predator","Endless Agony","Endless Agony","Endless Agony","Mind Blast","Mind Blast","Mind Blast+1","Prepared","Prepared","Prepared","Outmaneuver","Outmaneuver","Outmaneuver","Acrobatics","Acrobatics","Acrobatics","All Out Attack","All Out Attack","All Out Attack","Envenom","Envenom","Envenom+1","Blur","Blur","Blur+1","Footwork","Footwork","Footwork","Grand Finale","Grand Finale","Grand Finale","Dagger Throw","Dagger Throw","Dagger Throw","Slice","Slice","Slice","Adrenaline","Adrenaline+1","Adrenaline+1","Bane+1","Bane+1","Bane+1","Distraction","Distraction","Distraction","Burst","Burst","Burst","Poisoned Stab","Poisoned Stab","Poisoned Stab","Finesse","Finesse","Finesse","Sucker Punch","Sucker Punch","Sucker Punch","Reflex","Reflex","Reflex","Corpse Explosion","Corpse Explosion","Corpse Explosion","Adrenaline","Adrenaline+1","Adrenaline","Slice","Slice","Slice","Outmaneuver","Outmaneuver","Outmaneuver","Slice","Slice","Slice","Quick Slash","Quick Slash","Quick Slash","Noxious Fumes","Noxious Fumes","Noxious Fumes","Distraction","Distraction","Distraction","Tools of the Trade","Tools of the Trade","Tools of the Trade","Noxious Fumes+1","Noxious Fumes+1","Noxious Fumes+1","Reflex+1","Reflex+1","Reflex+1","Dagger Spray+1","Dagger Spray+1","Dagger Spray+1","Riddle With Holes+1","Riddle With Holes+1","Riddle With Holes+1","Tactician","Tactician","Tactician","Apotheosis","Apotheosis","Apotheosis","Deep Breath","Deep Breath","Deep Breath","Metamorphosis","Metamorphosis","Metamorphosis","Outmaneuver+1","Outmaneuver+1","Outmaneuver+1"],"special_seed":17792,"relics":["Ring of the Snake","White Beast Statue","Snake Skull","Shuriken","HoveringKite","Anchor","The Courier","Boot","Oddly Smooth Stone","Orrery","Unceasing Top","Red Mask","Matryoshka","MawBank","Mummified Hand"],"potions_floor_usage":[1,1,1,2,2,2,2,2,3,3,3,3,5,6,6,6,11,11,11,11,11,11,13,14,14,16,16,16,16,16,16,16,16,16,16,16,20,20,20,20,20,22,22,22,22,22,24,24,28,31,31,33,33,33,35,36,37,37,45,45,45,50],"damage_taken":[{"damage":13,"enemies":"Cultist","floor":1,"turns":5},{"damage":2,"enemies":"Small Slimes","floor":2,"turns":6},{"damage":0,"enemies":"Jaw Worm","floor":3,"turns":5},{"damage":0,"enemies":"Exordium Wildlife","floor":5,"turns":1},{"damage":3,"enemies":"Large Slime","floor":6,"turns":4},{"damage":0,"enemies":"Blue Slaver","floor":7,"turns":1},{"damage":9,"enemies":"Gremlin Nob","floor":11,"turns":4},{"damage":5,"enemies":"3 Louse","floor":13,"turns":2},{"damage":0,"enemies":"Large Slime","floor":14,"turns":2},{"damage":32,"enemies":"The Guardian","floor":16,"turns":12},{"damage":0,"enemies":"Shell Parasite","floor":18,"turns":1},{"damage":26,"enemies":"3 Byrds","floor":20,"turns":5},{"damage":0,"enemies":"Snake Plant","floor":21,"turns":1},{"damage":17,"enemies":"Chosen and Byrds","floor":22,"turns":6},{"damage":12,"enemies":"Book of Stabbing","floor":24,"turns":2},{"damage":0,"enemies":"Cultist and Chosen","floor":28,"turns":1},{"damage":0,"enemies":"Centurion and Healer","floor":30,"turns":1},{"damage":8,"enemies":"3 Cultists","floor":31,"turns":6},{"damage":12,"enemies":"Collector","floor":33,"turns":6},{"damage":0,"enemies":"3 Shapes","floor":35,"turns":3},{"damage":12,"enemies":"3 Darklings","floor":36,"turns":3},{"damage":25,"enemies":"Sphere and 2 Shapes","floor":37,"turns":4},{"damage":6,"enemies":"Mysterious Sphere","floor":38,"turns":3},{"damage":0,"enemies":"Nemesis","floor":41,"turns":1},{"damage":0,"enemies":"Reptomancer","floor":44,"turns":2},{"damage":0,"enemies":"Maw","floor":45,"turns":3},{"damage":0,"enemies":"Spire Growth","floor":48,"turns":1},{"damage":61,"enemies":"Time Eater","floor":50,"turns":7}],"seed_played":"-276946993801479710","potions_obtained":[{"floor":1,"key":"GamblersBrew"},{"floor":2,"key":"Regen Potion"},{"floor":3,"key":"Fire Potion"},{"floor":5,"key":"Block Potion"},{"floor":6,"key":"Regen Potion"},{"floor":7,"key":"Explosive Potion"},{"floor":11,"key":"Swift Potion"},{"floor":13,"key":"SkillPotion"},{"floor":14,"key":"GamblersBrew"},{"floor":16,"key":"EssenceOfSteel"},{"floor":18,"key":"EntropicBrew"},{"floor":20,"key":"SpeedPotion"},{"floor":21,"key":"FairyPotion"},{"floor":28,"key":"Strength Potion"},{"floor":31,"key":"Energy Potion"},{"floor":33,"key":"FairyPotion"},{"floor":35,"key":"Regen Potion"},{"floor":36,"key":"Regen Potion"},{"floor":37,"key":"Block Potion"},{"floor":41,"key":"PowerPotion"},{"floor":45,"key":"FearPotion"},{"floor":48,"key":"Explosive Potion"}],"is_trial":false,"path_per_floor":["M","M","M","$","M","M","M","?","T","?","E","R","M","M","R","B",null,"M","?","M","M","M","R","E","?","T","R","M","$","M","M","R","B",null,"M","M","M","?","?","R","E","$","T","M","M","?","R","M","R","B"],"character_chosen":"THE_SILENT","items_purchased":["Mind Blast","Prepared","Boot","Oddly Smooth Stone","Poisoned Stab","Finesse","Sucker Punch"],"campfire_rested":2,"item_purchase_floors":[4,4,29,29,29,29,29],"current_hp_per_floor":[57,55,69,69,69,66,66,66,66,55,58,58,53,53,53,21,70,70,70,44,44,27,27,15,15,15,15,15,15,15,7,28,16,70,70,58,45,39,39,39,39,39,39,39,39,29,50,50,50,7],"gold":171,"neow_bonus":"","is_prod":false,"is_daily":true,"chose_seed":false,"campfire_upgraded":6,"win_rate":0,"timestamp":1537286694,"path_taken":["M","M","?","$","M","M","M","?","T","?","E","R","M","M","R","BOSS","M","?","M","?","M","R","E","?","T","R","M","$","M","M","R","BOSS","M","M","M","?","?","R","E","$","T","M","M","?","R","M","R","BOSS"],"build_version":"2018-09-06","purchased_purges":0,"victory":true,"max_hp_per_floor":[70,70,70,70,70,70,70,70,70,70,70,70,70,70,70,70,70,70,70,70,70,70,70,70,70,70,70,70,70,70,70,70,70,70,70,70,70,70,70,70,70,70,70,70,70,70,70,70,70,70],"card_choices":[{"not_picked":["Calculated Gamble","Dodge and Roll"],"picked":"Leg Sweep","floor":1},{"not_picked":["Dash","Reflex"],"picked":"Predator","floor":2},{"not_picked":["Cloak And Dagger","Backflip"],"picked":"Endless Agony","floor":3},{"not_picked":["Choke","Venomology"],"picked":"Outmaneuver","floor":5},{"not_picked":["Dodge and Roll","Endless Agony"],"picked":"Acrobatics","floor":6},{"not_picked":["Deadly Poison","Acrobatics"],"picked":"All Out Attack","floor":7},{"not_picked":["Setup","Quick Slash"],"picked":"Envenom","floor":11},{"not_picked":["Flechettes","Deflect"],"picked":"Blur","floor":13},{"not_picked":["Catalyst","Backflip"],"picked":"Footwork","floor":14},{"not_picked":["Bullet Time","Envenom"],"picked":"Grand Finale","floor":16},{"not_picked":["Leg Sweep","Calculated Gamble"],"picked":"Dagger Throw","floor":18},{"not_picked":["Deadly Poison+1","Poisoned Stab"],"picked":"Slice","floor":20},{"not_picked":["Underhanded Strike","Deflect"],"picked":"Adrenaline","floor":21},{"not_picked":["Blade Dance","Cloak And Dagger"],"picked":"Bane+1","floor":22},{"not_picked":["Flying Knee","Blade Dance"],"picked":"Distraction","floor":24},{"not_picked":["Deadly Poison","Bane"],"picked":"Burst","floor":28},{"not_picked":["Dodge and Roll+1","Cloak And Dagger"],"picked":"Reflex","floor":30},{"not_picked":["Underhanded Strike","Dagger Throw"],"picked":"Corpse Explosion","floor":31},{"not_picked":["Unload","Doppelganger"],"picked":"Adrenaline","floor":33},{"not_picked":["Heel Hook","Dodge and Roll"],"picked":"Slice","floor":34},{"not_picked":["Deadly Poison","Accuracy"],"picked":"Outmaneuver","floor":34},{"not_picked":["Dagger Throw+1","Poisoned Stab+1"],"picked":"Slice","floor":34},{"not_picked":["Footwork","Blade Dance"],"picked":"Quick Slash","floor":34},{"not_picked":["Well Laid Plans+1","Blade Dance+1"],"picked":"Noxious Fumes","floor":34},{"not_picked":["Underhanded Strike+1","Backflip+1"],"picked":"Distraction","floor":35},{"not_picked":["Dodge and Roll","Poisoned Stab"],"picked":"Tools of the Trade","floor":36},{"not_picked":["Blade Dance","Dagger Throw"],"picked":"Noxious Fumes+1","floor":37},{"not_picked":["Catalyst","Poisoned Stab+1"],"picked":"Reflex+1","floor":38},{"not_picked":["PiercingWail+1","Poisoned Stab"],"picked":"Dagger Spray+1","floor":41},{"not_picked":["Cloak And Dagger+1","Flying Knee"],"picked":"Riddle With Holes+1","floor":44},{"not_picked":["Acrobatics","Backflip"],"picked":"Tactician","floor":45},{"not_picked":["Finesse","Thinking Ahead"],"picked":"Apotheosis","floor":46},{"not_picked":["Flash of Steel","Madness"],"picked":"Deep Breath","floor":46},{"not_picked":["Bandage Up","Good Instincts"],"picked":"Metamorphosis","floor":46},{"not_picked":["Accuracy+1","Flying Knee"],"picked":"Outmaneuver+1","floor":48}],"player_experience":366371,"relics_obtained":[{"floor":9,"key":"Snake Skull"},{"floor":11,"key":"Shuriken"},{"floor":24,"key":"Anchor"},{"floor":26,"key":"The Courier"},{"floor":38,"key":"Unceasing Top"},{"floor":41,"key":"Matryoshka"},{"floor":43,"key":"MawBank"},{"floor":43,"key":"Mummified Hand"}],"event_choices":[{"event_name":"The Cleric","player_choice":"Leave","floor":8,"damage_taken":0},{"event_name":"World of Goop","player_choice":"Gather Gold","floor":10,"damage_taken":0},{"event_name":"Purifier","player_choice":"One Purge","floor":19,"damage_taken":0},{"event_name":"Cursed Tome","player_choice":"Ignored","floor":25,"damage_taken":0},{"event_name":"Mysterious Sphere","player_choice":"Fight","floor":38,"damage_taken":0},{"event_name":"Tomb of Lord Red Mask","player_choice":"Paid","floor":39,"damage_taken":0},{"event_name":"SensoryStone","player_choice":"Memory 3","floor":46,"damage_taken":0}],"is_beta":false,"boss_relics":[{"not_picked":["Ectoplasm","Busted Crown"],"picked":"HoveringKite"},{"not_picked":["Snecko Eye","Tiny House"],"picked":"Orrery"}],"items_purged_floors":[],"is_endless":false,"potions_floor_spawned":[1,2,3,5,6,7,11,13,14,16,18,20,21,22,24,28,30,31,33,35,36,37,38,41,44,45,48],"ascension_level":0}