{"gold_per_floor":[109,120,135,52,65,98,118,118,118,118,118,128,148,73,73,150,150,129,141,157,157,157,157,157],"floor_reached":24,"playtime":1122,"items_purged":["Strike_R"],"score":400,"play_id":"7133d491-14f5-4a46-91b8-48ddf3bfdf45","local_time":"20190527160413","is_ascension_mode":true,"campfire_choices":[{"data":"Metallicize","floor":8.0,"key":"SMITH"},{"data":"Metallicize","floor":10.0,"key":"SMITH"},{"floor":15.0,"key":"REST"},{"floor":23,"key":"REST"}],"neow_cost":"TEN_PERCENT_HP_LOSS","seed_source_timestamp":150391332911955,"circlet_count":0,"master_deck":["AscendersBane","Strike_R","Strike_R","Strike_R","Defend_R","Defend_R","Defend_R","Bash","Carnage","Shrug It Off","Metallicize+1","Battle Trance","Pommel Strike","Metallicize+1","Sever Soul","Juggernaut","Iron Wave","Flame Barrier","Demon Form","True Grit","Pommel Strike","Armaments","J.A.X."],"special_seed":0,"relics":["Burning Blood","Red Skull","Bottled Lightning","Busted Crown"],"potions_floor_usage":[],"damage_taken":[{"damage":8.0,"enemies":"Cultist","floor":1.0,"turns":5.0},{"damage":2.0,"enemies":"Jaw Worm","floor":2.0,"turns":3.0},{"damage":2.0,"enemies":"2 Louse","floor":3.0,"turns":3.0},{"damage":7.0,"enemies":"Blue Slaver","floor":5.0,"turns":3.0},{"damage":36.0,"enemies":"Lagavulin","floor":6.0,"turns":6.0},{"damage":1.0,"enemies":"2 Fungi Beasts","floor":7.0,"turns":5.0},{"damage":11.0,"enemies":"Lots of Slimes","floor":12.0,"turns":5.0},{"damage":4.0,"enemies":"Blue Slaver","floor":13.0,"turns":4.0},{"damage":26.0,"enemies":"The Guardian","floor":16.0,"turns":12.0},{"damage":7.0,"enemies":"2 Thieves","floor":18.0,"turns":4.0},{"damage":11.0,"enemies":"Spheric Guardian","floor":19.0,"turns":7.0},{"damage":49,"enemies":"Chosen and Byrds","floor":20,"turns":6},{"damage":36,"enemies":"Snake Plant","floor":24,"turns":3}],"seed_played":"-5344209352813374713","potions_obtained":[{"floor":1.0,"key":"Strength Potion"},{"floor":5.0,"key":"SkillPotion"},{"floor":6.0,"key":"Dexterity Potion"}],"is_trial":false,"path_per_floor":["M","M","M","$","M","E","M","R","T","R","?","M","M","$","R","B",null,"M","M","M","?","?","R","M"],"character_chosen":"IRONCLAD","items_purchased":["Battle Trance"],"campfire_rested":2,"item_purchase_floors":[4],"current_hp_per_floor":[66,68,68,68,67,37,42,42,42,42,42,37,39,39,59,39,61,60,55,12,12,12,32,0],"gold":157,"neow_bonus":"REMOVE_TWO","is_prod":false,"is_daily":false,"chose_seed":false,"campfire_upgraded":2,"win_rate":0,"timestamp":1558998253,"path_taken":["M","M","M","$","M","E","M","R","T","R","?","M","?","$","R","BOSS","M","M","M","?","?","R","M"],"build_version":"2019-01-23","purchased_purges":1,"victory":false,"max_hp_per_floor":[68,68,68,68,68,68,68,68,68,68,68,68,68,68,68,68,68,68,68,68,68,68,68,68],"card_choices":[{"not_picked":["Pummel","Headbutt"],"picked":"Carnage","floor":1.0},{"not_picked":["Rampage","Dropkick"],"picked":"Shrug It Off","floor":2.0},{"not_picked":["Disarm","Thunderclap"],"picked":"Metallicize","floor":3.0},{"not_picked":["Rampage","Shockwave"],"picked":"Pommel Strike","floor":5.0},{"not_picked":["Clash","Iron Wave"],"picked":"Metallicize","floor":6.0},{"not_picked":["Sword Boomerang","Heavy Blade"],"picked":"Sever Soul","floor":7.0},{"not_picked":["Burning Pact","Thunderclap","Sword Boomerang"],"picked":"SKIP","floor":12.0},{"not_picked":["Seeing Red","Clothesline"],"picked":"Flame Barrier","floor":13.0},{"not_picked":["Limit Break","Barricade"],"picked":"Demon Form","floor":16.0},{"not_picked":[],"picked":"True Grit","floor":18.0},{"not_picked":[],"picked":"Pommel Strike","floor":19.0},{"not_picked":[],"picked":"Armaments","floor":20}],"player_experience":780344,"relics_obtained":[{"floor":6.0,"key":"Red Skull"},{"floor":9.0,"key":"Bottled Lightning"}],"event_choices":[{"damage_healed":0.0,"max_hp_gain":0.0,"max_hp_loss":0.0,"gold_gain":0.0,"event_name":"Match and Keep!","player_choice":"2 cards matched","floor":11.0,"gold_loss":0.0,"damage_taken":0.0,"cards_obtained":["Juggernaut","Iron Wave"]},{"damage_healed":0,"gold_gain":0,"player_choice":"Ignored","damage_taken":0,"max_hp_gain":0,"max_hp_loss":0,"event_name":"Vampires","floor":21,"gold_loss":0},{"damage_healed":0,"gold_gain":0,"player_choice":"Obtain J.A.X.","damage_taken":0,"max_hp_gain":0,"max_hp_loss":0,"event_name":"Drug Dealer","floor":22,"gold_loss":0,"cards_obtained":["J.A.X."]}],"is_beta":false,"boss_relics":[{"not_picked":["Philosopher\u0027s Stone","Calling Bell"],"picked":"Busted Crown"}],"items_purged_floors":[14],"is_endless":false,"potions_floor_spawned":[1,5,6,16,19],"killed_by":"Snake Plant","ascension_level":20}