{"gold_per_floor":[109,120,140,155,165,165,177,206,233,233,266,266,280,280,280,385,385,371,371,471,483,498,498,498,511,535,151,151],"floor_reached":28,"playtime":2012,"items_purged":["Perfected Strike"],"score":244,"play_id":"77fa5400-5783-479a-8d53-62ad5708e55e","local_time":"20190708004011","is_ascension_mode":true,"campfire_choices":[{"data":"Combust","floor":6,"key":"SMITH"},{"floor":10,"key":"REST"},{"floor":12,"key":"REST"},{"data":"Corruption","floor":15,"key":"SMITH"},{"floor":23,"key":"REST"}],"neow_cost":"NONE","seed_source_timestamp":146364680895000,"circlet_count":0,"master_deck":["Strike_R+1","Strike_R+1","Strike_R+1","Strike_R+1","Strike_R+1","Defend_R+1","Defend_R+1","Bash","Perfected Strike","Uppercut","Combust+1","Clash","Perfected Strike","Corruption+1","Brutality","Warcry+1","Impervious+1","Carnage+1","Berserk","Flame Barrier","Perfected Strike+1"],"relics":["Burning Blood","Blood Vial","Pen Nib","Boot","Astrolabe","Juzu Bracelet","Molten Egg 2"],"potions_floor_usage":[],"damage_taken":[{"damage":0,"enemies":"Small Slimes","floor":1,"turns":3},{"damage":6,"enemies":"Cultist","floor":2,"turns":3},{"damage":6,"enemies":"Jaw Worm","floor":3,"turns":2},{"damage":21,"enemies":"Exordium Thugs","floor":4,"turns":4},{"damage":7,"enemies":"Red Slaver","floor":5,"turns":3},{"damage":9,"enemies":"Exordium Wildlife","floor":7,"turns":4},{"damage":29,"enemies":"3 Sentries","floor":8,"turns":5},{"damage":17,"enemies":"Gremlin Nob","floor":11,"turns":3},{"damage":1,"enemies":"2 Fungi Beasts","floor":13,"turns":3},{"damage":62,"enemies":"Hexaghost","floor":16,"turns":8},{"damage":25,"enemies":"2 Thieves","floor":18,"turns":4},{"damage":24,"enemies":"Chosen","floor":21,"turns":5},{"damage":41,"enemies":"Sentry and Sphere","floor":22,"turns":4},{"damage":32,"enemies":"Centurion and Healer","floor":25,"turns":5},{"damage":24,"enemies":"Chosen and Byrds","floor":28,"turns":4}],"seed_played":"-5416527763914321296","potions_obtained":[{"floor":2,"key":"GamblersBrew"},{"floor":4,"key":"Poison Potion"},{"floor":7,"key":"LiquidBronze"},{"floor":11,"key":"Strength Potion"},{"floor":25,"key":"Swift Potion"}],"is_trial":false,"path_per_floor":["M","M","M","M","M","R","M","E","T","R","E","R","M","?","R","B",null,"M","$","?","M","M","R","?","M","T","$","M"],"character_chosen":"IRONCLAD","items_purchased":["Molten Egg 2","Perfected Strike+1"],"campfire_rested":3,"item_purchase_floors":[27,27],"current_hp_per_floor":[88,88,88,73,72,72,69,46,46,72,63,88,88,88,88,32,88,69,69,69,53,20,46,46,22,22,22,0],"gold":151,"neow_bonus":"TEN_PERCENT_HP_BONUS","is_prod":false,"is_daily":false,"chose_seed":false,"campfire_upgraded":2,"win_rate":0,"timestamp":1562539211,"path_taken":["M","M","M","M","M","R","M","E","T","R","E","R","M","?","R","BOSS","M","$","?","?","M","R","?","M","T","$","M"],"build_version":"2019-07-05","purchased_purges":1,"victory":false,"max_hp_per_floor":[88,88,88,88,88,88,88,88,88,88,88,88,88,88,88,88,88,88,88,88,88,88,88,88,88,88,88,88],"card_choices":[{"not_picked":["Anger","Sword Boomerang"],"picked":"Perfected Strike","floor":1},{"not_picked":["True Grit","Warcry"],"picked":"Perfected Strike","floor":2},{"not_picked":["Pummel","Reckless Charge"],"picked":"Uppercut","floor":3},{"not_picked":["Power Through","Barricade"],"picked":"Combust","floor":4},{"not_picked":["Sever Soul","Headbutt"],"picked":"Clash","floor":5},{"not_picked":["Shrug It Off","Body Slam","Thunderclap"],"picked":"SKIP","floor":7},{"not_picked":["Rage","Rampage"],"picked":"Perfected Strike","floor":8},{"not_picked":["Perfected Strike","Disarm"],"picked":"Metallicize","floor":11},{"not_picked":["Sword Boomerang","Headbutt"],"picked":"Corruption","floor":13},{"not_picked":["Bludgeon","Juggernaut"],"picked":"Brutality","floor":16},{"not_picked":["Pummel+1","Anger","Flex"],"picked":"SKIP","floor":18},{"not_picked":["Dropkick","Clothesline","Wild Strike"],"picked":"SKIP","floor":21},{"not_picked":["Perfected Strike","Body Slam"],"picked":"Berserk","floor":22},{"not_picked":["Hemokinesis","Wild Strike"],"picked":"Flame Barrier","floor":25}],"player_experience":24834,"relics_obtained":[{"floor":8,"key":"Blood Vial"},{"floor":9,"key":"Pen Nib"},{"floor":11,"key":"Boot"},{"floor":26,"key":"Juzu Bracelet"}],"event_choices":[{"damage_healed":0,"gold_gain":0,"player_choice":"Bought 0 Potions","damage_taken":0,"max_hp_gain":0,"max_hp_loss":0,"event_name":"The Woman in Blue","floor":14,"gold_loss":0},{"damage_healed":0,"gold_gain":100,"player_choice":"Pray","damage_taken":0,"max_hp_gain":0,"max_hp_loss":0,"event_name":"Golden Shrine","floor":20,"gold_loss":0},{"damage_healed":0,"gold_gain":0,"player_choice":"Simplicity","damage_taken":0,"max_hp_gain":0,"max_hp_loss":0,"event_name":"Back to Basics","floor":24,"gold_loss":0,"cards_upgraded":["Strike_R","Strike_R","Strike_R","Strike_R","Strike_R","Defend_R","Defend_R"]}],"is_beta":false,"boss_relics":[{"not_picked":["Coffee Dripper","White Beast Statue"],"picked":"Astrolabe"}],"items_purged_floors":[27],"is_endless":false,"potions_floor_spawned":[2,4,7,11,18,25],"killed_by":"Chosen and Byrds","ascension_level":1}