{"gold_per_floor":[119,44,63,63,73,73,23,23,23,43,43,77,77,92,92,191,191,207,33,44,44,44,44,74,90,166,166,186,37,57,68,68,170,170,181,193,211,16,33,33,68,68,93,47,58,58,73,85,85,85],"floor_reached":51,"playtime":1416,"items_purged":["Defend_R","Defend_R"],"score":751,"play_id":"f481000b-8bdf-4d1e-952d-ebfc32baf868","local_time":"20190710023821","is_ascension_mode":false,"campfire_choices":[{"data":"Bash","floor":6,"key":"SMITH"},{"data":"Anger","floor":8,"key":"SMITH"},{"data":"Cleave","floor":11,"key":"SMITH"},{"data":"Anger","floor":15,"key":"SMITH"},{"data":"Clash","floor":23,"key":"SMITH"},{"data":"Twin Strike","floor":27,"key":"SMITH"},{"data":"Twin Strike","floor":32,"key":"SMITH"},{"data":"Thunderclap","floor":40,"key":"SMITH"},{"data":"Reckless Charge","floor":42,"key":"SMITH"},{"data":"Reaper","floor":46,"key":"SMITH"},{"data":"Headbutt","floor":49,"key":"SMITH"}],"neow_cost":"NONE","seed_source_timestamp":1270460452762,"circlet_count":0,"master_deck":["Strike_R","Strike_R+1","Strike_R","Strike_R","Strike_R","Defend_R+1","Bash+1","Cleave+1","Reckless Charge+1","Anger+1","Twin Strike+1","Thunderclap+1","Headbutt+1","Anger+1","Reaper+1","Clash+1","Twin Strike+1","Clothesline+1","Thunderclap+1","Thunderclap+1","Thunderclap+1","Reaper+1","Pommel Strike+1","Feed+1","Anger+1","Whirlwind+1","Burning Pact+1","Flex+1","Heavy Blade+1","Cleave+1","Uppercut+1","Pommel Strike+1","Immolate+1"],"relics":["Burning Blood","Red Skull","Bottled Flame","Shuriken","Philosopher\u0027s Stone","Molten Egg 2","Paper Frog","Blue Candle","Coffee Dripper","Brimstone","StoneCalendar","Lantern"],"potions_floor_usage":[12,37,50,50,50],"damage_taken":[{"damage":0,"enemies":"Small Slimes","floor":1,"turns":3},{"damage":6,"enemies":"Jaw Worm","floor":3,"turns":3},{"damage":0,"enemies":"Cultist","floor":5,"turns":2},{"damage":0,"enemies":"Large Slime","floor":10,"turns":3},{"damage":28,"enemies":"3 Sentries","floor":12,"turns":6},{"damage":1,"enemies":"Exordium Wildlife","floor":14,"turns":2},{"damage":36,"enemies":"The Guardian","floor":16,"turns":5},{"damage":15,"enemies":"Shell Parasite","floor":18,"turns":3},{"damage":11,"enemies":"Spheric Guardian","floor":20,"turns":3},{"damage":35,"enemies":"Slavers","floor":24,"turns":3},{"damage":16,"enemies":"Snake Plant","floor":25,"turns":2},{"damage":10,"enemies":"Sentry and Sphere","floor":28,"turns":3},{"damage":17,"enemies":"Shelled Parasite and Fungi","floor":30,"turns":2},{"damage":48,"enemies":"Snake Plant","floor":31,"turns":3},{"damage":46,"enemies":"Collector","floor":33,"turns":6},{"damage":20,"enemies":"3 Darklings","floor":35,"turns":3},{"damage":15,"enemies":"3 Shapes","floor":36,"turns":2},{"damage":37,"enemies":"Writhing Mass","floor":37,"turns":4},{"damage":0,"enemies":"Sphere and 2 Shapes","floor":39,"turns":2},{"damage":26,"enemies":"Reptomancer","floor":41,"turns":4},{"damage":0,"enemies":"Transient","floor":45,"turns":5},{"damage":31,"enemies":"Writhing Mass","floor":47,"turns":3},{"damage":0,"enemies":"Jaw Worm Horde","floor":48,"turns":2},{"damage":108,"enemies":"Awakened One","floor":50,"turns":6}],"seed_played":"-6198482819807656452","potions_obtained":[{"floor":5,"key":"Poison Potion"},{"floor":12,"key":"Dexterity Potion"},{"floor":20,"key":"SmokeBomb"},{"floor":28,"key":"SkillPotion"},{"floor":30,"key":"BloodPotion"},{"floor":37,"key":"SneckoOil"},{"floor":39,"key":"LiquidBronze"}],"is_trial":false,"path_per_floor":["M","$","M","?","M","R","$","R","T","M","R","E","?","M","R","B",null,"M","$","M","?","T","R","E","M","T","R","M","$","M","M","R","B",null,"M","M","M","$","M","R","E","R","T","$","M","R","M","M","R","B",null],"character_chosen":"IRONCLAD","items_purchased":["Twin Strike","Clash","Twin Strike","Reaper+1","Brimstone","Cleave+1"],"campfire_rested":0,"item_purchase_floors":[7,19,19,29,38,44],"current_hp_per_floor":[80,80,80,64,70,70,70,70,70,76,76,54,54,59,59,29,80,72,72,73,73,73,73,53,57,57,57,53,53,69,32,32,22,80,66,64,39,39,45,45,58,58,58,58,84,84,69,79,79,36],"gold":85,"neow_bonus":"RANDOM_COMMON_RELIC","is_prod":false,"is_daily":false,"chose_seed":false,"campfire_upgraded":11,"win_rate":0,"timestamp":1562747901,"path_taken":["M","$","M","?","M","R","$","R","T","M","R","E","?","M","R","BOSS","M","$","?","?","?","R","E","M","T","R","M","$","?","M","R","BOSS","M","M","M","$","M","R","E","R","T","$","M","R","M","M","R","BOSS"],"build_version":"2019-07-05","purchased_purges":2,"victory":true,"max_hp_per_floor":[80,80,80,80,80,80,80,80,80,80,80,80,80,80,80,80,80,80,80,80,80,80,80,80,80,80,80,80,80,80,80,80,80,80,80,84,84,84,84,84,84,84,84,84,84,84,84,84,84,84],"card_choices":[{"not_picked":["Wild Strike","Power Through"],"picked":"Cleave","floor":1},{"not_picked":["Body Slam","Hemokinesis"],"picked":"Reckless Charge","floor":3},{"not_picked":["Corruption","True Grit"],"picked":"Anger","floor":5},{"not_picked":["Dual Wield","Wild Strike"],"picked":"Thunderclap","floor":10},{"not_picked":["True Grit","Havoc"],"picked":"Headbutt","floor":12},{"not_picked":["Shrug It Off","Battle Trance"],"picked":"Anger","floor":14},{"not_picked":["Offering","Fiend Fire"],"picked":"Reaper","floor":16},{"not_picked":["Carnage","Iron Wave","True Grit"],"picked":"SKIP","floor":18},{"not_picked":["True Grit","Hemokinesis+1"],"picked":"Clothesline+1","floor":20},{"not_picked":["Juggernaut","Shrug It Off"],"picked":"Thunderclap+1","floor":24},{"not_picked":["Cleave+1","Carnage+1"],"picked":"Thunderclap+1","floor":25},{"not_picked":["Wild Strike+1","Body Slam+1"],"picked":"Thunderclap+1","floor":28},{"not_picked":["Rampage+1","Warcry+1","Burning Pact"],"picked":"SKIP","floor":30},{"not_picked":["Iron Wave+1","Searing Blow+1"],"picked":"Pommel Strike+1","floor":31},{"not_picked":["Double Tap","Barricade"],"picked":"Feed+1","floor":33},{"not_picked":["Sentinel+1","True Grit+1"],"picked":"Anger+1","floor":35},{"not_picked":["Anger+1","Sever Soul+1"],"picked":"Whirlwind+1","floor":36},{"not_picked":["Wild Strike+1","Dual Wield+1"],"picked":"Burning Pact+1","floor":37},{"not_picked":["Feel No Pain","Headbutt+1"],"picked":"Flex+1","floor":39},{"not_picked":["Clothesline+1","Offering"],"picked":"Heavy Blade+1","floor":41},{"not_picked":["Wild Strike+1","Pommel Strike+1"],"picked":"Uppercut+1","floor":45},{"not_picked":["Evolve+1","Twin Strike+1"],"picked":"Pommel Strike+1","floor":47},{"not_picked":["Headbutt+1","Warcry+1"],"picked":"Immolate+1","floor":48}],"player_experience":1548904,"relics_obtained":[{"floor":9,"key":"Bottled Flame"},{"floor":12,"key":"Shuriken"},{"floor":22,"key":"Molten Egg 2"},{"floor":24,"key":"Paper Frog"},{"floor":26,"key":"Blue Candle"},{"floor":41,"key":"StoneCalendar"},{"floor":43,"key":"Lantern"}],"event_choices":[{"damage_healed":0,"gold_gain":0,"player_choice":"Entered Light","damage_taken":16,"max_hp_gain":0,"max_hp_loss":0,"event_name":"Shining Light","floor":4,"gold_loss":0,"cards_upgraded":["Defend_R","Strike_R"]},{"cards_removed":["Defend_R"],"damage_healed":0,"gold_gain":0,"player_choice":"Purged","damage_taken":0,"max_hp_gain":0,"max_hp_loss":0,"event_name":"Purifier","floor":13,"gold_loss":0},{"damage_healed":0,"gold_gain":0,"player_choice":"Ignored","damage_taken":0,"max_hp_gain":0,"max_hp_loss":0,"event_name":"Vampires","floor":21,"gold_loss":0}],"is_beta":false,"boss_relics":[{"not_picked":["Velvet Choker","Mark of Pain"],"picked":"Philosopher\u0027s Stone"},{"not_picked":["Orrery","Eternal Feather"],"picked":"Coffee Dripper"}],"items_purged_floors":[2,19],"is_endless":false,"potions_floor_spawned":[5,12,20,28,30,33,37,39,45,48],"ascension_level":0}