{"gold_per_floor":[114,289,289,364,414,414,429,429,429,1,16,31,31,46,46,146,146,161,161,161],"floor_reached":20,"playtime":8256,"items_purged":[],"score":212,"play_id":"7b11e2d3-23ab-4a0d-8ab8-14f37e9b2ada","local_time":"20190311232727","daily_mods":["Allstar","Hoarder","Terminal"],"is_ascension_mode":false,"campfire_choices":[{"floor":6,"key":"REST"},{"data":"Apotheosis","floor":8,"key":"SMITH"},{"data":"Magnetism","floor":15,"key":"SMITH"}],"neow_cost":"","seed_source_timestamp":0,"circlet_count":0,"master_deck":["Defend_G","Defend_G","Defend_G","Defend_G","Defend_G","Strike_G","Strike_G","Strike_G","Strike_G","Strike_G","Survivor","Neutralize","Deep Breath","Deep Breath","Deep Breath","Blind","Blind","Blind","Magnetism+1","Magnetism","Magnetism","Impatience","Impatience","Impatience","Apotheosis+1","Apotheosis","Apotheosis","Quick Slash","Quick Slash","Quick Slash","Doubt","Doubt","Flying Knee","Flying Knee","Flying Knee","Deadly Poison","Deadly Poison","Deadly Poison","Finesse","Finesse","Finesse","Footwork","Footwork","Footwork","Crippling Poison","Crippling Poison","Crippling Poison","Acrobatics","Acrobatics","Acrobatics","Dagger Spray","Dagger Spray","Dagger Spray","Unload","Unload","Unload","Deflect","Deflect","Deflect","RitualDagger","RitualDagger","RitualDagger"],"special_seed":17967,"relics":["Ring of the Snake","Dream Catcher","Bottled Tornado","Boot","Tiny Chest","Eternal Feather"],"potions_floor_usage":[20,20],"damage_taken":[{"damage":5,"enemies":"Jaw Worm","floor":1,"turns":5},{"damage":0,"enemies":"Small Slimes","floor":7,"turns":3},{"damage":0,"enemies":"2 Louse","floor":11,"turns":3},{"damage":8,"enemies":"Exordium Wildlife","floor":12,"turns":6},{"damage":16,"enemies":"Exordium Thugs","floor":14,"turns":5},{"damage":15,"enemies":"The Guardian","floor":16,"turns":11},{"damage":15,"enemies":"Spheric Guardian","floor":18,"turns":6},{"damage":36,"enemies":"Colosseum Slavers","floor":20,"turns":3}],"seed_played":"8324277603862970171","potions_obtained":[{"floor":7,"key":"SpeedPotion"},{"floor":12,"key":"SkillPotion"},{"floor":16,"key":"Swift Potion"}],"is_trial":false,"path_per_floor":["M","?","?","?","T","R","M","R","T","$","M","M","$","M","R","B",null,"M","?","?"],"character_chosen":"THE_SILENT","items_purchased":["Boot","Tiny Chest","Finesse","Footwork"],"campfire_rested":1,"item_purchase_floors":[10,10,10,10],"current_hp_per_floor":[64,64,57,46,46,63,62,61,60,59,58,50,50,34,34,19,52,37,31,0],"gold":161,"neow_bonus":"","is_prod":false,"is_daily":true,"chose_seed":false,"campfire_upgraded":2,"win_rate":0,"timestamp":1552361247,"path_taken":["M","?","?","?","?","R","M","R","T","$","M","?","?","M","R","BOSS","M","?","?"],"build_version":"2019-01-23","purchased_purges":0,"victory":false,"max_hp_per_floor":[68,67,66,65,64,63,62,61,60,59,58,57,56,55,54,53,52,51,50,50],"card_choices":[{"not_picked":["Setup","PiercingWail"],"picked":"Quick Slash","floor":1},{"not_picked":["Choke","Terror"],"picked":"Flying Knee","floor":6},{"not_picked":["Quick Slash","Reflex"],"picked":"Deadly Poison","floor":7},{"not_picked":["All Out Attack","Flying Knee"],"picked":"Crippling Poison","floor":11},{"not_picked":["PiercingWail","Underhanded Strike"],"picked":"Acrobatics","floor":12},{"not_picked":["Choke","Flechettes"],"picked":"Dagger Spray","floor":14},{"not_picked":["Storm of Steel","Night Terror"],"picked":"Unload","floor":16},{"not_picked":["Outmaneuver","Poisoned Stab"],"picked":"Deflect","floor":18}],"player_experience":576906,"relics_obtained":[{"floor":5,"key":"Dream Catcher"},{"floor":9,"key":"Bottled Tornado"}],"event_choices":[{"damage_healed":0,"gold_gain":175,"player_choice":"AGREE","damage_taken":0,"max_hp_gain":0,"max_hp_loss":0,"event_name":"Liars Game","floor":2,"gold_loss":0,"cards_obtained":["Doubt"]},{"cards_removed":["Doubt"],"damage_healed":0,"gold_gain":0,"player_choice":"Card Removal","damage_taken":7,"max_hp_gain":0,"max_hp_loss":0,"event_name":"Golden Wing","floor":3,"gold_loss":0},{"damage_healed":0,"gold_gain":75,"player_choice":"Gather Gold","damage_taken":11,"max_hp_gain":0,"max_hp_loss":0,"event_name":"World of Goop","floor":4,"gold_loss":0},{"damage_healed":0,"gold_gain":0,"player_choice":"Joined the Cult","damage_taken":6,"max_hp_gain":0,"max_hp_loss":0,"event_name":"Nest","floor":19,"gold_loss":0,"cards_obtained":["RitualDagger"]},{"damage_healed":0,"gold_gain":0,"player_choice":"Fight","damage_taken":0,"max_hp_gain":0,"max_hp_loss":0,"event_name":"Colosseum","floor":20,"gold_loss":0}],"is_beta":false,"boss_relics":[{"not_picked":["Runic Dome","Busted Crown"],"picked":"Eternal Feather"}],"items_purged_floors":[],"is_endless":false,"potions_floor_spawned":[7,12,16],"killed_by":"Colosseum Slavers","ascension_level":0}