{"gold_per_floor":[114,129,129,304,16,16,16,31,31,46,61,61,61,61,61,161,161,161],"floor_reached":18,"playtime":650,"items_purged":[],"score":275,"play_id":"bd1a26e7-f174-44bd-ab30-f3c4d5775ea2","local_time":"20181109182637","daily_mods":["Shiny","Red Cards","Lethality"],"is_ascension_mode":false,"campfire_choices":[{"floor":6,"key":"REST"},{"data":"Mayhem","floor":13,"key":"SMITH"},{"data":"Adrenaline","floor":15,"key":"SMITH"}],"neow_cost":"","seed_source_timestamp":0,"circlet_count":0,"master_deck":["Double Tap","Demon Form","Bludgeon","Feed+1","Limit Break","Barricade","Fiend Fire","Dark Embrace","Berserk","Impervious","Juggernaut","Brutality","Reaper","Exhume","Offering","Immolate","Venomology","Corpse Explosion","Malaise","Phantasmal Killer","Die Die Die","Adrenaline+1","Envenom","Doppelganger+1","Burst","Wraith Form v2","Tools of the Trade","Night Terror","Unload","After Image+1","Bullet Time","Storm of Steel","Glass Knife","A Thousand Cuts","Grand Finale","Anger","Die Die Die","Doubt","Mayhem+1","Metallicize","Seeing Red","Thunderclap","Flex","Evolve","Regret","Adrenaline","Reflex","Flame Barrier","Underhanded Strike","Iron Wave","Shrug It Off"],"special_seed":17844,"relics":["Ring of the Snake","Pear","Mummified Hand","Orrery"],"potions_floor_usage":[10,16,16,16],"damage_taken":[{"damage":25,"enemies":"2 Louse","floor":1,"turns":3},{"damage":13,"enemies":"Small Slimes","floor":2,"turns":2},{"damage":6,"enemies":"Cultist","floor":8,"turns":3},{"damage":30,"enemies":"Looter","floor":10,"turns":3},{"damage":0,"enemies":"2 Fungi Beasts","floor":11,"turns":1},{"damage":2,"enemies":"Hexaghost","floor":16,"turns":4},{"damage":90,"enemies":"3 Byrds","floor":18,"turns":2}],"seed_played":"-5248013741423723196","potions_obtained":[{"floor":7,"key":"Poison Potion"},{"floor":7,"key":"Regen Potion"},{"floor":7,"key":"Dexterity Potion"}],"is_trial":false,"path_per_floor":["M","M","?","?","$","R","?","M","T","M","M","?","R","?","R","B",null,"M"],"character_chosen":"THE_SILENT","items_purchased":["Mayhem","Metallicize","Seeing Red"],"campfire_rested":1,"item_purchase_floors":[5,5,5],"current_hp_per_floor":[45,35,20,20,20,41,41,44,54,33,47,47,47,47,47,45,87,0],"gold":161,"neow_bonus":"","is_prod":false,"is_daily":true,"chose_seed":false,"campfire_upgraded":2,"win_rate":0,"timestamp":1541805997,"path_taken":["M","M","?","?","$","R","?","M","T","M","?","?","R","?","R","BOSS","M"],"build_version":"2018-11-08","purchased_purges":0,"victory":false,"max_hp_per_floor":[70,73,73,73,73,73,73,77,87,87,87,87,87,87,87,87,87,87],"card_choices":[{"not_picked":["Shrug It Off","Clash"],"picked":"Anger","floor":1},{"not_picked":["Cloak And Dagger","Disarm"],"picked":"Die Die Die","floor":2},{"not_picked":["Blade Dance","Perfected Strike"],"picked":"Thunderclap","floor":8},{"not_picked":["Slice","Wild Strike"],"picked":"Flex","floor":10},{"not_picked":["Slice","Bane"],"picked":"Evolve","floor":11},{"not_picked":["Malaise","Immolate"],"picked":"Adrenaline","floor":16},{"not_picked":["Underhanded Strike","Choke"],"picked":"Reflex","floor":17},{"not_picked":["Body Slam","Shrug It Off"],"picked":"Flame Barrier","floor":17},{"not_picked":["Anger","Flying Knee"],"picked":"Underhanded Strike","floor":17},{"not_picked":["Shockwave","Exhume"],"picked":"Iron Wave","floor":17},{"not_picked":["Flex","Anger"],"picked":"Shrug It Off","floor":17}],"player_experience":481169,"relics_obtained":[{"floor":9,"key":"Pear"}],"event_choices":[{"damage_healed":0,"gold_gain":0,"player_choice":"Entered Light","damage_taken":15,"max_hp_gain":0,"max_hp_loss":0,"event_name":"Shining Light","floor":3,"gold_loss":0,"cards_upgraded":["Doppelganger","Feed"]},{"damage_healed":0,"gold_gain":175,"player_choice":"AGREE","damage_taken":0,"max_hp_gain":0,"max_hp_loss":0,"event_name":"Liars Game","floor":4,"gold_loss":0,"cards_obtained":["Doubt"]},{"damage_healed":0,"gold_gain":0,"player_choice":"Got Potions","damage_taken":0,"max_hp_gain":0,"max_hp_loss":0,"event_name":"Lab","floor":7,"gold_loss":0},{"damage_healed":0,"gold_gain":0,"player_choice":"Box","damage_taken":0,"relics_obtained":["Mummified Hand"],"max_hp_gain":0,"max_hp_loss":0,"event_name":"Big Fish","floor":12,"gold_loss":0,"cards_obtained":["Regret"]},{"damage_healed":0,"gold_gain":0,"player_choice":"Grow","damage_taken":0,"max_hp_gain":0,"max_hp_loss":0,"event_name":"Living Wall","floor":14,"gold_loss":0,"cards_upgraded":["After Image"]}],"is_beta":false,"boss_relics":[{"not_picked":["Cursed Key","Busted Crown"],"picked":"Orrery"}],"items_purged_floors":[],"is_endless":false,"potions_floor_spawned":[10,11],"killed_by":"3 Byrds","ascension_level":0}