{"gold_per_floor":[114,129,129,37,37,37,67,67,67,97,162,177,207,222,222,322,322,337,337,322,337,337,337],"floor_reached":23,"playtime":1985,"items_purged":[],"score":209,"play_id":"9897e83d-32de-4df4-a72d-5c1e4e337600","local_time":"20190328220649","daily_mods":["SealedDeck","Uncertain Future","Elite Swarm"],"is_ascension_mode":false,"campfire_choices":[{"data":"Caltrops","floor":6,"key":"SMITH"},{"data":"A Thousand Cuts","floor":8,"key":"SMITH"},{"floor":15,"key":"REST"}],"neow_cost":"","seed_source_timestamp":0,"circlet_count":0,"master_deck":["PiercingWail","Dagger Throw+1","Calculated Gamble","Dagger Spray","Accuracy","Backflip","Slice","Backstab","Underhanded Strike","Dagger Spray+1","Footwork","Blade Dance","Caltrops+1","Deflect","A Thousand Cuts+1","Phantasmal Killer","Dodge and Roll","After Image","Poisoned Stab+1","Envenom","Tactician+1","Crippling Poison","Riddle With Holes+1","Decay"],"special_seed":17984,"relics":["Ring of the Snake","Meat on the Bone","Molten Egg 2","Blood Vial","Girya","Snecko Eye"],"potions_floor_usage":[10,16,16,21,23],"damage_taken":[{"damage":0,"enemies":"2 Louse","floor":1,"turns":1},{"damage":0,"enemies":"Small Slimes","floor":2,"turns":2},{"damage":12,"enemies":"3 Sentries","floor":7,"turns":4},{"damage":7,"enemies":"Lagavulin","floor":10,"turns":5},{"damage":0,"enemies":"Cultist","floor":12,"turns":3},{"damage":27,"enemies":"3 Sentries","floor":13,"turns":4},{"damage":8,"enemies":"Blue Slaver","floor":14,"turns":2},{"damage":33,"enemies":"Slime Boss","floor":16,"turns":7},{"damage":0,"enemies":"Spheric Guardian","floor":18,"turns":3},{"damage":17,"enemies":"2 Thieves","floor":20,"turns":4},{"damage":49,"enemies":"3 Cultists","floor":21,"turns":6},{"damage":23,"enemies":"Slavers","floor":23,"turns":1}],"seed_played":"5108199104389933622","potions_obtained":[{"floor":1,"key":"GhostInAJar"},{"floor":2,"key":"Ancient Potion"},{"floor":12,"key":"SpeedPotion"},{"floor":14,"key":"SkillPotion"},{"floor":18,"key":"PowerPotion"},{"floor":21,"key":"Explosive Potion"}],"is_trial":false,"path_per_floor":["M","M","?","$","?","R","E","R","T","E","?","M","E","M","R","B",null,"M","?","M","M","?","E"],"character_chosen":"THE_SILENT","items_purchased":["Caltrops","Deflect"],"campfire_rested":1,"item_purchase_floors":[4,4],"current_hp_per_floor":[70,70,56,56,56,56,44,44,44,37,37,39,26,32,53,34,70,70,70,53,18,18,0],"gold":337,"neow_bonus":"","is_prod":false,"is_daily":true,"chose_seed":false,"campfire_upgraded":2,"win_rate":0,"timestamp":1553825209,"path_taken":["M","M","?","$","?","R","E","R","T","E","?","M","E","M","R","BOSS","M","?","M","M","?","E"],"build_version":"2019-01-23","purchased_purges":0,"victory":false,"max_hp_per_floor":[70,70,70,70,70,70,70,70,70,70,70,70,70,70,70,70,70,70,70,70,70,70,70],"card_choices":[{"not_picked":["Prepared","Bane"],"picked":"Footwork","floor":1},{"not_picked":["PiercingWail","Expertise"],"picked":"Blade Dance","floor":2},{"not_picked":["Unload","Envenom"],"picked":"A Thousand Cuts","floor":7},{"not_picked":["Burst","Grand Finale+1"],"picked":"Phantasmal Killer","floor":10},{"not_picked":["Dagger Spray+1","Dagger Throw+1"],"picked":"Dodge and Roll","floor":12},{"not_picked":["Die Die Die+1","A Thousand Cuts"],"picked":"After Image","floor":13},{"not_picked":["Well Laid Plans","Masterful Stab+1"],"picked":"Poisoned Stab+1","floor":14},{"not_picked":["Die Die Die+1","A Thousand Cuts"],"picked":"Envenom","floor":16},{"not_picked":["All Out Attack+1","Dagger Spray+1"],"picked":"Tactician+1","floor":18},{"not_picked":["Cloak And Dagger","Acrobatics"],"picked":"Crippling Poison","floor":20},{"not_picked":["Flying Knee+1","Well Laid Plans"],"picked":"Riddle With Holes+1","floor":21}],"player_experience":585162,"relics_obtained":[{"floor":7,"key":"Meat on the Bone"},{"floor":9,"key":"Molten Egg 2"},{"floor":10,"key":"Blood Vial"},{"floor":13,"key":"Girya"}],"event_choices":[{"damage_healed":0,"gold_gain":0,"player_choice":"Entered Light","damage_taken":14,"max_hp_gain":0,"max_hp_loss":0,"event_name":"Shining Light","floor":3,"gold_loss":0,"cards_upgraded":["Dagger Throw","Dagger Spray"]},{"damage_healed":0,"gold_gain":0,"player_choice":"Leave","damage_taken":0,"max_hp_gain":0,"max_hp_loss":0,"event_name":"The Cleric","floor":5,"gold_loss":0},{"damage_healed":0,"gold_gain":65,"player_choice":"Gained Gold","damage_taken":0,"max_hp_gain":0,"max_hp_loss":0,"event_name":"Golden Wing","floor":11,"gold_loss":0},{"damage_healed":0,"gold_gain":0,"player_choice":"Simplicity","damage_taken":0,"max_hp_gain":0,"max_hp_loss":0,"event_name":"Back to Basics","floor":19,"gold_loss":0,"cards_upgraded":[]},{"damage_healed":0,"gold_gain":0,"player_choice":"Smashed Altar","damage_taken":0,"max_hp_gain":0,"max_hp_loss":0,"event_name":"Forgotten Altar","floor":22,"gold_loss":0,"cards_obtained":["Decay"]}],"is_beta":false,"boss_relics":[{"not_picked":["Busted Crown","Empty Cage"],"picked":"Snecko Eye"}],"items_purged_floors":[],"is_endless":false,"potions_floor_spawned":[1,2,12,14,18,21],"killed_by":"Slavers","ascension_level":0}