{"gold_per_floor":[118,134,134,151,169,195,211,211,211,211,246,16,26,26,26,26],"floor_reached":16,"playtime":956,"items_purged":["Strike_R"],"score":118,"play_id":"d9e5fcb6-e7aa-4de8-bfe4-2384b05c35f0","local_time":"20190707233108","is_ascension_mode":true,"campfire_choices":[{"floor":8,"key":"REST"},{"floor":10,"key":"REST"},{"floor":15,"key":"REST"}],"neow_cost":"NONE","seed_source_timestamp":143278513336100,"circlet_count":0,"master_deck":["Strike_R","Strike_R","Strike_R","Strike_R","Defend_R","Defend_R","Defend_R","Defend_R","Bash","Combust+1","Thunderclap","Perfected Strike","Bloodletting","Bloodletting","Corruption+1","Thunderclap","Double Tap","Feed"],"relics":["Burning Blood","Paper Frog","Bottled Tornado","Frozen Egg 2"],"potions_floor_usage":[],"damage_taken":[{"damage":3,"enemies":"Small Slimes","floor":1,"turns":3},{"damage":3,"enemies":"Cultist","floor":2,"turns":3},{"damage":8,"enemies":"2 Louse","floor":4,"turns":2},{"damage":3,"enemies":"Large Slime","floor":5,"turns":4},{"damage":29,"enemies":"3 Sentries","floor":6,"turns":4},{"damage":37,"enemies":"Exordium Thugs","floor":7,"turns":4},{"damage":35,"enemies":"Lagavulin","floor":11,"turns":5},{"damage":12,"enemies":"Exordium Wildlife","floor":13,"turns":2},{"damage":82,"enemies":"Hexaghost","floor":16,"turns":7}],"seed_played":"8197696423173066399","potions_obtained":[{"floor":1,"key":"Ancient Potion"},{"floor":7,"key":"Block Potion"},{"floor":11,"key":"Energy Potion"}],"is_trial":false,"path_per_floor":["M","M","?","M","M","E","M","R","T","R","E","$","M","?","R","B"],"character_chosen":"IRONCLAD","items_purchased":["Double Tap"],"campfire_rested":3,"item_purchase_floors":[12],"current_hp_per_floor":[88,88,88,86,88,65,34,60,60,86,57,57,51,51,77,0],"gold":26,"neow_bonus":"TEN_PERCENT_HP_BONUS","is_prod":false,"is_daily":false,"chose_seed":false,"campfire_upgraded":0,"win_rate":0,"timestamp":1562535068,"path_taken":["M","M","?","M","M","E","M","R","T","R","E","$","?","?","R","BOSS"],"build_version":"2019-07-05","purchased_purges":1,"victory":false,"max_hp_per_floor":[88,88,88,88,88,88,88,88,88,88,88,88,88,88,88,88],"card_choices":[{"not_picked":["Seeing Red","Shrug It Off"],"picked":"Combust","floor":1},{"not_picked":["Warcry","Inflame"],"picked":"Thunderclap","floor":2},{"not_picked":["Armaments","Shrug It Off"],"picked":"Perfected Strike","floor":4},{"not_picked":["Body Slam","Shrug It Off"],"picked":"Bloodletting","floor":5},{"not_picked":["Juggernaut","Armaments"],"picked":"Bloodletting","floor":6},{"not_picked":["Shrug It Off","Anger"],"picked":"Corruption","floor":7},{"not_picked":["Bloodletting","Cleave"],"picked":"Thunderclap","floor":11},{"not_picked":["Flex","Body Slam"],"picked":"Feed","floor":13}],"player_experience":22016,"relics_obtained":[{"floor":6,"key":"Paper Frog"},{"floor":9,"key":"Bottled Tornado"},{"floor":11,"key":"Frozen Egg 2"}],"event_choices":[{"damage_healed":0,"gold_gain":0,"player_choice":"Upgraded","damage_taken":0,"max_hp_gain":0,"max_hp_loss":0,"event_name":"Upgrade Shrine","floor":3,"gold_loss":0,"cards_upgraded":["Combust"]},{"damage_healed":0,"gold_gain":0,"player_choice":"Grow","damage_taken":0,"max_hp_gain":0,"max_hp_loss":0,"event_name":"Living Wall","floor":14,"gold_loss":0,"cards_upgraded":["Corruption"]}],"is_beta":false,"boss_relics":[],"items_purged_floors":[12],"is_endless":false,"potions_floor_spawned":[1,7,11],"killed_by":"Hexaghost","ascension_level":1}