{"gold_per_floor":[113,129,141,112,122,148,148,148,222,222,237,237,248,314,314,314],"floor_reached":16,"playtime":1576,"items_purged":[],"score":102,"play_id":"da4cc3c3-200c-4592-82f6-c66b2bf5f8c7","local_time":"20190707203905","is_ascension_mode":false,"campfire_choices":[{"data":"Metallicize","floor":10,"key":"SMITH"},{"floor":12,"key":"REST"},{"floor":15,"key":"REST"}],"neow_cost":"NONE","seed_source_timestamp":261357086222940,"circlet_count":0,"master_deck":["Strike_R","Strike_R","Strike_R","Strike_R","Strike_R","Defend_R","Defend_R","Defend_R","Defend_R","Bash","Metallicize+1","Rage","Anger","Shrug It Off","Body Slam","Parasite","Cleave","Clothesline"],"relics":["Burning Blood","Incense Burner","Question Card"],"potions_floor_usage":[],"damage_taken":[{"damage":0,"enemies":"2 Louse","floor":1,"turns":4},{"damage":3,"enemies":"Small Slimes","floor":2,"turns":4},{"damage":10,"enemies":"Jaw Worm","floor":3,"turns":7},{"damage":11,"enemies":"Blue Slaver","floor":5,"turns":5},{"damage":55,"enemies":"Gremlin Nob","floor":6,"turns":6},{"damage":32,"enemies":"Lots of Slimes","floor":11,"turns":7},{"damage":19,"enemies":"Large Slime","floor":13,"turns":8},{"damage":67,"enemies":"Hexaghost","floor":16,"turns":14}],"seed_played":"-1378646361140254941","potions_obtained":[{"floor":3,"key":"Dexterity Potion"},{"floor":6,"key":"PowerPotion"},{"floor":11,"key":"SteroidPotion"}],"is_trial":false,"path_per_floor":["M","M","M","?","M","E","?","?","T","R","M","R","M","?","R","B"],"character_chosen":"IRONCLAD","items_purchased":[],"campfire_rested":2,"item_purchase_floors":[],"current_hp_per_floor":[88,88,84,84,79,30,52,52,52,52,26,52,39,39,65,0],"gold":314,"neow_bonus":"TEN_PERCENT_HP_BONUS","is_prod":false,"is_daily":false,"chose_seed":false,"campfire_upgraded":1,"win_rate":0.0,"timestamp":1562567945,"path_taken":["M","M","M","?","M","E","?","?","T","R","M","R","M","?","R","BOSS"],"build_version":"2019-07-05","purchased_purges":0,"victory":false,"max_hp_per_floor":[88,88,88,88,88,88,88,88,88,88,88,88,88,88,88,88],"card_choices":[{"not_picked":["Sword Boomerang","Anger"],"picked":"Metallicize","floor":1},{"not_picked":["Combust","Metallicize"],"picked":"Rage","floor":2},{"not_picked":["Cleave","Inflame"],"picked":"Anger","floor":3},{"not_picked":["Armaments","Battle Trance"],"picked":"Shrug It Off","floor":5},{"not_picked":["Clothesline","Hemokinesis"],"picked":"Body Slam","floor":6},{"not_picked":["Shockwave","Twin Strike","Flex"],"picked":"Cleave","floor":11},{"not_picked":["Armaments","Offering","Twin Strike"],"picked":"Clothesline","floor":13}],"player_experience":3697,"relics_obtained":[{"floor":6,"key":"Incense Burner"},{"floor":9,"key":"Question Card"}],"event_choices":[{"damage_healed":0,"gold_gain":0,"player_choice":"Left Gold","damage_taken":0,"max_hp_gain":0,"max_hp_loss":0,"event_name":"World of Goop","floor":4,"gold_loss":29},{"damage_healed":22,"gold_gain":0,"player_choice":"Healed and dodged fight","damage_taken":0,"max_hp_gain":0,"max_hp_loss":0,"event_name":"Mushrooms","floor":7,"gold_loss":0,"cards_obtained":["Parasite"]},{"damage_healed":0,"gold_gain":0,"player_choice":"Ignored","damage_taken":0,"max_hp_gain":0,"max_hp_loss":0,"event_name":"Shining Light","floor":8,"gold_loss":0},{"damage_healed":0,"gold_gain":66,"player_choice":"Gained Gold","damage_taken":0,"max_hp_gain":0,"max_hp_loss":0,"event_name":"Golden Wing","floor":14,"gold_loss":0}],"is_beta":false,"boss_relics":[],"items_purged_floors":[],"is_endless":false,"potions_floor_spawned":[3,6,11,13],"killed_by":"Hexaghost","ascension_level":0}