{"gold_per_floor":[112,125,125,125,141,141,156,156,180,206,218,50,69,69,69,69],"floor_reached":16,"playtime":775,"items_purged":[],"score":179,"play_id":"9ec645f2-122d-4252-9fe2-68daa8a2ea36","local_time":"20190521202744","is_ascension_mode":true,"campfire_choices":[{"floor":6.0,"key":"DIG"},{"floor":8.0,"key":"DIG"},{"floor":15.0,"key":"DIG"}],"neow_cost":"CURSE","seed_source_timestamp":93825510634091,"circlet_count":0,"master_deck":["AscendersBane","Strike_R","Strike_R","Strike_R","Strike_R","Defend_R","Defend_R","Defend_R","Defend_R","Bash","Regret","Hemokinesis","Rupture","Iron Wave","Flame Barrier","Feed","Armaments","Bloodletting","Iron Wave"],"special_seed":0,"relics":["Burning Blood","Shovel","Juzu Bracelet","Incense Burner","Lantern","Ancient Tea Set","Odd Mushroom","Happy Flower","Bottled Flame"],"potions_floor_usage":[16,16],"damage_taken":[{"damage":10.0,"enemies":"Jaw Worm","floor":1.0,"turns":5.0},{"damage":12.0,"enemies":"Small Slimes","floor":2.0,"turns":3.0},{"damage":12.0,"enemies":"Cultist","floor":5.0,"turns":4.0},{"damage":11.0,"enemies":"3 Louse","floor":7.0,"turns":2.0},{"damage":19.0,"enemies":"The Mushroom Lair","floor":10.0,"turns":5.0},{"damage":11.0,"enemies":"Gremlin Gang","floor":11.0,"turns":5.0},{"damage":3.0,"enemies":"Exordium Wildlife","floor":13.0,"turns":2.0},{"damage":38,"enemies":"The Guardian","floor":16,"turns":13}],"seed_played":"-2671979125501330167","potions_obtained":[{"floor":2.0,"key":"Explosive Potion"},{"floor":5.0,"key":"Weak Potion"},{"floor":11.0,"key":"Dexterity Potion"}],"is_trial":false,"path_per_floor":["M","M","?","?","M","R","M","R","T","?","M","$","M","$","R","B"],"character_chosen":"IRONCLAD","items_purchased":["Happy Flower"],"campfire_rested":0,"item_purchase_floors":[12],"current_hp_per_floor":[64,58,58,53,47,47,42,42,42,32,31,31,37,37,37,0],"gold":69,"neow_bonus":"ONE_RARE_RELIC","is_prod":false,"is_daily":false,"chose_seed":false,"campfire_upgraded":0,"win_rate":0,"timestamp":1558495664,"path_taken":["M","M","?","?","M","R","M","R","T","?","M","$","M","?","R","BOSS"],"build_version":"2019-01-23","purchased_purges":0,"victory":false,"max_hp_per_floor":[75,75,75,75,75,75,75,75,75,78,82,82,85,85,85,85],"card_choices":[{"not_picked":["Cleave","Iron Wave"],"picked":"Hemokinesis","floor":1.0},{"not_picked":["Shockwave","Spot Weakness"],"picked":"Rupture","floor":2.0},{"not_picked":["Disarm","Warcry"],"picked":"Flame Barrier","floor":5.0},{"not_picked":["Feel No Pain","Pummel"],"picked":"Feed","floor":7.0},{"not_picked":["Dropkick","Heavy Blade"],"picked":"Armaments","floor":10.0},{"not_picked":["Burning Pact","Iron Wave"],"picked":"Bloodletting","floor":11.0},{"not_picked":["Fire Breathing","Wild Strike"],"picked":"Iron Wave","floor":13.0}],"player_experience":737421,"relics_obtained":[{"floor":6.0,"key":"Incense Burner"},{"floor":8.0,"key":"Lantern"},{"floor":9.0,"key":"Ancient Tea Set"},{"floor":10.0,"key":"Odd Mushroom"},{"floor":15.0,"key":"Bottled Flame"}],"event_choices":[{"damage_healed":0.0,"max_hp_gain":0.0,"max_hp_loss":0.0,"gold_gain":0.0,"cards_transformed":["Strike_R"],"event_name":"Living Wall","player_choice":"Change","floor":3.0,"gold_loss":0.0,"damage_taken":0.0,"cards_obtained":["Iron Wave"]},{"damage_healed":0.0,"max_hp_gain":0.0,"max_hp_loss":0.0,"gold_gain":0.0,"event_name":"Scrap Ooze","player_choice":"Success","floor":4.0,"gold_loss":0.0,"damage_taken":5.0,"relics_obtained":["Juzu Bracelet"]},{"damage_healed":0.0,"max_hp_gain":0.0,"max_hp_loss":0.0,"gold_gain":0.0,"event_name":"Mushrooms","player_choice":"Fought Mushrooms","floor":10.0,"gold_loss":0.0,"damage_taken":0.0}],"is_beta":false,"boss_relics":[],"items_purged_floors":[],"is_endless":false,"potions_floor_spawned":[2,5,11],"killed_by":"The Guardian","ascension_level":19}