{"gold_per_floor":[117,192,342,357,357,398,398,433,468,480,506,536,566,14,14,110,110,129,129,129,100,113,113,113],"floor_reached":24,"playtime":672,"items_purged":["Doubt"],"score":458,"play_id":"13d7284b-e20c-4c28-8b35-98a6cab64b6a","local_time":"20190621211611","is_ascension_mode":true,"campfire_choices":[{"data":"Zap","floor":7,"key":"SMITH"},{"floor":10,"key":"REST"},{"floor":15,"key":"REST"},{"data":"Loop","floor":23,"key":"SMITH"}],"neow_cost":"NONE","seed_source_timestamp":362868410986322,"circlet_count":0,"master_deck":["AscendersBane","Strike_B","Strike_B","Strike_B","Strike_B","Defend_B","Defend_B","Defend_B","Defend_B","Zap+1","Dualcast","Static Discharge","Sweeping Beam","Injury","Glacier","Barrage","Sunder","Melter","Beam Cell+1","Echo Form","Loop+1","Compile Driver+1","Conserve Battery"],"relics":["Cracked Core","NeowsBlessing","Bloody Idol","Ancient Tea Set","MawBank","Boot","Molten Egg 2","Bronze Scales","Eternal Feather"],"potions_floor_usage":[16,24,24],"damage_taken":[{"damage":0,"enemies":"Small Slimes","floor":1,"turns":1},{"damage":0,"enemies":"2 Louse","floor":4,"turns":1},{"damage":0,"enemies":"Gremlin Nob","floor":6,"turns":1},{"damage":30,"enemies":"Lagavulin","floor":8,"turns":7},{"damage":0,"enemies":"Jaw Worm","floor":11,"turns":3},{"damage":8,"enemies":"2 Fungi Beasts","floor":12,"turns":3},{"damage":2,"enemies":"Looter","floor":13,"turns":3},{"damage":32,"enemies":"Hexaghost","floor":16,"turns":7},{"damage":22,"enemies":"Chosen","floor":18,"turns":4},{"damage":6,"enemies":"Spheric Guardian","floor":22,"turns":3},{"damage":54,"enemies":"Slavers","floor":24,"turns":2}],"seed_played":"-2738921437687326506","potions_obtained":[{"floor":1,"key":"LiquidBronze"},{"floor":6,"key":"SpeedPotion"},{"floor":8,"key":"SkillPotion"},{"floor":18,"key":"Fire Potion"},{"floor":20,"key":"FocusPotion"}],"is_trial":false,"path_per_floor":["M","?","?","M","?","E","R","E","T","R","M","M","M","$","R","B",null,"M","?","?","$","M","R","E"],"character_chosen":"DEFECT","items_purchased":["Molten Egg 2","Bronze Scales","Beam Cell+1","Compile Driver+1"],"campfire_rested":2,"item_purchase_floors":[14,14,14,21],"current_hp_per_floor":[64,53,53,53,53,53,53,23,23,44,44,36,34,34,55,23,59,37,37,37,37,36,48,0],"gold":113,"neow_bonus":"THREE_ENEMY_KILL","is_prod":false,"is_daily":false,"chose_seed":false,"campfire_upgraded":2,"win_rate":0,"timestamp":1561176971,"path_taken":["M","?","?","M","?","E","R","E","T","R","?","M","M","$","R","BOSS","M","?","?","$","M","R","E"],"build_version":"2019-01-23","purchased_purges":1,"victory":false,"max_hp_per_floor":[71,71,71,71,71,71,71,71,71,71,71,71,71,71,71,71,71,71,71,71,71,71,71,71],"card_choices":[{"not_picked":["Double Energy","Compile Driver"],"picked":"Static Discharge","floor":1},{"not_picked":["Reprogram","Steam"],"picked":"Sweeping Beam","floor":4},{"not_picked":["Reprogram","Steam"],"picked":"Glacier","floor":6},{"not_picked":["Redo","Hologram"],"picked":"Barrage","floor":8},{"not_picked":["Rip and Tear","Consume"],"picked":"Sunder","floor":11},{"not_picked":["Steam","Redo"],"picked":"Melter","floor":12},{"not_picked":["Turbo","Redo","Streamline"],"picked":"SKIP","floor":13},{"not_picked":["Buffer","Multi-Cast"],"picked":"Echo Form","floor":16},{"not_picked":["Melter+1","Reprogram+1"],"picked":"Loop","floor":18},{"not_picked":["Barrage+1","Steam"],"picked":"Conserve Battery","floor":22}],"player_experience":851959,"relics_obtained":[{"floor":6,"key":"Ancient Tea Set"},{"floor":8,"key":"MawBank"},{"floor":9,"key":"Boot"}],"event_choices":[{"damage_healed":0,"gold_gain":75,"player_choice":"Gather Gold","damage_taken":11,"max_hp_gain":0,"max_hp_loss":0,"event_name":"World of Goop","floor":2,"gold_loss":0},{"damage_healed":0,"gold_gain":150,"player_choice":"AGREE","damage_taken":0,"max_hp_gain":0,"max_hp_loss":0,"event_name":"Liars Game","floor":3,"gold_loss":0,"cards_obtained":["Doubt"]},{"damage_healed":0,"gold_gain":0,"player_choice":"Take Wound","damage_taken":0,"relics_obtained":["Golden Idol"],"max_hp_gain":0,"max_hp_loss":0,"event_name":"Golden Idol","floor":5,"gold_loss":0,"cards_obtained":["Injury"]},{"damage_healed":0,"gold_gain":0,"player_choice":"Gave Idol","damage_taken":0,"relics_obtained":["Bloody Idol"],"max_hp_gain":0,"max_hp_loss":0,"event_name":"Forgotten Altar","floor":19,"relics_lost":["Golden Idol"],"gold_loss":0},{"damage_healed":0,"gold_gain":0,"player_choice":"Got Potions","damage_taken":0,"max_hp_gain":0,"max_hp_loss":0,"event_name":"Lab","floor":20,"gold_loss":0}],"is_beta":false,"boss_relics":[{"not_picked":["Orrery","Runic Dome"],"picked":"Eternal Feather"}],"items_purged_floors":[14],"is_endless":false,"potions_floor_spawned":[1,6,8,18],"killed_by":"Slavers","ascension_level":20}