{"gold_per_floor":[119,129,129,145,158,158,189,189,215,247,267,267,295,72,72,147,147,160,160,170,220,232,232,245,245,270,283,153,153,188,207,207,207],"floor_reached":33,"playtime":1754,"items_purged":[],"score":554,"play_id":"7b98d9ce-378c-445a-8077-43c0e599d029","local_time":"20190616184511","is_ascension_mode":true,"campfire_choices":[{"data":"Neutralize","floor":6.0,"key":"SMITH"},{"floor":8.0,"key":"REST"},{"floor":12.0,"key":"REST"},{"data":"Blade Dance","floor":15.0,"key":"SMITH"},{"floor":23.0,"key":"REST"},{"floor":25.0,"key":"REST"},{"floor":29.0,"key":"REST"},{"floor":32,"key":"REST"}],"neow_cost":"NONE","seed_source_timestamp":317168780389290,"circlet_count":0,"master_deck":["AscendersBane","Defend_G+1","Defend_G","Defend_G","Defend_G+1","Defend_G","Strike_G","Strike_G","Strike_G","Strike_G","Survivor","Neutralize+1","Dash","Dagger Throw","Accuracy","Calculated Gamble","Malaise","Flying Knee","Choke","Blade Dance+1","Unload","All Out Attack","Calculated Gamble","Noxious Fumes","Dagger Throw","Cloak And Dagger","Sucker Punch+1"],"special_seed":0,"relics":["Ring of the Snake","NeowsBlessing","WarpedTongs","Bag of Marbles","Anchor","Odd Mushroom","Lee\u0027s Waffle","Empty Cage","Nloth\u0027s Gift","Dream Catcher","Bronze Scales","Happy Flower"],"potions_floor_usage":[30,33],"damage_taken":[{"damage":0.0,"enemies":"2 Louse","floor":1.0,"turns":1.0},{"damage":0.0,"enemies":"Cultist","floor":2.0,"turns":1.0},{"damage":1.0,"enemies":"Jaw Worm","floor":4.0,"turns":1.0},{"damage":14.0,"enemies":"Lots of Slimes","floor":5.0,"turns":5.0},{"damage":18.0,"enemies":"3 Sentries","floor":7.0,"turns":11.0},{"damage":12.0,"enemies":"Gremlin Nob","floor":10.0,"turns":6.0},{"damage":14.0,"enemies":"Large Slime","floor":11.0,"turns":6.0},{"damage":3.0,"enemies":"The Mushroom Lair","floor":13.0,"turns":5.0},{"damage":37.0,"enemies":"Slime Boss","floor":16.0,"turns":12.0},{"damage":23.0,"enemies":"2 Thieves","floor":18.0,"turns":4.0},{"damage":4.0,"enemies":"3 Byrds","floor":20.0,"turns":5.0},{"damage":13.0,"enemies":"3 Cultists","floor":22.0,"turns":5.0},{"damage":14.0,"enemies":"Shelled Parasite and Fungi","floor":24.0,"turns":5.0},{"damage":24.0,"enemies":"Chosen and Byrds","floor":27.0,"turns":9.0},{"damage":25,"enemies":"Book of Stabbing","floor":30,"turns":5},{"damage":17,"enemies":"Centurion and Healer","floor":31,"turns":5},{"damage":32,"enemies":"Collector","floor":33,"turns":6}],"seed_played":"352814550317057731","potions_obtained":[{"floor":1.0,"key":"FearPotion"},{"floor":5.0,"key":"Poison Potion"},{"floor":7.0,"key":"SneckoOil"},{"floor":10.0,"key":"SpeedPotion"},{"floor":13.0,"key":"Explosive Potion"},{"floor":18.0,"key":"Explosive Potion"},{"floor":24.0,"key":"GhostInAJar"}],"is_trial":false,"path_per_floor":["M","M","?","M","M","R","E","R","T","E","M","R","?","$","R","B",null,"M","?","M","?","M","R","M","R","T","M","?","R","E","M","R","B"],"character_chosen":"THE_SILENT","items_purchased":["Lee\u0027s Waffle"],"campfire_rested":6,"item_purchase_floors":[14],"current_hp_per_floor":[59,59,59,58,44,44,26,45,45,33,19,38,35,73,73,36,64,41,41,37,37,24,45,31,52,52,28,28,49,24,7,28,0],"gold":207,"neow_bonus":"THREE_ENEMY_KILL","is_prod":false,"is_daily":false,"chose_seed":false,"campfire_upgraded":2,"win_rate":0,"timestamp":1560735911,"path_taken":["M","M","?","?","M","R","E","R","T","E","?","R","?","$","R","BOSS","M","?","?","?","M","R","M","R","T","M","?","R","E","?","R","BOSS"],"build_version":"2019-01-23","purchased_purges":0,"victory":false,"max_hp_per_floor":[66,66,66,66,66,66,66,66,66,66,66,66,66,73,73,73,73,73,73,73,73,73,73,73,73,73,73,73,73,73,73,73,73],"card_choices":[{"not_picked":["Sucker Punch","Cloak And Dagger"],"picked":"Dash","floor":1.0},{"not_picked":["Bane","Bouncing Flask"],"picked":"Dagger Throw","floor":2.0},{"not_picked":["Reflex","Terror","Accuracy"],"picked":"SKIP","floor":4.0},{"not_picked":["Reflex","Terror"],"picked":"Accuracy","floor":4.0},{"not_picked":["PiercingWail","Prepared"],"picked":"Calculated Gamble","floor":5.0},{"not_picked":["Flechettes","Leg Sweep"],"picked":"Malaise","floor":7.0},{"not_picked":["Caltrops","Quick Slash"],"picked":"Flying Knee","floor":10.0},{"not_picked":["Crippling Poison","Expertise"],"picked":"Choke","floor":11.0},{"not_picked":["Deadly Poison","Poisoned Stab"],"picked":"Blade Dance","floor":13.0},{"not_picked":["Malaise","Grand Finale"],"picked":"Unload","floor":16.0},{"not_picked":["Dagger Spray","Acrobatics"],"picked":"All Out Attack","floor":18.0},{"not_picked":["Setup","Deadly Poison","Underhanded Strike"],"picked":"SKIP","floor":20.0},{"not_picked":["Poisoned Stab","Bouncing Flask","Quick Slash"],"picked":"SKIP","floor":22.0},{"not_picked":["Dagger Spray","Underhanded Strike"],"picked":"Calculated Gamble","floor":24.0},{"not_picked":["Flechettes","Bane"],"picked":"Noxious Fumes","floor":27.0},{"not_picked":["Venomology","Crippling Poison"],"picked":"Dagger Throw","floor":29.0},{"not_picked":["Well Laid Plans","Dagger Spray"],"picked":"Cloak And Dagger","floor":30},{"not_picked":["Predator","Flying Knee","Deadly Poison"],"picked":"SKIP","floor":31},{"not_picked":["Poisoned Stab","Bouncing Flask"],"picked":"Sucker Punch+1","floor":32}],"player_experience":839029,"relics_obtained":[{"floor":7.0,"key":"War Paint"},{"floor":9.0,"key":"Bag of Marbles"},{"floor":10.0,"key":"Anchor"},{"floor":13.0,"key":"Odd Mushroom"},{"floor":26.0,"key":"Dream Catcher"},{"floor":30,"key":"Happy Flower"}],"event_choices":[{"damage_healed":0.0,"max_hp_gain":0.0,"max_hp_loss":0.0,"gold_gain":0.0,"event_name":"Accursed Blacksmith","player_choice":"Rummage","floor":3.0,"gold_loss":0.0,"damage_taken":0.0,"relics_obtained":["WarpedTongs"],"cards_obtained":["Pain"]},{"damage_healed":0.0,"max_hp_gain":0.0,"max_hp_loss":0.0,"gold_gain":0.0,"event_name":"Mushrooms","player_choice":"Fought Mushrooms","floor":13.0,"gold_loss":0.0,"damage_taken":0.0},{"damage_healed":0.0,"max_hp_gain":0.0,"max_hp_loss":0.0,"gold_gain":0.0,"event_name":"N\u0027loth","player_choice":"Traded Relic","floor":19.0,"relics_lost":["War Paint"],"gold_loss":0.0,"damage_taken":0.0,"relics_obtained":["Nloth\u0027s Gift"]},{"damage_healed":0.0,"max_hp_gain":0.0,"max_hp_loss":0.0,"gold_gain":50.0,"event_name":"Nest","player_choice":"Stole From Cult","floor":21.0,"gold_loss":0.0,"damage_taken":0.0},{"damage_healed":0.0,"max_hp_gain":0.0,"max_hp_loss":0.0,"gold_gain":0.0,"event_name":"WeMeetAgain","player_choice":"Paid Gold","floor":28.0,"gold_loss":130.0,"damage_taken":0.0,"relics_obtained":["Bronze Scales"]}],"is_beta":false,"boss_relics":[{"not_picked":["Lizard Tail","Busted Crown"],"picked":"Empty Cage"}],"items_purged_floors":[],"is_endless":false,"potions_floor_spawned":[1,5,7,10,13,18,20,24,27],"killed_by":"Collector","ascension_level":20}