{"gold_per_floor":[114,114,114,129,1,31,31,46,46,46,61,236,236,251,251,251],"floor_reached":16,"playtime":4673,"items_purged":[],"score":100,"play_id":"04753f55-64ab-4430-a73f-5be371a43b15","local_time":"20181025152202","daily_mods":["SealedDeck","Blue Cards","Lethality"],"is_ascension_mode":false,"campfire_choices":[{"data":"Turbo","floor":7,"key":"SMITH"},{"data":"Feel No Pain","floor":10,"key":"SMITH"},{"floor":15,"key":"REST"}],"neow_cost":"","seed_source_timestamp":0,"circlet_count":0,"master_deck":["Chill","Clash","Steam","Chill","Clash","Reckless Charge","Anger","Sword Boomerang","Feel No Pain+1","Turbo+1","Shrug It Off","Cleave","Self Repair","Gash","Pummel","Warcry","Brutality","Doubt","Regret","Hello World"],"special_seed":17829,"relics":["Burning Blood","Singing Bowl","Bottled Lightning","Mummified Hand","PreservedInsect"],"potions_floor_usage":[16,16],"damage_taken":[{"damage":0,"enemies":"2 Louse","floor":1,"turns":1},{"damage":0,"enemies":"Small Slimes","floor":4,"turns":1},{"damage":12,"enemies":"Gremlin Nob","floor":6,"turns":4},{"damage":0,"enemies":"Jaw Worm","floor":8,"turns":1},{"damage":14,"enemies":"Lots of Slimes","floor":11,"turns":2},{"damage":3,"enemies":"Large Slime","floor":14,"turns":5},{"damage":87,"enemies":"Hexaghost","floor":16,"turns":7}],"seed_played":"-5760803722143185132","potions_obtained":[{"floor":6,"key":"GamblersBrew"},{"floor":14,"key":"Explosive Potion"}],"is_trial":false,"path_per_floor":["M","?","?","M","$","E","R","M","T","R","M","?","?","M","R"],"character_chosen":"IRONCLAD","items_purchased":["Self Repair","Gash"],"campfire_rested":1,"item_purchase_floors":[5,5],"current_hp_per_floor":[80,80,55,61,61,62,62,68,68,68,60,60,60,70,80,0],"gold":251,"neow_bonus":"","is_prod":false,"is_daily":true,"chose_seed":false,"campfire_upgraded":2,"win_rate":0,"timestamp":1540495322,"path_taken":["M","?","?","M","$","E","R","M","T","R","?","?","?","M","R","BOSS"],"build_version":"2018-10-18","purchased_purges":0,"victory":false,"max_hp_per_floor":[80,80,80,80,80,80,80,80,80,80,80,80,80,80,80,80],"card_choices":[{"not_picked":["Loop","Capacitor"],"picked":"Shrug It Off","floor":1},{"not_picked":["Capacitor","Stack"],"picked":"Cleave","floor":4},{"not_picked":["Heavy Blade","Pommel Strike"],"picked":"Pummel","floor":6},{"not_picked":["Rebound","Leap"],"picked":"Warcry","floor":8},{"not_picked":["Clothesline","Fusion"],"picked":"Brutality","floor":11},{"not_picked":["Beam Cell","Intimidate"],"picked":"Hello World","floor":14}],"player_experience":453866,"relics_obtained":[{"floor":6,"key":"Bottled Lightning"},{"floor":9,"key":"Mummified Hand"}],"event_choices":[{"damage_healed":0,"gold_gain":0,"player_choice":"Leave","damage_taken":0,"max_hp_gain":0,"max_hp_loss":0,"event_name":"The Cleric","floor":2,"gold_loss":0},{"damage_healed":0,"gold_gain":0,"player_choice":"Success","damage_taken":25,"relics_obtained":["Singing Bowl"],"max_hp_gain":0,"max_hp_loss":0,"event_name":"Scrap Ooze","floor":3,"gold_loss":0},{"damage_healed":0,"gold_gain":175,"player_choice":"AGREE","damage_taken":0,"max_hp_gain":0,"max_hp_loss":0,"event_name":"Liars Game","floor":12,"gold_loss":0,"cards_obtained":["Doubt"]},{"damage_healed":0,"gold_gain":0,"player_choice":"Box","damage_taken":0,"relics_obtained":["PreservedInsect"],"max_hp_gain":0,"max_hp_loss":0,"event_name":"Big Fish","floor":13,"gold_loss":0,"cards_obtained":["Regret"]}],"is_beta":false,"boss_relics":[],"items_purged_floors":[],"is_endless":false,"potions_floor_spawned":[6,14],"killed_by":"Hexaghost","ascension_level":0}