{"gold_per_floor":[118,118,118,193,29,55,74,74],"floor_reached":8,"playtime":898,"items_purged":["Strike_R"],"score":59,"play_id":"c1a62d7d-82bc-423a-bfc4-63f50148ac0d","local_time":"20190709171720","is_ascension_mode":true,"campfire_choices":[],"neow_cost":"NONE","seed_source_timestamp":0,"circlet_count":0,"master_deck":["Strike_R","Strike_R","Strike_R","Strike_R+1","Defend_R","Defend_R","Defend_R","Defend_R","Bash","Dramatic Entrance+1","Uppercut"],"special_seed":0,"relics":["Burning Blood","Anchor","Whetstone"],"potions_floor_usage":[8,8,8],"damage_taken":[{"damage":1.0,"enemies":"Cultist","floor":1.0,"turns":3.0},{"damage":31.0,"enemies":"Gremlin Nob","floor":6.0,"turns":5.0},{"damage":0.0,"enemies":"2 Louse","floor":7.0,"turns":2.0},{"damage":55,"enemies":"3 Sentries","floor":8,"turns":12}],"seed_played":"-1602241070436930415","potions_obtained":[{"floor":7.0,"key":"EntropicBrew"}],"is_trial":false,"path_per_floor":["M","?","?","?","$","E","M","E"],"character_chosen":"IRONCLAD","items_purchased":["Dramatic Entrance"],"campfire_rested":0,"item_purchase_floors":[5],"current_hp_per_floor":[88,85,85,74,74,49,55,0],"gold":74,"neow_bonus":"TEN_PERCENT_HP_BONUS","is_prod":false,"is_daily":false,"chose_seed":false,"campfire_upgraded":0,"win_rate":0,"timestamp":1562685440,"path_taken":["M","?","?","?","?","E","?","E"],"build_version":"2019-07-05","purchased_purges":1,"victory":false,"max_hp_per_floor":[88,88,88,88,88,88,88,88],"card_choices":[{"not_picked":["Sword Boomerang","Reckless Charge","Seeing Red"],"picked":"SKIP","floor":1.0},{"not_picked":["Sever Soul","Evolve"],"picked":"Uppercut","floor":6.0},{"not_picked":["Perfected Strike","Havoc","True Grit"],"picked":"SKIP","floor":7.0}],"player_experience":89872,"relics_obtained":[{"floor":6.0,"key":"Whetstone"}],"event_choices":[{"damage_healed":0.0,"max_hp_gain":0.0,"max_hp_loss":0.0,"gold_gain":0.0,"event_name":"Scrap Ooze","player_choice":"Success","floor":2.0,"gold_loss":0.0,"damage_taken":3.0,"relics_obtained":["Anchor"]},{"damage_healed":0.0,"max_hp_gain":0.0,"max_hp_loss":0.0,"gold_gain":0.0,"event_name":"Liars Game","player_choice":"Ignored","floor":3.0,"gold_loss":0.0,"damage_taken":0.0},{"damage_healed":0.0,"max_hp_gain":0.0,"max_hp_loss":0.0,"gold_gain":75.0,"event_name":"World of Goop","player_choice":"Gather Gold","floor":4.0,"gold_loss":0.0,"damage_taken":11.0}],"is_beta":false,"boss_relics":[],"items_purged_floors":[5],"is_endless":false,"potions_floor_spawned":[7],"killed_by":"3 Sentries","ascension_level":2}