{"gold_per_floor":[118,118,136,136,153,188,188,188,213,232,182,199,199,212,212,316,316,335,335,350,350],"floor_reached":21,"playtime":1494,"items_purged":[],"score":181,"play_id":"769f3308-08d7-4541-b5c6-557960dc412e","local_time":"20190706214813","is_ascension_mode":false,"campfire_choices":[{"data":"Heavy Blade","floor":8,"key":"SMITH"},{"floor":15,"key":"REST"}],"neow_cost":"NONE","seed_source_timestamp":1189013875583000,"circlet_count":0,"master_deck":["Strike_R","Strike_R","Strike_R+1","Strike_R","Strike_R","Defend_R","Defend_R","Bash+1","Impatience","Inflame","Heavy Blade+1","Flex","Clothesline","Clothesline","Thunderclap","Dropkick","Demon Form","Heavy Blade","Armaments","Whirlwind","Battle Trance","Searing Blow","Hemokinesis+1","Hemokinesis+1","Intimidate+1"],"relics":["Burning Blood","Lantern","Ancient Tea Set","Dodecahedron","Orrery"],"potions_floor_usage":[],"damage_taken":[{"damage":6,"enemies":"2 Louse","floor":1,"turns":3},{"damage":0,"enemies":"Small Slimes","floor":3,"turns":3},{"damage":1,"enemies":"Cultist","floor":5,"turns":3},{"damage":26,"enemies":"Lagavulin","floor":6,"turns":5},{"damage":8,"enemies":"Blue Slaver","floor":10,"turns":3},{"damage":7,"enemies":"Looter","floor":12,"turns":2},{"damage":41,"enemies":"Gremlin Gang","floor":14,"turns":5},{"damage":34,"enemies":"Hexaghost","floor":16,"turns":7},{"damage":10,"enemies":"3 Byrds","floor":18,"turns":3},{"damage":58,"enemies":"2 Thieves","floor":20,"turns":4},{"damage":31,"enemies":"Shelled Parasite and Fungi","floor":21,"turns":3}],"seed_played":"-1287592306403658669","potions_obtained":[{"floor":1,"key":"Weak Potion"},{"floor":5,"key":"Fire Potion"},{"floor":10,"key":"FearPotion"},{"floor":14,"key":"SpeedPotion"}],"is_trial":false,"path_per_floor":["M","?","M","?","M","E","?","R","T","M","?","M","T","M","R","B",null,"M","?","M","M"],"character_chosen":"IRONCLAD","items_purchased":[],"campfire_rested":1,"item_purchase_floors":[],"current_hp_per_floor":[80,64,70,70,75,55,60,60,60,58,58,57,57,22,47,19,85,81,81,29,0],"gold":350,"neow_bonus":"RANDOM_COLORLESS","is_prod":false,"is_daily":false,"chose_seed":false,"campfire_upgraded":1,"win_rate":0.0,"timestamp":1562417293,"path_taken":["M","?","M","?","?","E","?","R","T","M","?","M","?","M","R","BOSS","M","?","?","M"],"build_version":"2019-07-05","purchased_purges":0,"victory":false,"max_hp_per_floor":[80,80,80,80,80,80,85,85,85,85,85,85,85,85,85,85,85,85,85,85,85],"card_choices":[{"not_picked":["Combust","Heavy Blade"],"picked":"Inflame","floor":1},{"not_picked":["Twin Strike","Pummel"],"picked":"Heavy Blade","floor":3},{"not_picked":["Body Slam","Shrug It Off"],"picked":"Flex","floor":5},{"not_picked":["Whirlwind","Blood for Blood"],"picked":"Clothesline","floor":6},{"not_picked":["Feel No Pain","Dual Wield"],"picked":"Clothesline","floor":10},{"not_picked":["Twin Strike","Sever Soul"],"picked":"Thunderclap","floor":12},{"not_picked":["Shrug It Off","Offering"],"picked":"Dropkick","floor":14},{"not_picked":["Barricade","Limit Break"],"picked":"Demon Form","floor":16},{"not_picked":["Feel No Pain","Second Wind"],"picked":"Heavy Blade","floor":17},{"not_picked":["True Grit","Twin Strike"],"picked":"Armaments","floor":17},{"not_picked":["Twin Strike","True Grit"],"picked":"Whirlwind","floor":17},{"not_picked":["Armaments","Cleave"],"picked":"Battle Trance","floor":17},{"not_picked":["Warcry","Clash"],"picked":"Searing Blow","floor":17},{"not_picked":["Armaments","Inflame"],"picked":"Hemokinesis+1","floor":18},{"not_picked":["Iron Wave","Pummel"],"picked":"Intimidate+1","floor":20}],"player_experience":16856,"relics_obtained":[{"floor":6,"key":"Lantern"},{"floor":9,"key":"Ancient Tea Set"},{"floor":13,"key":"Dodecahedron"}],"event_choices":[{"damage_healed":0,"gold_gain":0,"player_choice":"Entered Light","damage_taken":16,"max_hp_gain":0,"max_hp_loss":0,"event_name":"Shining Light","floor":2,"gold_loss":0,"cards_upgraded":["Strike_R","Bash"]},{"cards_removed":["Defend_R"],"damage_healed":0,"gold_gain":0,"player_choice":"Card Removal","damage_taken":0,"max_hp_gain":0,"max_hp_loss":0,"event_name":"Wheel of Change","floor":4,"gold_loss":0},{"damage_healed":0,"gold_gain":0,"player_choice":"Donut","damage_taken":0,"max_hp_gain":5,"max_hp_loss":0,"event_name":"Big Fish","floor":7,"gold_loss":0},{"cards_removed":["Defend_R"],"damage_healed":0,"gold_gain":0,"player_choice":"Card Removal","damage_taken":0,"max_hp_gain":0,"max_hp_loss":0,"event_name":"The Cleric","floor":11,"gold_loss":50},{"damage_healed":0,"gold_gain":0,"player_choice":"Copied","damage_taken":0,"max_hp_gain":0,"max_hp_loss":0,"event_name":"Duplicator","floor":19,"gold_loss":0,"cards_obtained":["Hemokinesis"]}],"is_beta":false,"boss_relics":[{"not_picked":["Philosopher\u0027s Stone","Busted Crown"],"picked":"Orrery"}],"items_purged_floors":[],"is_endless":false,"potions_floor_spawned":[1,5,10,14,16],"killed_by":"Shelled Parasite and Fungi","ascension_level":0}