{"gold_per_floor":[112,112,125,135,155,155,183,202,225,150,150,168,168,233,233,233],"floor_reached":16,"playtime":753,"items_purged":["Strike_R"],"score":199,"play_id":"2c65a251-2ba4-42c9-9bc1-ea37b02c2eaa","local_time":"20190708122335","is_ascension_mode":true,"campfire_choices":[{"floor":6,"key":"REST"},{"floor":11,"key":"REST"},{"data":"Shockwave","floor":15,"key":"SMITH"}],"neow_cost":"NONE","seed_source_timestamp":313413072694098,"circlet_count":0,"master_deck":["AscendersBane","Strike_R","Strike_R","Strike_R","Strike_R","Defend_R","Defend_R","Defend_R","Defend_R","Bash","Shockwave+1","Inflame","Rampage","Pommel Strike","Twin Strike","Hemokinesis"],"special_seed":0,"relics":["Burning Blood","Potion Belt","Bronze Scales","Juzu Bracelet","Vajra"],"potions_floor_usage":[16,16,16],"damage_taken":[{"damage":7.0,"enemies":"Cultist","floor":1.0,"turns":4.0},{"damage":10,"enemies":"2 Louse","floor":3,"turns":2},{"damage":10,"enemies":"Small Slimes","floor":4,"turns":4},{"damage":9,"enemies":"Blue Slaver","floor":5,"turns":5},{"damage":22,"enemies":"Gremlin Nob","floor":7,"turns":4},{"damage":22,"enemies":"Exordium Thugs","floor":8,"turns":5},{"damage":9,"enemies":"Looter","floor":12,"turns":3},{"damage":33,"enemies":"The Guardian","floor":16,"turns":7}],"seed_played":"-8836232091217942332","potions_obtained":[{"floor":1.0,"key":"PowerPotion"},{"floor":3,"key":"GamblersBrew"},{"floor":7,"key":"Swift Potion"}],"is_trial":false,"path_per_floor":["M","?","M","M","M","R","E","M","T","$","R","M","?","?","R","B"],"character_chosen":"IRONCLAD","items_purchased":[],"campfire_rested":2,"item_purchase_floors":[],"current_hp_per_floor":[67,32,28,24,21,43,27,11,11,11,33,30,30,30,30,0],"gold":233,"neow_bonus":"RANDOM_COMMON_RELIC","is_prod":false,"is_daily":false,"chose_seed":false,"campfire_upgraded":1,"win_rate":0,"timestamp":1562603015,"path_taken":["M","?","M","M","M","R","E","M","T","$","R","M","?","?","R","BOSS"],"build_version":"2019-07-05","purchased_purges":1,"victory":false,"max_hp_per_floor":[75,75,75,75,75,75,75,75,75,75,75,75,75,75,75,75],"card_choices":[{"not_picked":["Wild Strike","Warcry"],"picked":"Shockwave","floor":1.0},{"not_picked":["Dual Wield","Warcry"],"picked":"Inflame","floor":3},{"not_picked":["Iron Wave","Feel No Pain"],"picked":"Rampage","floor":4},{"not_picked":["Intimidate","Metallicize"],"picked":"Pommel Strike","floor":5},{"not_picked":["Exhume","Anger"],"picked":"Twin Strike","floor":7},{"not_picked":["Pommel Strike","Armaments","Carnage"],"picked":"SKIP","floor":8},{"not_picked":["Blood for Blood","Havoc"],"picked":"Hemokinesis","floor":12}],"player_experience":2414681,"relics_obtained":[{"floor":7,"key":"Juzu Bracelet"},{"floor":9,"key":"Vajra"}],"event_choices":[{"damage_healed":0.0,"max_hp_gain":0.0,"max_hp_loss":0.0,"gold_gain":0.0,"event_name":"Scrap Ooze","player_choice":"Success","floor":2.0,"gold_loss":0.0,"damage_taken":35.0,"relics_obtained":["Bronze Scales"]},{"damage_healed":0,"gold_gain":0,"player_choice":"Ignored","damage_taken":0,"max_hp_gain":0,"max_hp_loss":0,"event_name":"Liars Game","floor":13,"gold_loss":0},{"damage_healed":0,"gold_gain":65,"player_choice":"Gained Gold","damage_taken":0,"max_hp_gain":0,"max_hp_loss":0,"event_name":"Golden Wing","floor":14,"gold_loss":0}],"is_beta":false,"boss_relics":[],"items_purged_floors":[10],"is_endless":false,"potions_floor_spawned":[1,3,7],"killed_by":"The Guardian","ascension_level":19}