{"gold_per_floor":[369,369,386,406,406,406,432,432,432,448,460,460,180,193,193,272,272,284,262,281,296,307,307,320,320,345,345,345,395,411,436,436,513,513,529,540,351,363,463,463,498,13,13,45,45,71,71,0,0,0],"floor_reached":51,"playtime":5007,"items_purged":["Pain","Strike_G","Strike_G"],"score":1477,"play_id":"0a4b9f73-bc82-414e-88c7-c4879190c9cd","local_time":"20190523194912","is_ascension_mode":true,"campfire_choices":[{"floor":6.0,"key":"REST"},{"data":"Neutralize","floor":8.0,"key":"SMITH"},{"floor":12.0,"key":"REST"},{"floor":15.0,"key":"REST"},{"floor":23.0,"key":"REST"},{"floor":25.0,"key":"REST"},{"floor":32.0,"key":"REST"},{"floor":40,"key":"DIG"},{"floor":45,"key":"DIG"},{"floor":49,"key":"DIG"}],"neow_cost":"CURSE","seed_source_timestamp":0,"circlet_count":0,"master_deck":["AscendersBane","Defend_G","Defend_G","Defend_G","Defend_G","Defend_G+1","Strike_G","Strike_G","Strike_G","Survivor","Neutralize+1","Sucker Punch","All Out Attack","Cloak And Dagger","Calculated Gamble","Cloak And Dagger","Footwork","Apotheosis","Backflip","After Image","Heel Hook","Blade Dance","Dodge and Roll+1","After Image","Caltrops+1","Glass Knife","After Image","Dash+1","Acrobatics","Infinite Blades","Dagger Throw+1","Blur","Noxious Fumes","Dash","Caltrops","Writhe"],"special_seed":0,"relics":["Ring of the Snake","WarpedTongs","Ornamental Fan","Bird Faced Urn","Sozu","PreservedInsect","War Paint","Fusion Hammer","Shovel","Regal Pillow","Centennial Puzzle","Shuriken","Question Card","Mango","Strawberry","Bronze Scales","Red Mask","Happy Flower"],"potions_floor_usage":[],"damage_taken":[{"damage":11.0,"enemies":"Small Slimes","floor":1.0,"turns":5.0},{"damage":6.0,"enemies":"Cultist","floor":3.0,"turns":5.0},{"damage":11.0,"enemies":"Jaw Worm","floor":4.0,"turns":4.0},{"damage":18.0,"enemies":"3 Sentries","floor":7.0,"turns":9.0},{"damage":12.0,"enemies":"Gremlin Gang","floor":10.0,"turns":5.0},{"damage":4.0,"enemies":"Large Slime","floor":11.0,"turns":6.0},{"damage":6.0,"enemies":"3 Louse","floor":14.0,"turns":2.0},{"damage":42.0,"enemies":"The Guardian","floor":16.0,"turns":16.0},{"damage":5.0,"enemies":"Shell Parasite","floor":18.0,"turns":6.0},{"damage":12.0,"enemies":"2 Thieves","floor":19.0,"turns":4.0},{"damage":12.0,"enemies":"Snecko","floor":20.0,"turns":9.0},{"damage":12.0,"enemies":"Chosen and Byrds","floor":21.0,"turns":8.0},{"damage":0.0,"enemies":"3 Cultists","floor":22.0,"turns":6.0},{"damage":24.0,"enemies":"Cultist and Chosen","floor":24.0,"turns":10.0},{"damage":1.0,"enemies":"Snake Plant","floor":30.0,"turns":6.0},{"damage":23.0,"enemies":"Slavers","floor":31.0,"turns":4.0},{"damage":49.0,"enemies":"Collector","floor":33.0,"turns":21.0},{"damage":18.0,"enemies":"3 Darklings","floor":35.0,"turns":6.0},{"damage":14.0,"enemies":"3 Shapes","floor":36.0,"turns":8.0},{"damage":2.0,"enemies":"Sphere and 2 Shapes","floor":38.0,"turns":8.0},{"damage":1,"enemies":"Mind Bloom Boss Battle","floor":39,"turns":8},{"damage":8,"enemies":"Giant Head","floor":41,"turns":8},{"damage":0,"enemies":"Nemesis","floor":44,"turns":7},{"damage":14,"enemies":"Giant Head","floor":46,"turns":6},{"damage":57,"enemies":"Time Eater","floor":50,"turns":12}],"seed_played":"-2851100568675364447","potions_obtained":[{"floor":1.0,"key":"Block Potion"},{"floor":7.0,"key":"Swift Potion"},{"floor":11.0,"key":"SkillPotion"}],"is_trial":false,"path_per_floor":["M","?","M","M","?","R","E","R","T","M","M","R","$","M","R","B",null,"M","M","M","M","M","R","M","R","T","?","?","?","M","E","R","B",null,"M","M","$","M","?","R","E","$","T","E","R","E","?","?","R","B",null],"character_chosen":"THE_SILENT","items_purchased":["Apotheosis","Infinite Blades","Shuriken","Noxious Fumes"],"campfire_rested":6,"item_purchase_floors":[13,37,42,42],"current_hp_per_floor":[48,48,42,31,31,49,31,31,31,19,15,33,33,27,45,5,49,48,36,28,20,24,42,22,40,40,40,40,40,45,30,48,7,49,41,37,37,47,58,58,55,55,55,77,84,70,84,84,84,41],"gold":0,"neow_bonus":"TWO_FIFTY_GOLD","is_prod":false,"is_daily":false,"chose_seed":false,"campfire_upgraded":1,"win_rate":0,"timestamp":1558666152,"path_taken":["M","?","?","M","?","R","E","R","T","?","M","R","$","M","R","BOSS","M","?","?","M","M","R","M","R","T","?","?","?","M","E","R","BOSS","M","M","$","M","?","R","E","$","T","E","R","E","?","?","R","BOSS"],"build_version":"2019-01-23","purchased_purges":3,"victory":true,"max_hp_per_floor":[66,63,63,63,63,63,63,63,63,63,63,63,63,63,63,63,63,63,63,63,63,63,63,63,63,63,63,63,63,63,63,63,63,63,63,63,63,63,63,63,63,63,63,77,84,84,84,84,84,84],"card_choices":[{"not_picked":["Predator","Endless Agony"],"picked":"Sucker Punch","floor":1.0},{"not_picked":["Backstab","Dodge and Roll"],"picked":"All Out Attack","floor":3.0},{"not_picked":["Quick Slash","Dodge and Roll"],"picked":"Cloak And Dagger","floor":4.0},{"not_picked":["Concentrate","Doppelganger"],"picked":"Calculated Gamble","floor":7.0},{"not_picked":["Slice","Prepared"],"picked":"Cloak And Dagger","floor":10.0},{"not_picked":["PiercingWail","Prepared"],"picked":"Footwork","floor":11.0},{"not_picked":["Quick Slash","Prepared"],"picked":"Backflip","floor":14.0},{"not_picked":["Glass Knife","A Thousand Cuts"],"picked":"After Image","floor":16.0},{"not_picked":["Flying Knee","Quick Slash"],"picked":"Heel Hook","floor":18.0},{"not_picked":["Masterful Stab","Prepared"],"picked":"Blade Dance","floor":19.0},{"not_picked":["Finisher","PiercingWail","Underhanded Strike"],"picked":"SKIP","floor":20.0},{"not_picked":["Bane","PiercingWail"],"picked":"Dodge and Roll","floor":21.0},{"not_picked":["Calculated Gamble","Acrobatics","Underhanded Strike"],"picked":"SKIP","floor":22.0},{"not_picked":["Sucker Punch","PiercingWail"],"picked":"After Image","floor":24.0},{"not_picked":["Calculated Gamble","All Out Attack"],"picked":"Caltrops+1","floor":30.0},{"not_picked":["Sucker Punch","Acrobatics"],"picked":"Glass Knife","floor":31.0},{"not_picked":["Malaise","Corpse Explosion"],"picked":"After Image","floor":33.0},{"not_picked":["Deadly Poison","Calculated Gamble"],"picked":"Dash+1","floor":35.0},{"not_picked":["Prepared","Outmaneuver"],"picked":"Acrobatics","floor":36.0},{"not_picked":["Quick Slash","Acrobatics"],"picked":"Dagger Throw+1","floor":38.0},{"not_picked":["Predator","Deflect"],"picked":"Blur","floor":39},{"not_picked":["Tactician+1","Masterful Stab","Outmaneuver"],"picked":"SKIP","floor":41},{"not_picked":["Flying Knee","Acrobatics+1","Slice"],"picked":"Dash","floor":44},{"not_picked":["Reflex","Tactician","Acrobatics"],"picked":"Caltrops","floor":46}],"player_experience":748134,"relics_obtained":[{"floor":7.0,"key":"Ornamental Fan"},{"floor":9.0,"key":"Bird Faced Urn"},{"floor":26.0,"key":"PreservedInsect"},{"floor":31.0,"key":"War Paint"},{"floor":39,"key":"Shovel"},{"floor":40,"key":"Regal Pillow"},{"floor":41,"key":"Centennial Puzzle"},{"floor":43,"key":"Question Card"},{"floor":44,"key":"Mango"},{"floor":45,"key":"Strawberry"},{"floor":46,"key":"Bronze Scales"},{"floor":49,"key":"Happy Flower"}],"event_choices":[{"cards_removed":["Parasite"],"damage_healed":0.0,"max_hp_gain":0.0,"max_hp_loss":0.0,"gold_gain":0.0,"event_name":"Fountain of Cleansing","player_choice":"Removed Curses","floor":2.0,"gold_loss":0.0,"damage_taken":0.0},{"damage_healed":0.0,"max_hp_gain":0.0,"max_hp_loss":0.0,"gold_gain":0.0,"event_name":"Accursed Blacksmith","player_choice":"Rummage","floor":5.0,"gold_loss":0.0,"damage_taken":0.0,"relics_obtained":["WarpedTongs"],"cards_obtained":["Pain"]},{"damage_healed":0.0,"max_hp_gain":0.0,"max_hp_loss":0.0,"gold_gain":0.0,"event_name":"Ghosts","player_choice":"Ignored","floor":27.0,"gold_loss":0.0,"damage_taken":0.0},{"damage_healed":0.0,"max_hp_gain":0.0,"max_hp_loss":0.0,"gold_gain":0.0,"event_name":"Vampires","player_choice":"Ignored","floor":28.0,"gold_loss":0.0,"damage_taken":0.0},{"damage_healed":0.0,"max_hp_gain":0.0,"max_hp_loss":0.0,"gold_gain":50.0,"event_name":"Nest","player_choice":"Stole From Cult","floor":29.0,"gold_loss":0.0,"damage_taken":0.0},{"damage_healed":0,"gold_gain":0,"player_choice":"Fight","damage_taken":0,"max_hp_gain":0,"max_hp_loss":0,"event_name":"MindBloom","floor":39,"gold_loss":0},{"damage_healed":17,"gold_gain":0,"player_choice":"Writhe","damage_taken":0,"max_hp_gain":0,"max_hp_loss":0,"event_name":"Winding Halls","floor":47,"gold_loss":0,"cards_obtained":["Writhe"]},{"damage_healed":0,"gold_gain":0,"player_choice":"Paid","damage_taken":0,"relics_obtained":["Red Mask"],"max_hp_gain":0,"max_hp_loss":0,"event_name":"Tomb of Lord Red Mask","floor":48,"gold_loss":71}],"is_beta":false,"boss_relics":[{"not_picked":["Cursed Key","Snecko Eye"],"picked":"Sozu"},{"not_picked":["White Beast Statue","Orrery"],"picked":"Fusion Hammer"}],"items_purged_floors":[13,37,42],"is_endless":false,"potions_floor_spawned":[1,7,11,18,20,22,38,39,44],"ascension_level":19}