{"gold_per_floor":[110,110,110,30,55,55,91,91,91,115,139,139,170,170,170,269,269,294,306,318,290],"floor_reached":21,"playtime":912,"items_purged":[],"score":510,"play_id":"f7e574ad-539e-4e90-8071-0f55f9b1d80d","local_time":"20190522221325","is_ascension_mode":true,"campfire_choices":[{"data":"Footwork","floor":6.0,"key":"SMITH"},{"data":"Noxious Fumes","floor":12.0,"key":"SMITH"},{"data":"Footwork","floor":15.0,"key":"SMITH"}],"neow_cost":"NONE","seed_source_timestamp":111316948237056,"circlet_count":0,"master_deck":["AscendersBane","Defend_G","Defend_G","Defend_G","Defend_G","Defend_G","Strike_G","Strike_G","Strike_G","Strike_G","Survivor","Neutralize","Cloak And Dagger","Injury","Footwork+1","Dash","Noxious Fumes+1","Backflip","Footwork+1","Leg Sweep","Wraith Form v2","Writhe","Parasite","Pain","Leg Sweep"],"special_seed":0,"relics":["Ring of the Snake","NeowsBlessing","Golden Idol","Bronze Scales","Art of War","Molten Egg 2","Calling Bell","MawBank","Darkstone Periapt","Gambling Chip"],"potions_floor_usage":[],"damage_taken":[{"damage":0.0,"enemies":"2 Louse","floor":1.0,"turns":1.0},{"damage":0.0,"enemies":"Small Slimes","floor":5.0,"turns":1.0},{"damage":0.0,"enemies":"3 Sentries","floor":7.0,"turns":2.0},{"damage":2.0,"enemies":"Jaw Worm","floor":10.0,"turns":4.0},{"damage":0.0,"enemies":"Exordium Thugs","floor":11.0,"turns":5.0},{"damage":35.0,"enemies":"Gremlin Nob","floor":13.0,"turns":6.0},{"damage":18.0,"enemies":"The Guardian","floor":16.0,"turns":12.0},{"damage":18.0,"enemies":"Chosen","floor":18.0,"turns":11.0},{"damage":43,"enemies":"Colosseum Slavers","floor":20,"turns":6},{"damage":6,"enemies":"2 Thieves","floor":21,"turns":2}],"seed_played":"2286596520965914582","potions_obtained":[{"floor":11.0,"key":"SteroidPotion"},{"floor":13.0,"key":"Weak Potion"},{"floor":16.0,"key":"Block Potion"}],"is_trial":false,"path_per_floor":["M","?","?","$","M","R","E","$","T","M","M","R","E","?","R","B",null,"M","?","?","M"],"character_chosen":"THE_SILENT","items_purchased":["Footwork"],"campfire_rested":0,"item_purchase_floors":[4],"current_hp_per_floor":[59,52,52,52,52,52,52,52,52,50,50,50,15,37,37,19,54,36,49,6,0],"gold":290,"neow_bonus":"THREE_ENEMY_KILL","is_prod":false,"is_daily":false,"chose_seed":false,"campfire_upgraded":3,"win_rate":0,"timestamp":1558588405,"path_taken":["M","?","?","$","M","R","E","$","T","M","M","R","E","?","R","BOSS","M","?","?","M"],"build_version":"2019-01-23","purchased_purges":0,"victory":false,"max_hp_per_floor":[66,66,66,66,66,66,66,66,66,66,66,66,66,66,66,66,66,66,66,66,66],"card_choices":[{"not_picked":["Concentrate","Dagger Spray"],"picked":"Cloak And Dagger","floor":1.0},{"not_picked":["Dodge and Roll","Expertise"],"picked":"Dash","floor":5.0},{"not_picked":["Well Laid Plans","Poisoned Stab"],"picked":"Noxious Fumes","floor":7.0},{"not_picked":["Calculated Gamble","Quick Slash"],"picked":"Backflip","floor":10.0},{"not_picked":["PiercingWail","Deflect"],"picked":"Footwork","floor":11.0},{"not_picked":["Accuracy","Unload"],"picked":"Leg Sweep","floor":13.0},{"not_picked":["Adrenaline","Phantasmal Killer"],"picked":"Wraith Form v2","floor":16.0},{"not_picked":["Underhanded Strike+1","Acrobatics"],"picked":"Leg Sweep","floor":18.0}],"player_experience":745396,"relics_obtained":[{"floor":7.0,"key":"Bronze Scales"},{"floor":9.0,"key":"Art of War"},{"floor":13.0,"key":"Molten Egg 2"},{"floor":17.0,"key":"MawBank"},{"floor":17.0,"key":"Darkstone Periapt"},{"floor":17.0,"key":"Gambling Chip"}],"event_choices":[{"cards_removed":["Strike_G"],"damage_healed":0.0,"max_hp_gain":0.0,"max_hp_loss":0.0,"gold_gain":0.0,"event_name":"Golden Wing","player_choice":"Card Removal","floor":2.0,"gold_loss":0.0,"damage_taken":7.0},{"damage_healed":0.0,"max_hp_gain":0.0,"max_hp_loss":0.0,"gold_gain":0.0,"event_name":"Golden Idol","player_choice":"Take Wound","floor":3.0,"gold_loss":0.0,"damage_taken":0.0,"relics_obtained":["Golden Idol"],"cards_obtained":["Injury"]},{"damage_healed":22.0,"max_hp_gain":0.0,"max_hp_loss":0.0,"gold_gain":0.0,"event_name":"Big Fish","player_choice":"Banana","floor":14.0,"gold_loss":0.0,"damage_taken":0.0},{"damage_healed":13.0,"max_hp_gain":0.0,"max_hp_loss":0.0,"gold_gain":0.0,"event_name":"The Library","player_choice":"Heal","floor":19.0,"gold_loss":0.0,"damage_taken":0.0},{"damage_healed":0,"gold_gain":0,"player_choice":"Fight","damage_taken":0,"max_hp_gain":0,"max_hp_loss":0,"event_name":"Colosseum","floor":20,"gold_loss":0},{"damage_healed":0,"gold_gain":0,"player_choice":"Fled From Nobs","damage_taken":0,"max_hp_gain":0,"max_hp_loss":0,"event_name":"Colosseum","floor":20,"gold_loss":0}],"is_beta":false,"boss_relics":[{"not_picked":["Empty Cage","Fusion Hammer"],"picked":"Calling Bell"}],"items_purged_floors":[],"is_endless":false,"potions_floor_spawned":[11,13,16,20],"killed_by":"2 Thieves","ascension_level":19}