{"gold_per_floor":[116,168,168,42,65,65,104,117,165,165,165,203,224,239,239,370,370,365,365,365,386,401,434,434,434,480,498,220,220,239,239],"floor_reached":31,"playtime":1828,"items_purged":["Injury"],"score":265,"play_id":"b5c6ef39-073a-41f8-a0bb-1f6ad7e5efa4","local_time":"20190707141052","is_ascension_mode":false,"campfire_choices":[{"data":"Redo","floor":6,"key":"SMITH"},{"data":"Defragment","floor":10,"key":"SMITH"},{"data":"Amplify","floor":15,"key":"SMITH"},{"data":"Creative AI","floor":24,"key":"SMITH"},{"floor":29,"key":"REST"}],"neow_cost":"NONE","seed_source_timestamp":237811637731277,"circlet_count":0,"master_deck":["Strike_B","Strike_B","Strike_B","Strike_B","Defend_B","Defend_B","Defend_B","Defend_B","Zap+1","Dualcast","Redo+1","Conserve Battery","Cold Snap","Defragment+1","Amplify+1","Leap+1","Genetic Algorithm+1","Creative AI+1","Beam Cell","Heatsinks","Redo+1","Defragment","Conserve Battery+1","Loop","Ball Lightning+1"],"relics":["Cracked Core","Orichalcum","Golden Idol","Shuriken","Pen Nib","Toxic Egg 2","Inserter","FaceOfCleric","Bottled Flame","Bag of Marbles","Frozen Egg 2"],"potions_floor_usage":[23,23,23,30],"damage_taken":[{"damage":0,"enemies":"Cultist","floor":1,"turns":4},{"damage":1,"enemies":"Jaw Worm","floor":5,"turns":4},{"damage":26,"enemies":"Gremlin Nob","floor":7,"turns":5},{"damage":1,"enemies":"Small Slimes","floor":8,"turns":4},{"damage":11,"enemies":"Lagavulin","floor":12,"turns":7},{"damage":0,"enemies":"3 Louse","floor":13,"turns":2},{"damage":0,"enemies":"Red Slaver","floor":14,"turns":3},{"damage":17,"enemies":"The Guardian","floor":16,"turns":13},{"damage":10,"enemies":"2 Thieves","floor":18,"turns":4},{"damage":0,"enemies":"Chosen","floor":21,"turns":4},{"damage":23,"enemies":"Snake Plant","floor":22,"turns":5},{"damage":36,"enemies":"Slavers","floor":23,"turns":7},{"damage":1,"enemies":"Centurion and Healer","floor":27,"turns":7},{"damage":39,"enemies":"Cultist and Chosen","floor":30,"turns":7},{"damage":14,"enemies":"Snake Plant","floor":31,"turns":1}],"seed_played":"-5830769274817551310","potions_obtained":[{"floor":7,"key":"Energy Potion"},{"floor":8,"key":"Dexterity Potion"},{"floor":13,"key":"Dexterity Potion"},{"floor":16,"key":"Fire Potion"},{"floor":23,"key":"Dexterity Potion"},{"floor":27,"key":"Regen Potion"}],"is_trial":false,"path_per_floor":["M","T","?","$","M","R","E","M","T","R","?","E","M","M","R","B",null,"M","?","?","M","M","E","R","?","T","M","$","R","M","M"],"character_chosen":"DEFECT","items_purchased":["Conserve Battery","Loop","Frozen Egg 2"],"campfire_rested":1,"item_purchase_floors":[4,28,28],"current_hp_per_floor":[82,82,82,82,81,81,55,54,54,54,54,43,43,43,43,26,82,72,72,72,73,51,16,16,16,16,16,16,41,12,0],"gold":239,"neow_bonus":"TEN_PERCENT_HP_BONUS","is_prod":false,"is_daily":false,"chose_seed":false,"campfire_upgraded":4,"win_rate":0.0,"timestamp":1562544652,"path_taken":["M","?","?","$","M","R","E","M","T","R","?","E","M","M","R","BOSS","M","?","?","M","?","E","R","?","T","?","?","R","M","M"],"build_version":"2019-07-05","purchased_purges":1,"victory":false,"max_hp_per_floor":[82,82,82,82,82,82,82,82,82,82,82,82,82,82,82,82,82,82,82,82,83,84,85,85,85,85,86,86,86,87,87],"card_choices":[{"not_picked":["Darkness","Hello World"],"picked":"Redo","floor":1},{"not_picked":["Turbo","Hello World"],"picked":"Cold Snap","floor":5},{"not_picked":["Lockon","Auto Shields"],"picked":"Defragment","floor":7},{"not_picked":["Cold Snap","Compile Driver"],"picked":"Amplify","floor":8},{"not_picked":["Turbo","Reboot","Gash"],"picked":"SKIP","floor":12},{"not_picked":["Ball Lightning","Sweeping Beam"],"picked":"Leap+1","floor":13},{"not_picked":["Beam Cell","Skim+1"],"picked":"Genetic Algorithm+1","floor":14},{"not_picked":["Rainbow+1","Fission+1"],"picked":"Creative AI","floor":16},{"not_picked":["Steam+1","Ball Lightning+1"],"picked":"Beam Cell","floor":18},{"not_picked":["FTL","Ball Lightning"],"picked":"Redo+1","floor":21},{"not_picked":["Gash+1","Aggregate+1","Sweeping Beam"],"picked":"SKIP","floor":22},{"not_picked":["Beam Cell","Steam Power+1","Fission+1"],"picked":"SKIP","floor":23},{"not_picked":["Storm","Consume+1"],"picked":"Conserve Battery+1","floor":27},{"not_picked":["Barrage","Redo+1"],"picked":"Ball Lightning+1","floor":30}],"player_experience":37458,"relics_obtained":[{"floor":2,"key":"Orichalcum"},{"floor":7,"key":"Shuriken"},{"floor":9,"key":"Pen Nib"},{"floor":12,"key":"Toxic Egg 2"},{"floor":23,"key":"Bottled Flame"},{"floor":26,"key":"Bag of Marbles"}],"event_choices":[{"damage_healed":0,"gold_gain":0,"player_choice":"Take Wound","damage_taken":0,"relics_obtained":["Golden Idol"],"max_hp_gain":0,"max_hp_loss":0,"event_name":"Golden Idol","floor":3,"gold_loss":0,"cards_obtained":["Injury"]},{"damage_healed":0,"gold_gain":0,"player_choice":"Grow","damage_taken":0,"max_hp_gain":0,"max_hp_loss":0,"event_name":"Living Wall","floor":11,"gold_loss":0,"cards_upgraded":["Zap"]},{"damage_healed":0,"gold_gain":0,"player_choice":"Read","damage_taken":0,"max_hp_gain":0,"max_hp_loss":0,"event_name":"The Library","floor":19,"gold_loss":0,"cards_obtained":["Heatsinks"]},{"damage_healed":0,"gold_gain":0,"player_choice":"Trade","damage_taken":0,"relics_obtained":["FaceOfCleric"],"max_hp_gain":0,"max_hp_loss":0,"event_name":"FaceTrader","floor":20,"gold_loss":0},{"damage_healed":0,"gold_gain":0,"player_choice":"1 cards matched","damage_taken":0,"max_hp_gain":0,"max_hp_loss":0,"event_name":"Match and Keep!","floor":25,"gold_loss":0,"cards_obtained":["Defragment"]}],"is_beta":false,"boss_relics":[{"not_picked":["White Beast Statue","FrozenCore"],"picked":"Inserter"}],"items_purged_floors":[4],"is_endless":false,"potions_floor_spawned":[7,8,13,16,18,22,23,27],"killed_by":"Snake Plant","ascension_level":0}