{"path_per_floor":["M","?","?","M","?","R","M","M","T","?","M","R","M","$","R"],"character_chosen":"DEFECT","items_purchased":["Panache","Trip","Go for the Eyes","Swift Potion"],"gold_per_floor":[116,116,116,126,301,301,317,332,332,332,351,351,371,1,1,1],"floor_reached":16,"campfire_rested":1,"playtime":440,"current_hp_per_floor":[67,67,72,68,68,68,60,57,57,57,34,34,5,5,27,0],"items_purged":[],"gold":1,"score":92,"play_id":"60c0958b-d8d5-4eea-a496-a830e67080f5","local_time":"20180507161657","is_prod":false,"is_daily":false,"chose_seed":false,"is_ascension_mode":false,"campfire_upgraded":2,"timestamp":1525724217,"path_taken":["M","?","?","?","?","R","M","M","T","?","M","R","M","$","R","BOSS"],"build_version":"2018-05-03","seed_source_timestamp":1895034616922053,"purchased_purges":0,"victory":false,"master_deck":["Strike_B","Strike_B","Strike_B","Defend_B","Defend_B","Defend_B","Zap","Dualcast","Pain","Chill","Consume+1","Tempest","Conserve Battery","Doubt","Genetic Algorithm","Gash","Leap+1","Gash","Panache","Trip","Go for the Eyes"],"max_hp_per_floor":[75,75,80,80,80,80,80,80,80,74,74,74,74,74,74,74],"relics":["Cracked Core","Du-Vu Doll","Letter Opener","Golden Idol"],"card_choices":[{"not_picked":["Hologram","Leap"],"picked":"Tempest","floor":1},{"not_picked":["Undo","Leap"],"picked":"Conserve Battery","floor":4},{"not_picked":["Sweeping Beam","Scrape"],"picked":"Genetic Algorithm","floor":7},{"not_picked":["Leap","Ball Lightning"],"picked":"Gash","floor":8},{"not_picked":["Barrage","Hello World"],"picked":"Leap","floor":11},{"not_picked":["Go for the Eyes","Stack"],"picked":"Gash","floor":13}],"player_experience":169795,"potions_floor_usage":[8,11,16],"damage_taken":[{"damage":8,"enemies":"2 Louse","floor":1,"turns":2},{"damage":4,"enemies":"Cultist","floor":4,"turns":3},{"damage":8,"enemies":"Jaw Worm","floor":7,"turns":3},{"damage":3,"enemies":"2 Fungi Beasts","floor":8,"turns":3},{"damage":23,"enemies":"Large Slime","floor":11,"turns":6},{"damage":29,"enemies":"Gremlin Gang","floor":13,"turns":4},{"damage":30,"enemies":"The Guardian","floor":16,"turns":5}],"event_choices":[{"event_name":"Accursed Blacksmith","player_choice":"Rummage","floor":2,"damage_taken":0},{"event_name":"Big Fish","player_choice":"Donut","floor":3,"damage_taken":0},{"event_name":"Liars Game","player_choice":"agreed","floor":5,"damage_taken":0},{"event_name":"Golden Idol","player_choice":"Lose Max HP","floor":10,"damage_taken":0}],"boss_relics":[],"potions_floor_spawned":[4,7,13],"seed_played":"-6826908654308047108","killed_by":"The Guardian","ascension_level":0,"is_trial":false}