{"path_per_floor":["M","?","?","M","$","R","?","?","T","M","E","T","M","M","R","B",null,"M","$","M","?","M","R","E","M","T","M","R","M","$"],"character_chosen":"IRONCLAD","items_purchased":["Good Instincts","Seeing Red","Hemokinesis","Exhume","Flame Barrier","Evolve","Reaper"],"gold_per_floor":[17,17,192,209,5,5,75,25,51,71,101,101,118,134,134,233,233,249,2,22,22,42,42,71,88,138,152,152,163,15],"floor_reached":31,"campfire_rested":2,"playtime":1728,"current_hp_per_floor":[93,74,74,80,80,80,80,80,80,77,47,47,49,55,55,35,94,74,74,51,61,55,86,55,14,21,17,50,50,50],"items_purged":[],"gold":15,"score":333,"play_id":"7bd0213d-0586-4d37-952f-97ae2db436c4","local_time":"20180303215934","is_prod":false,"is_daily":false,"is_ascension_mode":false,"campfire_upgraded":2,"timestamp":1520132374,"path_taken":["M","?","?","M","?","R","?","?","T","M","E","?","?","M","R","BOSS","M","?","?","?","M","R","E","M","T","?","R","?","$","M"],"build_version":"2018-03-01-PROD1","purchased_purges":0,"victory":false,"master_deck":["Strike_R","Strike_R","Strike_R","Strike_R","Strike_R","Defend_R+1","Bash","Entrench+1","Doubt","Wild Strike","Good Instincts+1","Seeing Red","Dropkick","Twin Strike","Thunderclap","Evolve+1","Demon Form","Rage+1","Armaments+1","Clothesline+1","Flame Barrier","Exhume","Flame Barrier","Evolve","Flame Barrier","Writhe","Anger","Flame Barrier","Second Wind","Pummel+1","Body Slam","Reaper"],"max_hp_per_floor":[94,94,94,94,94,94,94,94,94,94,94,94,94,94,94,94,94,94,94,94,104,104,104,104,104,111,111,111,111,111],"relics":["Burning Blood","Mango","Art of War","Orichalcum","Happy Flower","Astrolabe","Pear","Omamori","Strawberry"],"card_choices":[{"not_picked":["Searing Blow","Flex"],"picked":"Entrench"},{"not_picked":["Flex","Clothesline"],"picked":"Wild Strike"},{"not_picked":["Blood for Blood","True Grit"],"picked":"Dropkick"},{"not_picked":["Havoc","Blood for Blood"],"picked":"Twin Strike"},{"not_picked":["Shrug It Off","Havoc"],"picked":"Thunderclap"},{"not_picked":["Clash","Anger"],"picked":"Evolve"},{"not_picked":["Brutality","Reaper"],"picked":"Demon Form"},{"not_picked":["Perfected Strike","Body Slam"],"picked":"Flame Barrier"},{"not_picked":["Clothesline","Battle Trance"],"picked":"Flame Barrier"},{"not_picked":["Heavy Blade","Twin Strike"],"picked":"Anger"},{"not_picked":["True Grit","Flex"],"picked":"Flame Barrier"},{"not_picked":["Flame Barrier","Shrug It Off"],"picked":"Second Wind"},{"not_picked":["Heavy Blade","Carnage"],"picked":"Pummel"},{"not_picked":["Shrug It Off","Warcry"],"picked":"Body Slam"}],"player_experience":220071,"potions_floor_usage":[10,14,18,18,24,24,31],"damage_taken":[{"damage":7,"enemies":"2 Louse","floor":1,"turns":3},{"damage":0,"enemies":"Small Slimes","floor":4,"turns":3},{"damage":9,"enemies":"Jaw Worm","floor":10,"turns":2},{"damage":36,"enemies":"Gremlin Nob","floor":11,"turns":5},{"damage":4,"enemies":"Exordium Wildlife","floor":13,"turns":2},{"damage":0,"enemies":"Gremlin Gang","floor":14,"turns":4},{"damage":26,"enemies":"Slime Boss","floor":16,"turns":10},{"damage":26,"enemies":"Spheric Guardian","floor":18,"turns":6},{"damage":29,"enemies":"2 Thieves","floor":20,"turns":5},{"damage":12,"enemies":"Snecko","floor":22,"turns":7},{"damage":37,"enemies":"Gremlin Leader","floor":24,"turns":9},{"damage":47,"enemies":"3 Cultists","floor":25,"turns":8},{"damage":10,"enemies":"Snake Plant","floor":27,"turns":5},{"damage":6,"enemies":"Snecko","floor":29,"turns":6},{"damage":53,"enemies":"Cultist and Chosen","floor":31,"turns":6}],"event_choices":[{"event_name":"Shining Light","player_choice":"Entered Light","floor":2,"damage_taken":0},{"event_name":"Liars Game","player_choice":"agreed","floor":3,"damage_taken":0},{"event_name":"Golden Wing","player_choice":"Gained Gold","floor":7,"damage_taken":0},{"event_name":"The Cleric","player_choice":"Card Removal","floor":8,"damage_taken":0},{"event_name":"The Mausoleum","player_choice":"Yes","floor":21,"damage_taken":0}],"boss_relics":[{"not_picked":["Snecko Eye","Eternal Feather"],"picked":"Astrolabe"}],"potions_floor_spawned":[1,11,13,16,20,22,29],"seed_played":"2585014976593185797","killed_by":"Cultist and Chosen","ascension_level":0,"is_trial":false}