{"gold_per_floor":[115,115,133,149,129,162,162,194,194,194,220,267,296,319,331,417,429,459,471,135,149,64,92,77,77,128,21,40,40,56,75,75,75],"floor_reached":33,"playtime":1401,"items_purged":["Strike_B"],"score":574,"play_id":"d688d4bc-5826-4e9b-86ff-90a6a5e7b5a8","local_time":"20181121221844","is_ascension_mode":true,"campfire_choices":[{"data":"Hologram","floor":7.0,"key":"SMITH"},{"floor":10.0,"key":"DIG"},{"floor":15.0,"key":"REST"},{"floor":25.0,"key":"REST"},{"floor":32.0,"key":"DIG"}],"neow_cost":"NONE","seed_source_timestamp":673921370597798,"circlet_count":0,"master_deck":["AscendersBane","Strike_B","Defend_B","Defend_B","Defend_B","Defend_B","Zap+1","Dualcast","Sweeping Beam","Hologram+1","Chill","Ball Lightning","Compile Driver","Reinforced Body","FTL","White Noise","Genetic Algorithm","Echo Form","Writhe","Go for the Eyes","Redo+1","Coolheaded","Self Repair","Conserve Battery","Stack","Skim","Skim","Steam+1","Glacier"],"special_seed":0,"relics":["Cracked Core","Darkstone Periapt","Du-Vu Doll","Shovel","MawBank","Prayer Wheel","Nuclear Battery","Bag of Preparation","Membership Card","Oddly Smooth Stone","Centennial Puzzle","Bird Faced Urn","Happy Flower","Chemical X","Omamori"],"potions_floor_usage":[33],"damage_taken":[{"damage":7.0,"enemies":"Jaw Worm","floor":1.0,"turns":3.0},{"damage":0.0,"enemies":"Small Slimes","floor":3.0,"turns":2.0},{"damage":0.0,"enemies":"Cultist","floor":4.0,"turns":3.0},{"damage":6.0,"enemies":"3 Sentries","floor":6.0,"turns":6.0},{"damage":21.0,"enemies":"Lagavulin","floor":8.0,"turns":5.0},{"damage":7.0,"enemies":"Exordium Thugs","floor":11.0,"turns":4.0},{"damage":6.0,"enemies":"Gremlin Nob","floor":12.0,"turns":3.0},{"damage":11.0,"enemies":"Large Slime","floor":13.0,"turns":4.0},{"damage":7.0,"enemies":"Looter","floor":14.0,"turns":3.0},{"damage":19.0,"enemies":"Hexaghost","floor":16.0,"turns":6.0},{"damage":31.0,"enemies":"Spheric Guardian","floor":18.0,"turns":6.0},{"damage":0.0,"enemies":"3 Byrds","floor":21.0,"turns":2.0},{"damage":12.0,"enemies":"Gremlin Leader","floor":23.0,"turns":7.0},{"damage":11.0,"enemies":"Shelled Parasite and Fungi","floor":28.0,"turns":7.0},{"damage":0.0,"enemies":"Cultist and Chosen","floor":30.0,"turns":8.0},{"damage":12.0,"enemies":"Centurion and Healer","floor":31.0,"turns":8.0},{"damage":109,"enemies":"Collector","floor":33,"turns":9}],"seed_played":"2505948856086159653","potions_obtained":[{"floor":4.0,"key":"FocusPotion"},{"floor":5.0,"key":"Strength Potion"},{"floor":8.0,"key":"Swift Potion"},{"floor":11.0,"key":"FocusPotion"},{"floor":13.0,"key":"GamblersBrew"},{"floor":16.0,"key":"FocusPotion"},{"floor":21.0,"key":"Weak Potion"},{"floor":23.0,"key":"SkillPotion"}],"is_trial":false,"path_per_floor":["M","?","M","M","?","E","R","E","T","R","M","E","M","M","R","B",null,"M","?","$","M","?","E","$","R","T","$","M","?","M","M","R","B"],"character_chosen":"DEFECT","items_purchased":["Membership Card","Go for the Eyes","Oddly Smooth Stone","Conserve Battery","Chemical X"],"campfire_rested":2,"item_purchase_floors":[20,20,20,24,27],"current_hp_per_floor":[57,62,62,62,62,56,56,35,35,35,28,22,11,4,26,7,59,28,34,34,34,34,22,22,46,46,46,59,59,72,73,73,0],"gold":75,"neow_bonus":"UPGRADE_CARD","is_prod":false,"is_daily":false,"chose_seed":false,"campfire_upgraded":1,"win_rate":0,"timestamp":1542863924,"path_taken":["M","?","M","M","?","E","R","E","T","R","?","E","M","M","R","BOSS","M","?","$","M","?","E","$","R","T","$","M","?","?","M","R","BOSS"],"build_version":"2018-11-15","purchased_purges":1,"victory":false,"max_hp_per_floor":[71,76,76,76,76,76,76,76,76,76,76,76,76,76,76,76,76,76,82,82,82,82,82,82,82,82,82,82,82,82,82,82,82],"card_choices":[{"not_picked":["Streamline","Steam"],"picked":"Sweeping Beam","floor":1.0},{"not_picked":["Barrage","Undo"],"picked":"Hologram","floor":3.0},{"not_picked":["Rebound","Reprogram"],"picked":"Chill","floor":4.0},{"not_picked":["Coolheaded","All For One"],"picked":"Ball Lightning","floor":6.0},{"not_picked":["BootSequence","Force Field","Rebound"],"picked":"SKIP","floor":8.0},{"not_picked":["Barrage","Steam"],"picked":"Compile Driver","floor":11.0},{"not_picked":["Redo","Streamline"],"picked":"Reinforced Body","floor":12.0},{"not_picked":["Beam Cell","Sweeping Beam"],"picked":"FTL","floor":13.0},{"not_picked":["Stack","Streamline","Beam Cell"],"picked":"SKIP","floor":13.0},{"not_picked":["Loop","Ball Lightning"],"picked":"White Noise","floor":14.0},{"not_picked":["Leap","Rainbow"],"picked":"Genetic Algorithm","floor":14.0},{"not_picked":["Rainbow","Creative AI"],"picked":"Echo Form","floor":16.0},{"not_picked":["Tempest","Go for the Eyes","Streamline+1"],"picked":"SKIP","floor":18.0},{"not_picked":["Reinforced Body","Beam Cell","Steam"],"picked":"SKIP","floor":18.0},{"not_picked":["Compile Driver","Auto Shields"],"picked":"Redo+1","floor":21.0},{"not_picked":["All For One","Self Repair"],"picked":"Coolheaded","floor":21.0},{"not_picked":["Lockon+1","BootSequence"],"picked":"Self Repair","floor":23.0},{"not_picked":["Barrage","Coolheaded"],"picked":"Stack","floor":28.0},{"not_picked":["Gash","Stack","Conserve Battery"],"picked":"SKIP","floor":28.0},{"not_picked":["Gash","Stack","Conserve Battery"],"picked":"SKIP","floor":28.0},{"not_picked":["Gash+1","Stack"],"picked":"Steam+1","floor":30.0},{"not_picked":["Beam Cell+1","Melter","Skim"],"picked":"SKIP","floor":30.0},{"not_picked":["Barrage+1","Gash"],"picked":"Glacier","floor":31.0},{"not_picked":["Scrape","Leap","Gash"],"picked":"SKIP","floor":31.0}],"player_experience":648657,"relics_obtained":[{"floor":6.0,"key":"Darkstone Periapt"},{"floor":8.0,"key":"Du-Vu Doll"},{"floor":9.0,"key":"Shovel"},{"floor":10.0,"key":"MawBank"},{"floor":12.0,"key":"Prayer Wheel"},{"floor":23.0,"key":"Bird Faced Urn"},{"floor":26.0,"key":"Happy Flower"},{"floor":32.0,"key":"Omamori"}],"event_choices":[{"damage_healed":0.0,"max_hp_gain":5.0,"max_hp_loss":0.0,"gold_gain":0.0,"event_name":"Big Fish","player_choice":"Donut","floor":2.0,"gold_loss":0.0,"damage_taken":0.0},{"damage_healed":0.0,"max_hp_gain":0.0,"max_hp_loss":0.0,"gold_gain":0.0,"event_name":"The Woman in Blue","player_choice":"Bought 1 Potion","floor":5.0,"gold_loss":0.0,"damage_taken":0.0},{"damage_healed":0.0,"max_hp_gain":0.0,"max_hp_loss":0.0,"gold_gain":0.0,"event_name":"The Mausoleum","player_choice":"Opened","floor":19.0,"gold_loss":0.0,"damage_taken":0.0,"relics_obtained":["Bag of Preparation"],"cards_obtained":["Writhe"]},{"damage_healed":0.0,"max_hp_gain":0.0,"max_hp_loss":0.0,"gold_gain":0.0,"event_name":"Addict","player_choice":"Obtained Relic","floor":22.0,"gold_loss":85.0,"damage_taken":0.0,"relics_obtained":["Centennial Puzzle"]},{"damage_healed":0.0,"max_hp_gain":0.0,"max_hp_loss":0.0,"gold_gain":0.0,"cards_transformed":["Strike_B","Strike_B"],"event_name":"Drug Dealer","player_choice":"Became Test Subject","floor":29.0,"gold_loss":0.0,"damage_taken":0.0,"cards_obtained":["Skim","Skim"]}],"is_beta":false,"boss_relics":[{"not_picked":["FrozenCore","Runic Pyramid"],"picked":"Nuclear Battery"}],"items_purged_floors":[20],"is_endless":false,"potions_floor_spawned":[4,8,11,13,16,21,23,28,30],"killed_by":"Collector","ascension_level":20}