{"gold_per_floor":[116,116,191,10,28,54,54,82,151,161,172,205,220,220,220,220],"floor_reached":16,"playtime":695,"items_purged":[],"score":138,"play_id":"116287d2-debf-4d23-9750-6c2fbba97daa","local_time":"20180714062257","is_ascension_mode":true,"campfire_choices":[{"floor":15,"key":"REST"}],"neow_cost":"CURSE","seed_source_timestamp":442578838526335,"circlet_count":0,"master_deck":["Strike_R","Strike_R","Strike_R","Strike_R","Defend_R","Defend_R","Bash","Shame","Thunderclap","Reaper+1","Iron Wave","Whirlwind","Carnage","Perfected Strike","Evolve","Corruption","Shrug It Off","Metallicize","Iron Wave","Flame Barrier"],"relics":["Burning Blood","Dream Catcher","Magic Flower","Blue Candle","Unceasing Top","Dodecahedron","Art of War"],"potions_floor_usage":[11,12],"damage_taken":[{"damage":9,"enemies":"Jaw Worm","floor":1,"turns":4},{"damage":0,"enemies":"2 Louse","floor":5,"turns":1},{"damage":37,"enemies":"Gremlin Nob","floor":6,"turns":5},{"damage":21,"enemies":"3 Sentries","floor":8,"turns":6},{"damage":6,"enemies":"Small Slimes","floor":10,"turns":3},{"damage":15,"enemies":"3 Louse","floor":11,"turns":3},{"damage":22,"enemies":"Gremlin Nob","floor":12,"turns":5},{"damage":24,"enemies":"Exordium Wildlife","floor":13,"turns":6},{"damage":89,"enemies":"The Guardian","floor":16,"turns":13}],"seed_played":"-1511666475844203061","potions_obtained":[{"floor":10,"key":"Fire Potion"},{"floor":11,"key":"Weak Potion"},{"floor":13,"key":"Ancient Potion"}],"is_trial":false,"path_per_floor":["M","?","?","$","M","E","T","E","T","M","M","E","M","?","R"],"character_chosen":"IRONCLAD","items_purchased":["Dream Catcher","Whirlwind"],"campfire_rested":1,"item_purchase_floors":[4,4],"current_hp_per_floor":[80,80,69,69,75,49,49,60,60,63,62,60,53,53,77,0],"gold":220,"neow_bonus":"TRANSFORM_TWO_CARDS","is_prod":false,"is_daily":false,"chose_seed":false,"campfire_upgraded":0,"win_rate":0,"timestamp":1531563777,"path_taken":["M","?","?","$","M","E","?","E","T","M","?","E","?","?","R","BOSS"],"build_version":"2018-07-13","purchased_purges":0,"victory":false,"max_hp_per_floor":[80,80,80,80,80,80,80,80,80,80,80,80,80,80,80,80],"card_choices":[{"not_picked":["Spot Weakness","Cleave"],"picked":"Iron Wave","floor":1},{"not_picked":["Havoc","Fire Breathing"],"picked":"Carnage","floor":5},{"not_picked":["Sword Boomerang","Cleave"],"picked":"Perfected Strike","floor":6},{"not_picked":["Pommel Strike","Clash"],"picked":"Evolve","floor":8},{"not_picked":["Iron Wave","Power Through"],"picked":"Corruption","floor":10},{"not_picked":["Clothesline","Combust"],"picked":"Shrug It Off","floor":11},{"not_picked":["Pummel","Evolve"],"picked":"Metallicize","floor":12},{"not_picked":["Sever Soul","True Grit","Blood for Blood"],"picked":"SKIP","floor":13},{"not_picked":["Flex","Pummel"],"picked":"Flame Barrier","floor":15}],"player_experience":425160,"relics_obtained":[{"floor":6,"key":"Magic Flower"},{"floor":7,"key":"Blue Candle"},{"floor":8,"key":"Unceasing Top"},{"floor":9,"key":"Dodecahedron"},{"floor":12,"key":"Art of War"}],"event_choices":[{"event_name":"Living Wall","player_choice":"Grow","floor":2,"damage_taken":0},{"event_name":"World of Goop","player_choice":"Gather Gold","floor":3,"damage_taken":0},{"event_name":"Transmorgrifier","player_choice":"Transform","floor":14,"damage_taken":0}],"boss_relics":[],"items_purged_floors":[],"is_endless":false,"potions_floor_spawned":[10,11,13],"killed_by":"The Guardian","ascension_level":3}