{"gold_per_floor":[111,111,111,187,202,235,235,247,301,335,335,370,393,411,411,539,539,557,12,12,12,28,66,66,81,105,105,105,125,125,50,50,171,171,185,32,365,378,185,185,202,202,232,232,232,245,11,0,0,0],"floor_reached":50,"playtime":2422,"items_purged":["Shame"],"score":526,"play_id":"1367cfad-af59-4597-8667-fd88182d4e6e","local_time":"20190414003628","daily_mods":["SealedDeck"],"is_ascension_mode":false,"campfire_choices":[{"data":"Seeing Red","floor":7,"key":"SMITH"},{"floor":15,"key":"REST"},{"data":"Demon Form","floor":24,"key":"SMITH"},{"data":"RitualDagger","floor":28,"key":"SMITH"},{"floor":30,"key":"REST"},{"data":"Chrysalis","floor":32,"key":"SMITH"},{"data":"Barricade","floor":40,"key":"SMITH"},{"data":"Evolve","floor":42,"key":"SMITH"},{"data":"Infernal Blade","floor":44,"key":"SMITH"},{"data":"Perfected Strike","floor":49,"key":"SMITH"}],"neow_cost":"","seed_source_timestamp":0,"circlet_count":0,"master_deck":["Armaments+1","Shrug It Off","Twin Strike","Twin Strike","Perfected Strike+1","Wild Strike+1","Seeing Red+1","Wild Strike","Evolve+1","Wild Strike","Flame Barrier+1","Inflame","Flex+1","Shockwave","Infernal Blade+1","Rampage+1","Demon Form+1","Chrysalis+1","RitualDagger+1","Perfected Strike+1","Seeing Red","Barricade+1","Body Slam+1","Inflame"],"relics":["Burning Blood","Strawberry","Pen Nib","Singing Bowl","Ornamental Fan","Runic Pyramid","MealTicket","Centennial Puzzle","Molten Egg 2","Potion Belt","Whetstone","Eternal Feather","War Paint","HandDrill","Tiny Chest","Blue Candle","Lee\u0027s Waffle","Red Mask"],"potions_floor_usage":[13,16,16,18,25,25,46],"damage_taken":[{"damage":0,"enemies":"2 Louse","floor":1,"turns":2},{"damage":10,"enemies":"Small Slimes","floor":5,"turns":3},{"damage":21,"enemies":"Lagavulin","floor":6,"turns":5},{"damage":0,"enemies":"Jaw Worm","floor":8,"turns":2},{"damage":18,"enemies":"3 Sentries","floor":10,"turns":5},{"damage":18,"enemies":"Lagavulin","floor":12,"turns":4},{"damage":18,"enemies":"Exordium Wildlife","floor":13,"turns":3},{"damage":0,"enemies":"3 Louse","floor":14,"turns":2},{"damage":41,"enemies":"The Guardian","floor":16,"turns":10},{"damage":19,"enemies":"3 Byrds","floor":18,"turns":4},{"damage":0,"enemies":"Spheric Guardian","floor":22,"turns":3},{"damage":19,"enemies":"Gremlin Leader","floor":23,"turns":7},{"damage":24,"enemies":"3 Cultists","floor":25,"turns":4},{"damage":30,"enemies":"Snake Plant","floor":29,"turns":3},{"damage":65,"enemies":"Automaton","floor":33,"turns":8},{"damage":0,"enemies":"Orb Walker","floor":35,"turns":2},{"damage":2,"enemies":"3 Shapes","floor":38,"turns":2},{"damage":22,"enemies":"Sphere and 2 Shapes","floor":41,"turns":4},{"damage":14,"enemies":"Transient","floor":46,"turns":5},{"damage":105,"enemies":"Time Eater","floor":50,"turns":8}],"seed_played":"-5358016295093790304","potions_obtained":[{"floor":10,"key":"Weak Potion"},{"floor":13,"key":"Strength Potion"},{"floor":14,"key":"Dexterity Potion"},{"floor":16,"key":"Weak Potion"},{"floor":18,"key":"SpeedPotion"},{"floor":23,"key":"Explosive Potion"},{"floor":38,"key":"FearPotion"}],"is_trial":true,"path_per_floor":["M","?","?","?","M","E","R","M","T","E","?","E","M","M","R","B",null,"M","$","?","?","M","E","R","M","T","?","R","M","R","$","R","B",null,"M","$","?","M","$","R","M","R","T","R","T","M","$","?","R","B"],"character_chosen":"IRONCLAD","items_purchased":["MealTicket","Chrysalis","Centennial Puzzle","War Paint","HandDrill","Lee\u0027s Waffle","Inflame"],"campfire_rested":2,"item_purchase_floors":[19,19,19,36,39,47,47],"current_hp_per_floor":[80,80,80,80,76,68,68,74,74,62,62,52,40,48,73,38,85,74,74,68,68,74,63,63,47,47,77,77,53,80,80,80,21,91,93,93,93,93,93,93,79,91,91,95,95,89,104,104,104,0],"gold":0,"neow_bonus":"","is_prod":false,"is_daily":false,"chose_seed":false,"campfire_upgraded":8,"win_rate":0,"timestamp":1555216588,"path_taken":["M","?","?","?","?","E","R","M","T","E","?","E","M","M","R","BOSS","M","$","?","?","M","E","R","M","T","?","R","M","R","?","R","BOSS","M","$","?","M","$","R","M","R","T","R","?","M","?","?","R","BOSS"],"build_version":"2019-04-04","purchased_purges":1,"victory":false,"max_hp_per_floor":[80,80,80,80,80,87,87,87,87,87,81,83,83,85,85,85,85,87,87,87,87,87,89,89,91,91,91,91,91,91,91,91,91,91,93,93,93,93,93,93,95,95,95,95,95,97,104,104,104,104],"card_choices":[{"not_picked":["Armaments","Dropkick"],"picked":"Flame Barrier","floor":1},{"not_picked":["True Grit","Iron Wave"],"picked":"Inflame","floor":5},{"not_picked":["Thunderclap","Fire Breathing"],"picked":"Flex","floor":6},{"not_picked":["Thunderclap","Warcry"],"picked":"Shockwave","floor":8},{"not_picked":["Clothesline","Clash"],"picked":"Infernal Blade","floor":10},{"not_picked":["Burning Pact","Sword Boomerang","Blood for Blood"],"picked":"Singing Bowl","floor":12},{"not_picked":["Feel No Pain","Blood for Blood"],"picked":"Rampage","floor":13},{"not_picked":["Berserk","Headbutt","Wild Strike"],"picked":"Singing Bowl","floor":14},{"not_picked":["Reaper","Brutality"],"picked":"Demon Form","floor":16},{"not_picked":["Sentinel+1","Bloodletting","Heavy Blade"],"picked":"Singing Bowl","floor":18},{"not_picked":["Body Slam+1","Pommel Strike+1"],"picked":"Perfected Strike+1","floor":22},{"not_picked":["Headbutt+1","Bludgeon+1","Thunderclap+1"],"picked":"Singing Bowl","floor":23},{"not_picked":["Anger+1","Carnage+1","Rage"],"picked":"Singing Bowl","floor":25},{"not_picked":["Havoc","Hemokinesis+1"],"picked":"Seeing Red","floor":29},{"not_picked":["Feed+1","Immolate+1"],"picked":"Barricade","floor":33},{"not_picked":["Headbutt+1","Searing Blow+1","Anger+1"],"picked":"Singing Bowl","floor":35},{"not_picked":["Clash+1","Cleave+1"],"picked":"Body Slam+1","floor":38},{"not_picked":["Armaments+1","Dropkick+1","Clash+1"],"picked":"Singing Bowl","floor":41},{"not_picked":["Anger+1","Twin Strike+1","Hemokinesis+1"],"picked":"Singing Bowl","floor":46}],"player_experience":793206,"relics_obtained":[{"floor":6,"key":"Strawberry"},{"floor":9,"key":"Pen Nib"},{"floor":10,"key":"Singing Bowl"},{"floor":12,"key":"Ornamental Fan"},{"floor":23,"key":"Potion Belt"},{"floor":26,"key":"Whetstone"},{"floor":43,"key":"Tiny Chest"},{"floor":45,"key":"Blue Candle"}],"event_choices":[{"damage_healed":0,"gold_gain":0,"player_choice":"Grow","damage_taken":0,"max_hp_gain":0,"max_hp_loss":0,"event_name":"Living Wall","floor":2,"gold_loss":0,"cards_upgraded":["Flame Barrier"]},{"damage_healed":0,"gold_gain":0,"player_choice":"Ignored","damage_taken":0,"max_hp_gain":0,"max_hp_loss":0,"event_name":"Liars Game","floor":3,"gold_loss":0},{"damage_healed":0,"gold_gain":76,"player_choice":"Gained Gold","damage_taken":0,"max_hp_gain":0,"max_hp_loss":0,"event_name":"Golden Wing","floor":4,"gold_loss":0},{"damage_healed":0,"gold_gain":0,"player_choice":"Lose Max HP","damage_taken":0,"relics_obtained":["Golden Idol"],"max_hp_gain":0,"max_hp_loss":6,"event_name":"Golden Idol","floor":11,"gold_loss":0},{"damage_healed":0,"gold_gain":0,"player_choice":"Joined the Cult","damage_taken":6,"max_hp_gain":0,"max_hp_loss":0,"event_name":"Nest","floor":20,"gold_loss":0,"cards_obtained":["RitualDagger"]},{"damage_healed":0,"gold_gain":0,"player_choice":"Stole Relic","damage_taken":0,"relics_obtained":["Molten Egg 2"],"max_hp_gain":0,"max_hp_loss":0,"event_name":"Addict","floor":21,"gold_loss":0,"cards_obtained":["Shame"]},{"damage_healed":30,"gold_gain":0,"player_choice":"Heal","damage_taken":0,"max_hp_gain":0,"max_hp_loss":0,"event_name":"The Library","floor":27,"gold_loss":0},{"damage_healed":0,"gold_gain":333,"player_choice":"Gave Idol","damage_taken":0,"max_hp_gain":0,"max_hp_loss":0,"event_name":"The Moai Head","floor":37,"relics_lost":["Golden Idol"],"gold_loss":0},{"damage_healed":0,"gold_gain":0,"player_choice":"Paid","damage_taken":0,"relics_obtained":["Red Mask"],"max_hp_gain":0,"max_hp_loss":0,"event_name":"Tomb of Lord Red Mask","floor":48,"gold_loss":11}],"is_beta":true,"boss_relics":[{"not_picked":["Sozu","White Beast Statue"],"picked":"Runic Pyramid"},{"not_picked":["Velvet Choker","Mark of Pain"],"picked":"Eternal Feather"}],"items_purged_floors":[31],"is_endless":true,"potions_floor_spawned":[10,13,14,16,18,23,38],"killed_by":"Time Eater","ascension_level":0}