{"path_per_floor":["?","?","?","?","?","?","?","?","?","?","?","?","?","?","?"],"character_chosen":"IRONCLAD","items_purchased":[],"gold_per_floor":[114,129,144,319,334,364,364,379,404,404,419,434,434,449,449],"floor_reached":16,"campfire_rested":1,"playtime":635,"current_hp_per_floor":[75,80,79,79,80,43,43,14,14,80,61,51,51,19,43],"items_purged":[],"gold":449,"score":106,"play_id":"317d4158-3eb8-4ef5-a83c-c4f65530c03c","local_time":"20180309233800","daily_mods":[{"name":"Shiny","description":"Start with 1 Rare card.","modID":"Shiny","img":{"data":{"file":{"file":{"path":"images\\ui\\run_mods\\shiny.png"},"type":"Internal"},"width":64,"height":64,"format":"RGBA8888","useMipMaps":false,"isPrepared":false},"glTarget":3553,"glHandle":682,"minFilter":"Linear","magFilter":"Linear","uWrap":"ClampToEdge","vWrap":"ClampToEdge"},"positive":true},{"name":"Lethal Enemies","description":"All enemies start with +3 Strength.","modID":"Lethal Enemies","img":{"data":{"file":{"file":{"path":"images\\ui\\run_mods\\lethal_enemies.png"},"type":"Internal"},"width":64,"height":64,"format":"RGBA8888","useMipMaps":false,"isPrepared":false},"glTarget":3553,"glHandle":675,"minFilter":"Linear","magFilter":"Linear","uWrap":"ClampToEdge","vWrap":"ClampToEdge"},"positive":false},{"name":"Cursed Run","description":"Whenever you defeat a Boss, become Cursed.","modID":"Cursed Run","img":{"data":{"file":{"file":{"path":"images\\ui\\run_mods\\cursed_run.png"},"type":"Internal"},"width":64,"height":64,"format":"RGBA8888","useMipMaps":false,"isPrepared":false},"glTarget":3553,"glHandle":673,"minFilter":"Linear","magFilter":"Linear","uWrap":"ClampToEdge","vWrap":"ClampToEdge"},"positive":false},{"name":"Uncertain Future","description":"The map shows only ?.","modID":"Uncertain Future","img":{"data":{"file":{"file":{"path":"images\\ui\\run_mods\\uncertain_future.png"},"type":"Internal"},"width":64,"height":64,"format":"RGBA8888","useMipMaps":false,"isPrepared":false},"glTarget":3553,"glHandle":679,"minFilter":"Linear","magFilter":"Linear","uWrap":"ClampToEdge","vWrap":"ClampToEdge"},"positive":false}],"is_prod":false,"is_daily":true,"is_ascension_mode":false,"campfire_upgraded":1,"timestamp":1520656680,"path_taken":["?","?","?","?","?","?","?","?","?","?","?","?","?","?","?","BOSS"],"build_version":"2018-03-01-PROD1","purchased_purges":0,"victory":false,"master_deck":["Strike_R","Strike_R","Strike_R","Strike_R","Strike_R","Defend_R","Defend_R","Defend_R","Defend_R","Bash","Double Tap+1","Carnage","Spot Weakness","Inflame","Wild Strike","Inflame","Sword Boomerang","Pommel Strike","Whirlwind"],"max_hp_per_floor":[80,80,80,80,80,80,80,80,80,80,80,80,80,80,80],"relics":["Burning Blood","Centennial Puzzle","Bronze Scales"],"card_choices":[{"not_picked":["Rage","Hemokinesis"],"picked":"Carnage"},{"not_picked":["Uppercut","Bloodletting"],"picked":"Spot Weakness"},{"not_picked":["Shrug It Off","Sever Soul"],"picked":"Inflame"},{"not_picked":["Cleave","Havoc"],"picked":"Carnage"},{"not_picked":["Searing Blow","Anger"],"picked":"Wild Strike"},{"not_picked":["Sentinel","Clash"],"picked":"Inflame"},{"not_picked":["Immolate","Anger"],"picked":"Sword Boomerang"},{"not_picked":["Perfected Strike","Sword Boomerang"],"picked":"Pommel Strike"},{"not_picked":["Twin Strike","Armaments"],"picked":"Whirlwind"}],"player_experience":378679,"potions_floor_usage":[2,5,16,16],"damage_taken":[{"damage":11,"enemies":"Small Slimes","floor":1,"turns":3},{"damage":0,"enemies":"2 Louse","floor":2,"turns":1},{"damage":7,"enemies":"Cultist","floor":3,"turns":4},{"damage":0,"enemies":"Large Slime","floor":5,"turns":3},{"damage":43,"enemies":"Lagavulin","floor":6,"turns":7},{"damage":35,"enemies":"Gremlin Gang","floor":8,"turns":4},{"damage":25,"enemies":"Blue Slaver","floor":11,"turns":3},{"damage":16,"enemies":"Looter","floor":12,"turns":3},{"damage":38,"enemies":"Lots of Slimes","floor":14,"turns":3},{"damage":50,"enemies":"The Guardian","floor":16,"turns":8}],"event_choices":[{"event_name":"Liars Game","player_choice":"agreed","floor":4,"damage_taken":0},{"event_name":"Fountain of Cleansing","player_choice":"Removed Curse","floor":7,"damage_taken":0},{"event_name":"Bonfire Elementals","player_choice":"UNCOMMON","floor":10,"damage_taken":0}],"boss_relics":[],"potions_floor_spawned":[1,3,12,14],"seed_played":"-7626446527534247094","killed_by":"The Guardian","ascension_level":0,"is_trial":false}