{"gold_per_floor":[114,64,79,79,254,284,59,59,59,74,74,74,74,74,74,174,174,189,39,39,39,39,39,69,69,69,69,84,5,5,35,35,135,135,150,48,70,85,0,0,30,30,30,30,45,45,60,60,60,60],"floor_reached":50,"playtime":1897,"items_purged":[],"score":548,"play_id":"b0dad579-3c25-4a37-b534-88f4e38ca949","local_time":"20180929222900","daily_mods":["Draft","Flight","Lethality"],"is_ascension_mode":false,"campfire_choices":[{"data":"Chaos","floor":8,"key":"SMITH"},{"data":"Leap","floor":12,"key":"SMITH"},{"data":"Darkness","floor":13,"key":"SMITH"},{"data":"Darkness","floor":15,"key":"SMITH"},{"data":"Creative AI","floor":23,"key":"SMITH"},{"floor":27,"key":"REST"},{"floor":30,"key":"REST"},{"floor":32,"key":"REST"},{"data":"Consume","floor":40,"key":"SMITH"},{"floor":42,"key":"REST"},{"data":"Jack Of All Trades","floor":46,"key":"SMITH"},{"floor":49,"key":"REST"}],"neow_cost":"","seed_source_timestamp":0,"circlet_count":0,"master_deck":["Static Discharge","Redo","Chaos+1","Ball Lightning","Streamline","Static Discharge","Darkness+1","Turbo","Turbo","Darkness+1","Chaos+1","Cold Snap","Self Repair","Leap+1","Cold Snap","Creative AI+1","Sunder","Consume+1","Redo","Self Repair","Reinforced Body","Creative AI","FTL+1","Chaos+1","Machine Learning+1","Rip and Tear","Jack Of All Trades+1","Turbo+1","Beam Cell+1","Rip and Tear+1","All For One","Capacitor+1","Creative AI+1","Deep Breath","Blind","Master of Strategy"],"special_seed":17804,"relics":["Cracked Core","Shuriken","Lee\u0027s Waffle","Cables","Orichalcum","Potion Belt","Lizard Tail","PreservedInsect","MutagenicStrength","Ice Cream","NlothsMask","Vajra","Art of War","Astrolabe","Bird Faced Urn","Red Mask","Frozen Egg 2","Symbiotic Virus","Torii"],"potions_floor_usage":[10,16,24,33,38,44,50],"damage_taken":[{"damage":8,"enemies":"2 Louse","floor":1,"turns":1},{"damage":10,"enemies":"Small Slimes","floor":3,"turns":3},{"damage":26,"enemies":"3 Sentries","floor":6,"turns":6},{"damage":0,"enemies":"Jaw Worm","floor":10,"turns":1},{"damage":49,"enemies":"Hexaghost","floor":16,"turns":3},{"damage":34,"enemies":"3 Byrds","floor":18,"turns":2},{"damage":19,"enemies":"Gremlin Leader","floor":24,"turns":6},{"damage":19,"enemies":"2 Thieves","floor":28,"turns":2},{"damage":28,"enemies":"Book of Stabbing","floor":31,"turns":3},{"damage":105,"enemies":"Automaton","floor":33,"turns":11},{"damage":17,"enemies":"Orb Walker","floor":35,"turns":3},{"damage":31,"enemies":"Mysterious Sphere","floor":37,"turns":5},{"damage":8,"enemies":"3 Darklings","floor":38,"turns":5},{"damage":41,"enemies":"2 Orb Walkers","floor":41,"turns":4},{"damage":21,"enemies":"Mind Bloom Boss Battle","floor":44,"turns":5},{"damage":26,"enemies":"Maw","floor":45,"turns":5},{"damage":37,"enemies":"Spire Growth","floor":47,"turns":4},{"damage":83,"enemies":"Donu and Deca","floor":50,"turns":5}],"seed_played":"3855407655360463062","potions_obtained":[{"floor":6,"key":"FearPotion"},{"floor":10,"key":"Fire Potion"},{"floor":18,"key":"Swift Potion"},{"floor":28,"key":"SpeedPotion"},{"floor":37,"key":"Explosive Potion"},{"floor":41,"key":"Poison Potion"},{"floor":47,"key":"PowerPotion"}],"is_trial":false,"path_per_floor":["M","?","M","?","?","E","$","R","T","M","?","R","R","T","R","B",null,"M","$","?","?","?","R","E","?","T","R","M","$","R","E","R","B",null,"M","$","?","M","?","R","E","R","T","?","M","R","M","?","R"],"character_chosen":"DEFECT","items_purchased":["Lee\u0027s Waffle","Cold Snap","PreservedInsect","Self Repair","Jack Of All Trades"],"campfire_rested":5,"item_purchase_floors":[7,7,19,29,36],"current_hp_per_floor":[67,67,64,64,64,45,82,82,82,82,79,79,79,79,79,30,82,55,55,55,55,55,55,43,43,43,67,48,48,72,51,75,47,82,79,79,55,69,69,69,52,76,76,74,76,76,47,37,61,0],"gold":60,"neow_bonus":"","is_prod":false,"is_daily":true,"chose_seed":false,"campfire_upgraded":7,"win_rate":0,"timestamp":1538274540,"path_taken":["M","?","M","?","?","E","?","R","T","?","?","R","R","?","R","BOSS","M","$","?","?","?","R","E","?","T","R","?","?","R","E","R","BOSS","M","$","?","?","?","R","E","R","T","?","?","R","M","?","R","BOSS"],"build_version":"2018-09-27","purchased_purges":0,"victory":false,"max_hp_per_floor":[75,75,75,75,75,75,82,82,82,82,82,82,82,82,82,82,82,82,82,82,82,82,82,82,82,82,82,82,82,82,82,82,82,82,82,82,82,82,82,82,82,82,82,82,82,82,82,82,82,82],"card_choices":[{"not_picked":["Redo","Beam Cell"],"picked":"Static Discharge","floor":0},{"not_picked":["Turbo","Conserve Battery"],"picked":"Redo","floor":0},{"not_picked":["Compile Driver","Turbo"],"picked":"Chaos","floor":0},{"not_picked":["FTL","Compile Driver"],"picked":"Ball Lightning","floor":0},{"not_picked":["Genetic Algorithm","Sweeping Beam"],"picked":"Streamline","floor":0},{"not_picked":["Steam Power","Lockon"],"picked":"Static Discharge","floor":0},{"not_picked":["Steam","Coolheaded"],"picked":"Darkness","floor":0},{"not_picked":["Barrage","Sweeping Beam"],"picked":"Turbo","floor":0},{"not_picked":["Stack","Lockon"],"picked":"Turbo","floor":0},{"not_picked":["Coolheaded","Ball Lightning"],"picked":"Darkness","floor":0},{"not_picked":["Go for the Eyes","Recycle"],"picked":"FTL","floor":0},{"not_picked":["Gash","Conserve Battery"],"picked":"Beam Cell","floor":0},{"not_picked":["Fusion","Rebound"],"picked":"Chaos","floor":0},{"not_picked":["Gash","Beam Cell"],"picked":"Cold Snap","floor":0},{"not_picked":["Leap","Sweeping Beam"],"picked":"Redo","floor":0},{"not_picked":["Stack","Rebound"],"picked":"Self Repair","floor":1},{"not_picked":["Stack","Barrage"],"picked":"Conserve Battery","floor":3},{"not_picked":["Hologram","Darkness"],"picked":"Leap","floor":6},{"not_picked":["Reprogram","Go for the Eyes","Hologram"],"picked":"SKIP","floor":10},{"not_picked":["Amplify","Fission"],"picked":"Creative AI","floor":16},{"not_picked":["Steam","Coolheaded"],"picked":"Sunder","floor":18},{"not_picked":["Compile Driver+1","Aggregate"],"picked":"Consume","floor":24},{"not_picked":["Tempest","Go for the Eyes"],"picked":"Redo","floor":28},{"not_picked":["Barrage","Leap"],"picked":"Reinforced Body","floor":31},{"not_picked":["Buffer","Meteor Strike"],"picked":"Creative AI","floor":33},{"not_picked":["Conserve Battery","Hello World"],"picked":"Rip and Tear","floor":35},{"not_picked":["Cold Snap+1","Go for the Eyes"],"picked":"Turbo+1","floor":37},{"not_picked":["Streamline+1","Stack"],"picked":"Beam Cell+1","floor":38},{"not_picked":["Cold Snap+1","Skim"],"picked":"Rip and Tear+1","floor":41},{"not_picked":["Sweeping Beam","Steam+1"],"picked":"All For One","floor":44},{"not_picked":["Cold Snap","Streamline"],"picked":"Capacitor+1","floor":45},{"not_picked":["Ball Lightning+1","Hologram"],"picked":"Creative AI+1","floor":47},{"not_picked":["Enlightenment","Purity"],"picked":"Deep Breath","floor":48},{"not_picked":["Swift Strike","Dramatic Entrance"],"picked":"Blind","floor":48},{"not_picked":["Good Instincts","Swift Strike"],"picked":"Master of Strategy","floor":48}],"player_experience":715715,"relics_obtained":[{"floor":6,"key":"Shuriken"},{"floor":9,"key":"Cables"},{"floor":14,"key":"Potion Belt"},{"floor":24,"key":"Vajra"},{"floor":31,"key":"Art of War"},{"floor":37,"key":"Bird Faced Urn"},{"floor":41,"key":"Frozen Egg 2"},{"floor":43,"key":"Symbiotic Virus"},{"floor":44,"key":"Torii"}],"event_choices":[{"event_name":"The Cleric","player_choice":"Card Removal","floor":2,"damage_taken":0},{"event_name":"Living Wall","player_choice":"Grow","floor":4,"damage_taken":0},{"event_name":"Liars Game","player_choice":"agreed","floor":5,"damage_taken":0},{"event_name":"Scrap Ooze","player_choice":"success","floor":11,"damage_taken":3},{"event_name":"Drug Dealer","player_choice":"Inject Mutagens","floor":20,"damage_taken":0},{"event_name":"Addict","player_choice":"Stole Relic","floor":21,"damage_taken":0},{"event_name":"FaceTrader","player_choice":"Trade","floor":22,"damage_taken":0},{"event_name":"Fountain of Cleansing","player_choice":"Removed Curse","floor":25,"damage_taken":0},{"event_name":"Mysterious Sphere","player_choice":"Fight","floor":37,"damage_taken":0},{"event_name":"Tomb of Lord Red Mask","player_choice":"Paid","floor":39,"damage_taken":0},{"event_name":"MindBloom","player_choice":"Fight","floor":44,"damage_taken":0},{"event_name":"SensoryStone","player_choice":"Memory 3","floor":48,"damage_taken":0}],"is_beta":true,"boss_relics":[{"not_picked":["Calling Bell","Black Star"],"picked":"Lizard Tail"},{"not_picked":["Empty Cage","Runic Dome"],"picked":"Astrolabe"}],"items_purged_floors":[],"is_endless":false,"potions_floor_spawned":[6,10,18,28,37,41,47],"killed_by":"Donu and Deca","ascension_level":0}