{"gold_per_floor":[109,109,130,151,76,114,88,88,167,203,203,239,252,327,327,422,422],"floor_reached":17,"playtime":489,"items_purged":["Strike_G"],"score":346,"play_id":"f17db36b-9a87-49e6-aeb2-0ad6d8332a4a","local_time":"20190615093921","is_ascension_mode":true,"campfire_choices":[{"data":"Sunder","floor":8,"key":"SMITH"},{"floor":11,"key":"REST"},{"floor":15,"key":"REST"}],"neow_cost":"NONE","seed_source_timestamp":315583960380587,"circlet_count":0,"master_deck":["AscendersBane","Survivor","Neutralize","Dagger Throw","Doom and Gloom","Headbutt","Sunder+1","Dodge and Roll","Immolate","Calculated Gamble","Magnetism+1"],"relics":["Ring of the Snake","PrismaticShard","Golden Idol","Bag of Preparation","Bottled Flame","Ninja Scroll","Frozen Egg 2","Pandora\u0027s Box"],"potions_floor_usage":[6,6,10,16,16],"damage_taken":[{"damage":2,"enemies":"Jaw Worm","floor":1,"turns":5},{"damage":0,"enemies":"2 Louse","floor":3,"turns":2},{"damage":8,"enemies":"Small Slimes","floor":4,"turns":6},{"damage":15,"enemies":"Lagavulin","floor":6,"turns":6},{"damage":25,"enemies":"Gremlin Nob","floor":10,"turns":5},{"damage":5,"enemies":"3 Sentries","floor":12,"turns":4},{"damage":0,"enemies":"Looter","floor":13,"turns":2},{"damage":22,"enemies":"Slime Boss","floor":16,"turns":9}],"seed_played":"-5094218833623032094","potions_obtained":[{"floor":0,"key":"PowerPotion"},{"floor":0,"key":"Poison Potion"},{"floor":6,"key":"Block Potion"},{"floor":10,"key":"SteroidPotion"},{"floor":13,"key":"Swift Potion"}],"is_trial":false,"path_per_floor":["M","?","M","M","$","E","$","R","T","E","R","E","M","?","R","B",null],"character_chosen":"THE_SILENT","items_purchased":["Dodge and Roll"],"campfire_rested":2,"item_purchase_floors":[7],"current_hp_per_floor":[57,57,57,49,49,34,34,34,34,9,27,22,22,11,29,7,7],"gold":422,"neow_bonus":"THREE_SMALL_POTIONS","is_prod":false,"is_daily":false,"chose_seed":false,"campfire_upgraded":1,"win_rate":0,"timestamp":1560616761,"path_taken":["M","?","M","M","$","E","?","R","T","E","R","E","M","?","R","BOSS"],"build_version":"2019-01-23","purchased_purges":1,"victory":false,"max_hp_per_floor":[66,60,60,60,60,60,60,60,60,60,60,60,60,60,60,60,60],"card_choices":[{"not_picked":["Thunderclap","Turbo"],"picked":"Dagger Throw","floor":1},{"not_picked":["Gash","Auto Shields"],"picked":"Doom and Gloom","floor":3},{"not_picked":["Deadly Poison","Iron Wave"],"picked":"Headbutt","floor":4},{"not_picked":["Outmaneuver","Catalyst"],"picked":"Sunder","floor":6},{"not_picked":["Sunder","Heatsinks"],"picked":"Immolate","floor":10},{"not_picked":["Havoc","FTL"],"picked":"Calculated Gamble","floor":12},{"not_picked":["Mind Blast","Dagger Throw","Anger"],"picked":"SKIP","floor":13},{"not_picked":["Dark Embrace+1","Juggernaut+1"],"picked":"Magnetism+1","floor":16}],"player_experience":793831,"relics_obtained":[{"floor":6,"key":"Bag of Preparation"},{"floor":9,"key":"Bottled Flame"},{"floor":10,"key":"Ninja Scroll"},{"floor":12,"key":"Frozen Egg 2"}],"event_choices":[{"damage_healed":0,"gold_gain":0,"player_choice":"Lose Max HP","damage_taken":0,"relics_obtained":["Golden Idol"],"max_hp_gain":0,"max_hp_loss":6,"event_name":"Golden Idol","floor":2,"gold_loss":0},{"damage_healed":0,"gold_gain":75,"player_choice":"Gather Gold","damage_taken":11,"max_hp_gain":0,"max_hp_loss":0,"event_name":"World of Goop","floor":14,"gold_loss":0}],"is_beta":false,"boss_relics":[{"not_picked":["Eternal Feather","Runic Dome"],"picked":"Pandora\u0027s Box"}],"items_purged_floors":[5],"is_endless":false,"potions_floor_spawned":[4,6,10,13],"ascension_level":20}