{"gold_per_floor":[110,128,403,416,260,288,288,318,318,318,328,353,353,363,363,459,459,478,197,197,112,112,139,166,166,211,241,257,277,309,341,341,446,446,456,468,568,568,568,598,598,928,928,928,943,554,583,618,618,618,618,618,7,39,39],"floor_reached":56,"playtime":2721,"items_purged":["Regret","Strike_G"],"score":1982,"play_id":"70113158-a9a8-4125-872c-dc460067aa92","local_time":"20181214223542","is_ascension_mode":true,"campfire_choices":[{"data":"Malaise","floor":7.0,"key":"SMITH"},{"data":"Neutralize","floor":10.0,"key":"SMITH"},{"data":"Noxious Fumes","floor":13.0,"key":"SMITH"},{"data":"Night Terror","floor":15.0,"key":"SMITH"},{"data":"Catalyst","floor":25.0,"key":"SMITH"},{"data":"Doppelganger","floor":32.0,"key":"SMITH"},{"floor":41.0,"key":"RECALL"},{"data":"Catalyst","floor":49,"key":"SMITH"},{"data":"Burst","floor":52,"key":"SMITH"}],"neow_cost":"NONE","seed_source_timestamp":226603501224083,"circlet_count":0,"master_deck":["Defend_G","Defend_G","Defend_G","Defend_G","Defend_G","Strike_G","Survivor","Neutralize+1","Flying Knee","Flying Knee","Dash","Malaise+1","Noxious Fumes+1","Night Terror+1","Backstab","Doppelganger+1","Dash+1","Adrenaline+1","Skewer","Footwork+1","Backflip","Caltrops+1","Ghostly","Ghostly","Ghostly","Ghostly","Ghostly","Catalyst+1","Dodge and Roll","Corpse Explosion","Burst+1","PiercingWail+1","Catalyst+1","Well Laid Plans+1","After Image+1","Footwork+1","Dark Shackles"],"special_seed":0,"relics":["Ring of the Snake","Happy Flower","FossilizedHelix","Frozen Egg 2","Pear","Pen Nib","Astrolabe","Oddly Smooth Stone","Blue Candle","WingedGreaves","Letter Opener","Meat on the Bone","PreservedInsect","Singing Bowl","Black Star","StoneCalendar","Regal Pillow","Dead Branch","Ornamental Fan","Old Coin","Bottled Lightning","Anchor","Art of War","Tough Bandages","Bag of Preparation","Strawberry","Orichalcum","Tingsha","Centennial Puzzle","Bag of Marbles"],"potions_floor_usage":[55,55],"damage_taken":[{"damage":2.0,"enemies":"Small Slimes","floor":1.0,"turns":4.0},{"damage":0.0,"enemies":"Cultist","floor":2.0,"turns":3.0},{"damage":8.0,"enemies":"Jaw Worm","floor":4.0,"turns":5.0},{"damage":18.0,"enemies":"Lagavulin","floor":6.0,"turns":8.0},{"damage":5.0,"enemies":"3 Sentries","floor":8.0,"turns":8.0},{"damage":0.0,"enemies":"2 Fungi Beasts","floor":11.0,"turns":3.0},{"damage":0.0,"enemies":"Gremlin Nob","floor":12.0,"turns":5.0},{"damage":0.0,"enemies":"Exordium Wildlife","floor":14.0,"turns":5.0},{"damage":0.0,"enemies":"The Guardian","floor":16.0,"turns":14.0},{"damage":0.0,"enemies":"Spheric Guardian","floor":18.0,"turns":5.0},{"damage":1.0,"enemies":"Gremlin Leader","floor":23.0,"turns":13.0},{"damage":4.0,"enemies":"Book of Stabbing","floor":24.0,"turns":6.0},{"damage":5.0,"enemies":"Gremlin Leader","floor":27.0,"turns":9.0},{"damage":8.0,"enemies":"3 Byrds","floor":28.0,"turns":2.0},{"damage":4.0,"enemies":"Sentry and Sphere","floor":29.0,"turns":9.0},{"damage":0.0,"enemies":"Book of Stabbing","floor":30.0,"turns":7.0},{"damage":0.0,"enemies":"Gremlin Leader","floor":31.0,"turns":7.0},{"damage":9.0,"enemies":"Collector","floor":33.0,"turns":17.0},{"damage":1.0,"enemies":"3 Darklings","floor":35.0,"turns":3.0},{"damage":0.0,"enemies":"Orb Walker","floor":36.0,"turns":7.0},{"damage":0.0,"enemies":"Mind Bloom Boss Battle","floor":37.0,"turns":5.0},{"damage":0.0,"enemies":"Nemesis","floor":40.0,"turns":9.0},{"damage":10.0,"enemies":"Giant Head","floor":42.0,"turns":9.0},{"damage":0.0,"enemies":"3 Darklings","floor":45.0,"turns":2.0},{"damage":0,"enemies":"Nemesis","floor":47,"turns":7},{"damage":0,"enemies":"Reptomancer","floor":48,"turns":7},{"damage":0,"enemies":"Time Eater","floor":50,"turns":10},{"damage":0,"enemies":"Shield and Spear","floor":54,"turns":5},{"damage":0,"enemies":"The Heart","floor":55,"turns":6}],"seed_played":"4548726160613158593","potions_obtained":[{"floor":4.0,"key":"GhostInAJar"},{"floor":6.0,"key":"Fruit Juice"},{"floor":8.0,"key":"EssenceOfSteel"},{"floor":12.0,"key":"EssenceOfSteel"},{"floor":16.0,"key":"EssenceOfSteel"},{"floor":24.0,"key":"Strength Potion"},{"floor":31.0,"key":"GhostInAJar"},{"floor":35.0,"key":"PowerPotion"},{"floor":40.0,"key":"PowerPotion"}],"is_trial":false,"path_per_floor":["M","M","?","M","$","E","R","E","T","R","M","E","R","M","R","B",null,"M","$","?","?","?","E","E","R","T","E","M","M","E","E","R","B",null,"M","M","?","?","?","E","R","E","T","?","M","M","$","E","E","R","B",null,"R","$","E","B",null],"character_chosen":"THE_SILENT","items_purchased":["Malaise","Oddly Smooth Stone","Footwork+1","Backflip","Catalyst","Well Laid Plans+1","Anchor","Footwork+1","Orichalcum","Tingsha","Dark Shackles"],"campfire_rested":0,"item_purchase_floors":[5,19,19,19,46,46,46,53,53,53,53],"current_hp_per_floor":[68,68,68,60,60,42,42,42,52,52,52,52,52,52,52,52,85,85,85,85,85,42,41,37,37,37,32,24,32,32,34,34,25,44,45,47,49,49,47,49,49,39,39,59,59,59,61,68,68,68,68,68,68,70,70],"gold":39,"neow_bonus":"RANDOM_COMMON_RELIC","is_prod":false,"is_daily":false,"chose_seed":false,"campfire_upgraded":8,"win_rate":0,"timestamp":1544852142,"path_taken":["M","M","?","M","$","E","R","E","T","R","M","E","R","M","R","BOSS","M","$","?","?","?","E","E","R","T","E","M","M","E","E","R","BOSS","M","M","?","?","?","E","R","E","T","?","M","$","E","E","R","BOSS","R","$","E","BOSS"],"build_version":"2018-12-13","purchased_purges":2,"victory":true,"max_hp_per_floor":[70,70,70,70,70,70,70,75,85,85,85,85,85,85,85,85,85,85,85,85,85,42,42,42,42,42,42,42,42,42,44,44,44,44,46,48,50,50,47,49,49,49,49,59,59,59,61,68,68,68,68,68,68,70,70],"card_choices":[{"not_picked":["Deadly Poison","Tactician"],"picked":"Flying Knee","floor":1.0},{"not_picked":["Blade Dance","Bane"],"picked":"Flying Knee","floor":2.0},{"not_picked":["Noxious Fumes","Underhanded Strike"],"picked":"Dash","floor":4.0},{"not_picked":["Backflip","Setup"],"picked":"Noxious Fumes","floor":6.0},{"not_picked":["Dodge and Roll","All Out Attack"],"picked":"Night Terror","floor":8.0},{"not_picked":["Dagger Spray","Deflect","Expertise"],"picked":"SKIP","floor":11.0},{"not_picked":["Poisoned Stab","Flying Knee","Acrobatics"],"picked":"SKIP","floor":12.0},{"not_picked":["Dodge and Roll","Prepared"],"picked":"Backstab","floor":14.0},{"not_picked":["Glass Knife","Wraith Form v2+1"],"picked":"Doppelganger","floor":16.0},{"not_picked":["Deadly Poison","Terror+1","Skewer"],"picked":"SKIP","floor":18.0},{"not_picked":["Deadly Poison","Terror+1"],"picked":"Skewer","floor":18.0},{"not_picked":["Slice","Eviscerate"],"picked":"Catalyst","floor":23.0},{"not_picked":["Sucker Punch","Dagger Spray"],"picked":"Dodge and Roll","floor":24.0},{"not_picked":["Poisoned Stab+1","Setup+1","Dagger Spray"],"picked":"SKIP","floor":27.0},{"not_picked":["PiercingWail","Calculated Gamble","Heel Hook"],"picked":"SKIP","floor":28.0},{"not_picked":["Unload","Underhanded Strike","PiercingWail"],"picked":"SKIP","floor":29.0},{"not_picked":["Calculated Gamble","Dodge and Roll","Predator"],"picked":"SKIP","floor":30.0},{"not_picked":["Dagger Spray","Flechettes","Leg Sweep+1"],"picked":"Singing Bowl","floor":31.0},{"not_picked":["Envenom+1","Doppelganger"],"picked":"Corpse Explosion","floor":33.0},{"not_picked":["Concentrate+1","Accuracy+1","Dodge and Roll+1"],"picked":"Singing Bowl","floor":35.0},{"not_picked":["Quick Slash","Deadly Poison","Backflip"],"picked":"Singing Bowl","floor":36.0},{"not_picked":["Deflect+1","Tactician","Terror"],"picked":"Singing Bowl","floor":37.0},{"not_picked":["Blade Dance","Poisoned Stab","Bouncing Flask"],"picked":"Singing Bowl","floor":40.0},{"not_picked":["PiercingWail","Blade Dance"],"picked":"Burst","floor":42.0},{"not_picked":["Accuracy+1","Eviscerate+1"],"picked":"PiercingWail+1","floor":45},{"not_picked":["Bane+1","Leg Sweep+1","Predator"],"picked":"Singing Bowl","floor":47},{"not_picked":["Cloak And Dagger","Slice+1"],"picked":"After Image+1","floor":48},{"not_picked":["Leg Sweep+1","Blade Dance+1","Underhanded Strike+1"],"picked":"Singing Bowl","floor":54}],"player_experience":659307,"relics_obtained":[{"floor":6.0,"key":"FossilizedHelix"},{"floor":8.0,"key":"Frozen Egg 2"},{"floor":9.0,"key":"Pear"},{"floor":12.0,"key":"Pen Nib"},{"floor":23.0,"key":"WingedGreaves"},{"floor":24.0,"key":"Letter Opener"},{"floor":27.0,"key":"Meat on the Bone"},{"floor":30.0,"key":"PreservedInsect"},{"floor":31.0,"key":"Singing Bowl"},{"floor":37.0,"key":"StoneCalendar"},{"floor":40.0,"key":"Regal Pillow"},{"floor":40.0,"key":"Dead Branch"},{"floor":42.0,"key":"Ornamental Fan"},{"floor":42.0,"key":"Old Coin"},{"floor":43.0,"key":"Bottled Lightning"},{"floor":47,"key":"Art of War"},{"floor":47,"key":"Tough Bandages"},{"floor":48,"key":"Bag of Preparation"},{"floor":48,"key":"Strawberry"},{"floor":54,"key":"Centennial Puzzle"},{"floor":54,"key":"Bag of Marbles"}],"event_choices":[{"damage_healed":0.0,"max_hp_gain":0.0,"max_hp_loss":0.0,"gold_gain":275.0,"event_name":"Golden Shrine","player_choice":"Desecrate","floor":3.0,"gold_loss":0.0,"damage_taken":0.0,"cards_obtained":["Regret"]},{"damage_healed":0.0,"max_hp_gain":0.0,"max_hp_loss":0.0,"gold_gain":0.0,"event_name":"The Library","player_choice":"Read","floor":20.0,"gold_loss":0.0,"damage_taken":0.0,"cards_obtained":["Caltrops"]},{"damage_healed":0.0,"max_hp_gain":0.0,"max_hp_loss":0.0,"gold_gain":0.0,"event_name":"Addict","player_choice":"Obtained Relic","floor":21.0,"gold_loss":85.0,"damage_taken":0.0,"relics_obtained":["Blue Candle"]},{"damage_healed":0.0,"max_hp_gain":0.0,"max_hp_loss":43.0,"gold_gain":0.0,"event_name":"Ghosts","player_choice":"Became a Ghost","floor":22.0,"gold_loss":0.0,"damage_taken":0.0,"cards_obtained":["Ghostly","Ghostly","Ghostly","Ghostly","Ghostly"]},{"damage_healed":0.0,"max_hp_gain":0.0,"max_hp_loss":0.0,"gold_gain":0.0,"event_name":"MindBloom","player_choice":"Fight","floor":37.0,"gold_loss":0.0,"damage_taken":0.0},{"damage_healed":0.0,"max_hp_gain":0.0,"max_hp_loss":0.0,"gold_gain":0.0,"event_name":"Tomb of Lord Red Mask","player_choice":"Ignored","floor":38.0,"gold_loss":0.0,"damage_taken":0.0},{"damage_healed":0.0,"max_hp_gain":0.0,"max_hp_loss":3.0,"gold_gain":0.0,"event_name":"Winding Halls","player_choice":"Max HP","floor":39.0,"gold_loss":0.0,"damage_taken":0.0},{"cards_removed":["Grand Finale"],"damage_healed":10.0,"max_hp_gain":10.0,"max_hp_loss":0.0,"gold_gain":0.0,"event_name":"Bonfire Elementals","player_choice":"Offered Rare","floor":44.0,"gold_loss":0.0,"damage_taken":0.0}],"is_beta":false,"boss_relics":[{"not_picked":["HoveringKite","Eternal Feather"],"picked":"Astrolabe"},{"not_picked":["Tiny House","Snecko Eye"],"picked":"Black Star"}],"items_purged_floors":[5,46],"is_endless":false,"potions_floor_spawned":[4,6,8,12,16,24,29,31,33,35,40,48],"ascension_level":1}