{"path_per_floor":["M","?","$","?","?","E","M","M","T","?","R","M","M","M","R","B",null,"M","M","$","M","M","R","?","?","T","?","E","M","R","E","R"],"character_chosen":"DEFECT","items_purchased":["Sunder","Symbiotic Virus","Mind Blast"],"gold_per_floor":[117,117,36,36,36,62,76,91,91,159,159,177,193,208,208,303,333,343,355,29,44,64,64,64,64,145,145,177,195,195,223,223,223],"floor_reached":33,"campfire_rested":4,"playtime":2417,"current_hp_per_floor":[75,80,80,68,52,23,23,23,23,23,47,47,47,47,71,71,85,83,81,81,76,66,66,50,50,50,42,18,18,30,14,26,0],"items_purged":[],"gold":223,"score":387,"play_id":"dbeea25c-71cb-4c51-970d-37265f05efa8","local_time":"20180516114152","is_prod":false,"is_daily":false,"chose_seed":false,"is_ascension_mode":false,"campfire_upgraded":1,"timestamp":1526485312,"path_taken":["M","?","$","?","?","E","M","?","T","?","R","M","M","?","R","BOSS","M","M","$","M","M","R","?","?","T","?","E","?","R","E","R","BOSS"],"build_version":"2018-05-15","seed_source_timestamp":245902924071495,"purchased_purges":0,"victory":false,"master_deck":["Strike_B","Strike_B","Strike_B+1","Strike_B","Defend_B","Defend_B","Defend_B","Defend_B","Zap+1","Dualcast","Loop","Consume","Glacier","Glacier","Hologram+1","Sunder","Electrodynamics","Auto Shields+1","Steam+1","Creative AI","Meteor Strike","Tempest+1","Capacitor","Chill+1","Mind Blast+1","Gash","Ghostly+1","Ghostly+1","Ghostly+1","Ghostly+1","Ghostly+1","Consume+1","Conserve Battery+1"],"max_hp_per_floor":[75,80,80,80,80,80,80,80,80,80,80,80,80,80,80,80,85,85,85,85,85,85,85,85,85,85,42,42,42,42,42,42,42],"relics":["Orrery","Toxic Egg 2","Blue Candle","Cables","Tiny House","Symbiotic Virus","Nilry\u0027s Codex","Centennial Puzzle","Bag of Preparation","Frozen Egg 2"],"card_choices":[{"not_picked":["Axe Kick","Turbo"],"picked":"Loop","floor":0},{"not_picked":["Turbo","Go for the Eyes"],"picked":"Consume","floor":0},{"not_picked":["Ball Lightning","Recycle"],"picked":"Glacier","floor":0},{"not_picked":["Rebound","Capacitor"],"picked":"Glacier","floor":0},{"not_picked":["Barrage","Leap"],"picked":"Hologram","floor":1},{"not_picked":["Barrage","Cold Snap","Sunder"],"picked":"SKIP","floor":6},{"not_picked":["Axe Kick","Scrape","Ball Lightning"],"picked":"SKIP","floor":7},{"not_picked":["Capacitor","Axe Kick"],"picked":"Electrodynamics","floor":8},{"not_picked":["Capacitor","Sweeping Beam"],"picked":"Auto Shields+1","floor":12},{"not_picked":["Chaos+1","Hologram+1"],"picked":"Steam+1","floor":13},{"not_picked":["Undo+1","Beam Cell"],"picked":"Creative AI","floor":14},{"not_picked":["Thunder Strike","Hyperbeam"],"picked":"Meteor Strike","floor":16},{"not_picked":["Go for the Eyes","Beam Cell"],"picked":"Tempest+1","floor":17},{"not_picked":["Skim+1","Go for the Eyes"],"picked":"Capacitor","floor":18},{"not_picked":["Streamline+1","Gash+1"],"picked":"Chill+1","floor":19},{"not_picked":["Rebound","Sweeping Beam","Gash"],"picked":"SKIP","floor":21},{"not_picked":["Leap+1","FTL+1"],"picked":"Gash","floor":22},{"not_picked":["Sunder","Barrage"],"picked":"Consume+1","floor":28},{"not_picked":["Rainbow+1","Ball Lightning"],"picked":"Conserve Battery+1","floor":29},{"not_picked":["Redo+1","Axe Kick+1","Turbo+1"],"picked":"SKIP","floor":31}],"player_experience":278201,"potions_floor_usage":[8,12,13,16,18,21,28],"damage_taken":[{"damage":0,"enemies":"2 Louse","floor":1,"turns":4},{"damage":29,"enemies":"Lagavulin","floor":6,"turns":12},{"damage":0,"enemies":"Small Slimes","floor":7,"turns":7},{"damage":0,"enemies":"Cultist","floor":8,"turns":3},{"damage":0,"enemies":"Large Slime","floor":12,"turns":6},{"damage":0,"enemies":"3 Louse","floor":13,"turns":2},{"damage":0,"enemies":"Blue Slaver","floor":14,"turns":6},{"damage":0,"enemies":"The Guardian","floor":16,"turns":19},{"damage":2,"enemies":"Shell Parasite","floor":18,"turns":12},{"damage":2,"enemies":"Spheric Guardian","floor":19,"turns":10},{"damage":5,"enemies":"Snake Plant","floor":21,"turns":4},{"damage":10,"enemies":"Sentry and Sphere","floor":22,"turns":7},{"damage":24,"enemies":"Slavers","floor":28,"turns":9},{"damage":0,"enemies":"Cultist and Chosen","floor":29,"turns":5},{"damage":16,"enemies":"Book of Stabbing","floor":31,"turns":7},{"damage":57,"enemies":"Automaton","floor":33,"turns":6}],"relics_obtained":[{"floor":6,"key":"Blue Candle"},{"floor":9,"key":"Cables"},{"floor":24,"key":"Nilry\u0027s Codex"},{"floor":26,"key":"Centennial Puzzle"},{"floor":28,"key":"Bag of Preparation"},{"floor":31,"key":"Frozen Egg 2"}],"event_choices":[{"event_name":"Big Fish","player_choice":"Donut","floor":2,"damage_taken":0},{"event_name":"Scrap Ooze","player_choice":"success","floor":4,"damage_taken":12},{"event_name":"Shining Light","player_choice":"Entered Light","floor":5,"damage_taken":0},{"event_name":"Golden Wing","player_choice":"Gained Gold","floor":10,"damage_taken":0},{"event_name":"Cursed Tome","player_choice":"Obtained Book","floor":24,"damage_taken":0},{"event_name":"Vampires","player_choice":"Ignored","floor":25,"damage_taken":0},{"event_name":"Ghosts","player_choice":"Became a Ghost","floor":27,"damage_taken":0}],"boss_relics":[{"not_picked":["Velvet Choker","Sozu"],"picked":"Tiny House"}],"potions_floor_spawned":[6,7,8,14,18,22],"seed_played":"4861770931616234646","killed_by":"Automaton","ascension_level":0,"potions_obtained":[{"floor":6,"key":"EssenceOfSteel"},{"floor":7,"key":"Fire Potion"},{"floor":8,"key":"Dexterity Potion"},{"floor":14,"key":"Block Potion"},{"floor":17,"key":"Poison Potion"},{"floor":18,"key":"Weak Potion"},{"floor":22,"key":"SpeedPotion"}],"is_trial":false}