{"gold_per_floor":[110,110,128,128,151,151,186,206,206,206,219,262,262,275,275,275],"floor_reached":16,"playtime":495,"items_purged":[],"score":224,"play_id":"fe02e121-46b7-4f9c-9d7e-429c9286ada7","local_time":"20181118151628","is_ascension_mode":true,"campfire_choices":[{"data":"Zap","floor":6,"key":"SMITH"},{"data":"Sweeping Beam","floor":10,"key":"SMITH"},{"floor":15,"key":"REST"}],"neow_cost":"NONE","seed_source_timestamp":390421585756945,"circlet_count":0,"master_deck":["AscendersBane","Strike_B","Strike_B","Defend_B","Defend_B","Defend_B","Defend_B","Zap+1","Dualcast","Conserve Battery","Rebound","Sweeping Beam+1","Cold Snap","Glacier","Scrape"],"special_seed":0,"relics":["Cracked Core","Happy Flower","Golden Idol","Bag of Marbles","Kunai","Emotion Chip"],"potions_floor_usage":[7,12],"damage_taken":[{"damage":4.0,"enemies":"Small Slimes","floor":1.0,"turns":4.0},{"damage":0.0,"enemies":"Cultist","floor":3.0,"turns":3.0},{"damage":4,"enemies":"2 Louse","floor":5,"turns":3},{"damage":23,"enemies":"Lagavulin","floor":7,"turns":6},{"damage":2,"enemies":"Red Slaver","floor":8,"turns":3},{"damage":8,"enemies":"Large Slime","floor":11,"turns":4},{"damage":10,"enemies":"3 Sentries","floor":12,"turns":6},{"damage":0,"enemies":"Blue Slaver","floor":14,"turns":3},{"damage":25,"enemies":"Hexaghost","floor":16,"turns":11}],"seed_played":"-2832107768030479889","potions_obtained":[{"floor":1.0,"key":"LiquidBronze"},{"floor":3,"key":"FocusPotion"},{"floor":8,"key":"SpeedPotion"}],"is_trial":false,"path_per_floor":["M","?","M","M","?","M","R","E","M","T","R","M","E","?","M","R","B"],"character_chosen":"DEFECT","items_purchased":[],"campfire_rested":1,"item_purchase_floors":[],"current_hp_per_floor":[60,60,60,53,49,49,26,24,24,24,16,6,6,6,25,0],"gold":275,"neow_bonus":"RANDOM_COMMON_RELIC","is_prod":false,"is_daily":false,"chose_seed":false,"campfire_upgraded":2,"win_rate":0,"timestamp":1542579388,"path_taken":["M","?","M","?","M","R","E","M","T","R","M","E","?","?","R","BOSS"],"build_version":"2018-11-15","purchased_purges":0,"victory":false,"max_hp_per_floor":[71,64,64,64,64,64,64,64,64,64,64,64,64,64,64,64],"card_choices":[{"not_picked":["Consume","Loop"],"picked":"Conserve Battery","floor":1.0},{"not_picked":["Auto Shields","Force Field"],"picked":"Rebound","floor":3},{"not_picked":["Capacitor","Rebound","Hologram"],"picked":"SKIP","floor":5},{"not_picked":["Static Discharge","Compile Driver"],"picked":"Sweeping Beam","floor":7},{"not_picked":["Barrage","Darkness"],"picked":"Cold Snap","floor":8},{"not_picked":["Storm","Gash","Streamline"],"picked":"SKIP","floor":11},{"not_picked":["Coolheaded","Double Energy"],"picked":"Glacier","floor":12},{"not_picked":["Chaos","Hologram","Leap"],"picked":"SKIP","floor":14}],"player_experience":644029,"relics_obtained":[{"floor":7,"key":"Bag of Marbles"},{"floor":9,"key":"Kunai"},{"floor":12,"key":"Emotion Chip"}],"event_choices":[{"damage_healed":0.0,"max_hp_gain":0.0,"max_hp_loss":7.0,"gold_gain":0.0,"event_name":"Golden Idol","player_choice":"Lose Max HP","floor":2.0,"gold_loss":0.0,"damage_taken":0.0,"relics_obtained":["Golden Idol"]},{"cards_removed":["Strike_B"],"damage_healed":0,"gold_gain":0,"player_choice":"Card Removal","damage_taken":7,"max_hp_gain":0,"max_hp_loss":0,"event_name":"Golden Wing","floor":4,"gold_loss":0},{"damage_healed":0,"gold_gain":0,"cards_transformed":["Strike_B"],"player_choice":"Transformed","damage_taken":0,"max_hp_gain":0,"max_hp_loss":0,"event_name":"Transmorgrifier","floor":13,"gold_loss":0,"cards_obtained":["Scrape"]}],"is_beta":false,"boss_relics":[],"items_purged_floors":[],"is_endless":false,"potions_floor_spawned":[1,3,5,8],"killed_by":"Hexaghost","ascension_level":20}