{"gold_per_floor":[118,118,27,43,57,57,73,27,27,39,39,53,53,69,69,173,173,185,203,128,128,143,143,163,163,189,104,4,31,31,41,41,41],"floor_reached":33,"playtime":3893,"items_purged":["Strike_R","Strike_R"],"score":259,"play_id":"29e90c59-6c5a-4ed7-87e4-85d39c039ac4","local_time":"20190317122420","is_ascension_mode":false,"campfire_choices":[{"data":"Whirlwind","floor":6,"key":"SMITH"},{"data":"Hemokinesis","floor":11,"key":"SMITH"},{"data":"Juggernaut","floor":15,"key":"SMITH"},{"floor":23,"key":"REST"},{"floor":25,"key":"REST"},{"floor":32,"key":"REST"}],"neow_cost":"NONE","seed_source_timestamp":277772294783698,"circlet_count":0,"master_deck":["Defend_R","Defend_R","Defend_R","Hemokinesis+1","Good Instincts","Whirlwind+1","Headbutt","Pommel Strike","Shrug It Off","Thunderclap","Juggernaut+1","Rampage","Fiend Fire","Flex+1","Cleave+1","Infernal Blade+1","Iron Wave","Metallicize","Pommel Strike","Headbutt","Cleave","Battle Trance","Anger+1","Thunderclap+1"],"relics":["Burning Blood","Dream Catcher","Juzu Bracelet","Astrolabe","MutagenicStrength","Strawberry","Gremlin Horn","Meat on the Bone"],"potions_floor_usage":[16,16,16,29,29,31,31],"damage_taken":[{"damage":4,"enemies":"Cultist","floor":1,"turns":4},{"damage":6,"enemies":"Jaw Worm","floor":4,"turns":4},{"damage":13,"enemies":"Small Slimes","floor":5,"turns":5},{"damage":3,"enemies":"Looter","floor":7,"turns":4},{"damage":6,"enemies":"Exordium Thugs","floor":10,"turns":5},{"damage":0,"enemies":"3 Louse","floor":12,"turns":1},{"damage":0,"enemies":"2 Fungi Beasts","floor":14,"turns":2},{"damage":48,"enemies":"Hexaghost","floor":16,"turns":9},{"damage":24,"enemies":"Spheric Guardian","floor":18,"turns":4},{"damage":24,"enemies":"Chosen","floor":19,"turns":5},{"damage":14,"enemies":"Centurion and Healer","floor":22,"turns":5},{"damage":25,"enemies":"Chosen and Byrds","floor":24,"turns":4},{"damage":51,"enemies":"Slavers","floor":29,"turns":6},{"damage":25,"enemies":"Snecko","floor":31,"turns":6},{"damage":67,"enemies":"Automaton","floor":33,"turns":6}],"seed_played":"1309649371830415575","potions_obtained":[{"floor":4,"key":"Strength Potion"},{"floor":10,"key":"FearPotion"},{"floor":14,"key":"Block Potion"},{"floor":16,"key":"Dexterity Potion"},{"floor":18,"key":"Strength Potion"},{"floor":19,"key":"Weak Potion"},{"floor":29,"key":"BloodPotion"}],"is_trial":false,"path_per_floor":["M","?","$","M","M","R","M","$","T","M","R","M","?","M","R","B",null,"M","M","$","?","M","R","M","R","T","?","$","E","?","M","R","B"],"character_chosen":"IRONCLAD","items_purchased":["Good Instincts","Shrug It Off"],"campfire_rested":3,"item_purchase_floors":[3,8],"current_hp_per_floor":[80,80,80,80,73,73,76,76,76,76,76,80,80,80,80,38,80,62,44,44,44,36,60,41,65,72,72,72,27,27,28,54,0],"gold":41,"neow_bonus":"RANDOM_COMMON_RELIC","is_prod":false,"is_daily":false,"chose_seed":false,"campfire_upgraded":3,"win_rate":0.0,"timestamp":1552839860,"path_taken":["M","?","$","?","M","R","M","$","T","M","R","M","?","M","R","BOSS","M","M","$","?","M","R","M","R","T","?","$","E","?","M","R","BOSS"],"build_version":"2019-01-23","purchased_purges":2,"victory":false,"max_hp_per_floor":[80,80,80,80,80,80,80,80,80,80,80,80,80,80,80,80,80,80,80,80,80,80,80,80,80,87,87,87,87,87,87,87,87],"card_choices":[{"not_picked":["Flex","Carnage"],"picked":"Hemokinesis","floor":1},{"not_picked":["Entrench","Uppercut"],"picked":"Whirlwind","floor":4},{"not_picked":["Rage","Corruption"],"picked":"Headbutt","floor":5},{"not_picked":["Thunderclap","Armaments"],"picked":"Pommel Strike","floor":7},{"not_picked":["Shrug It Off","Warcry"],"picked":"Thunderclap","floor":10},{"not_picked":["Pommel Strike","Clothesline"],"picked":"Juggernaut","floor":12},{"not_picked":["Body Slam","Cleave"],"picked":"Rampage","floor":14},{"not_picked":["Reaper","Juggernaut"],"picked":"Fiend Fire","floor":16},{"not_picked":["Ghostly Armor","Clothesline"],"picked":"Iron Wave","floor":18},{"not_picked":["Disarm","Anger"],"picked":"Metallicize","floor":19},{"not_picked":["Hemokinesis","Warcry","Infernal Blade"],"picked":"SKIP","floor":22},{"not_picked":["Thunderclap","Cleave"],"picked":"Pommel Strike","floor":23},{"not_picked":["True Grit","Uppercut+1"],"picked":"Headbutt","floor":24},{"not_picked":["Body Slam","Searing Blow"],"picked":"Cleave","floor":25},{"not_picked":["Burning Pact","Perfected Strike"],"picked":"Battle Trance","floor":29},{"not_picked":["Inflame+1","Uppercut"],"picked":"Anger+1","floor":31},{"not_picked":["True Grit","Feed"],"picked":"Thunderclap+1","floor":32}],"player_experience":11714,"relics_obtained":[{"floor":9,"key":"Juzu Bracelet"},{"floor":26,"key":"Strawberry"},{"floor":29,"key":"Meat on the Bone"}],"event_choices":[{"cards_removed":["Strike_R"],"damage_healed":0,"gold_gain":0,"player_choice":"Purged","damage_taken":0,"max_hp_gain":0,"max_hp_loss":0,"event_name":"Purifier","floor":2,"gold_loss":0},{"damage_healed":0,"gold_gain":0,"player_choice":"Bought 0 Potions","damage_taken":0,"max_hp_gain":0,"max_hp_loss":0,"event_name":"The Woman in Blue","floor":13,"gold_loss":0},{"damage_healed":0,"gold_gain":0,"player_choice":"Inject Mutagens","damage_taken":0,"relics_obtained":["MutagenicStrength"],"max_hp_gain":0,"max_hp_loss":0,"event_name":"Drug Dealer","floor":21,"gold_loss":0},{"damage_healed":0,"gold_gain":0,"player_choice":"Obtained Relic","damage_taken":0,"relics_obtained":["Gremlin Horn"],"max_hp_gain":0,"max_hp_loss":0,"event_name":"Addict","floor":27,"gold_loss":85},{"cards_removed":["Bash"],"damage_healed":0,"gold_gain":0,"player_choice":"Card Removal","damage_taken":0,"max_hp_gain":0,"max_hp_loss":0,"event_name":"Wheel of Change","floor":30,"gold_loss":0}],"is_beta":false,"boss_relics":[{"not_picked":["Sozu","Lizard Tail"],"picked":"Astrolabe"}],"items_purged_floors":[20,28],"is_endless":false,"potions_floor_spawned":[4,10,14,16,18,19,29],"killed_by":"Automaton","ascension_level":0}