{"gold_per_floor":[119,135,135,150,250,250,283,297,320,330,359,370,20,43,43,139,139,159,171,270,282,305,340,76,76,131,144,172,172,202,202,202,300,300,320,337,351,74,86,112,112,146,172,188,215,215,245,263,263,263],"floor_reached":51,"playtime":1315,"items_purged":["Defend_R"],"score":1105,"play_id":"af036a1b-5a98-486a-b1f9-bef05ee3e661","local_time":"20181118140826","is_ascension_mode":true,"campfire_choices":[{"data":"Bash","floor":6.0,"key":"SMITH"},{"data":"Armaments","floor":15,"key":"SMITH"},{"data":"True Grit","floor":25,"key":"SMITH"},{"floor":29,"key":"REST"},{"data":"Perfected Strike","floor":32,"key":"SMITH"},{"floor":46,"key":"REST"},{"floor":49,"key":"REST"}],"neow_cost":"NONE","seed_source_timestamp":385511496539706,"circlet_count":0,"master_deck":["Strike_R","Strike_R","Strike_R","Strike_R","Strike_R","Defend_R+1","Defend_R","Defend_R+1","Bash+1","Clash","Perfected Strike+1","Perfected Strike","Armaments+1","Perfected Strike","Wild Strike+1","True Grit+1","Pommel Strike+1","Pommel Strike","Twin Strike+1","True Grit+1","Wild Strike+1","Twin Strike+1","Perfected Strike+1","Shrug It Off","Twin Strike+1","Perfected Strike+1"],"special_seed":0,"relics":["Burning Blood","NeowsBlessing","Orichalcum","Oddly Smooth Stone","War Paint","Bronze Scales","ClockworkSouvenir","Bag of Preparation","Odd Mushroom","Philosopher\u0027s Stone","Smiling Mask","Omamori","Membership Card","Tiny Chest","Vajra","Art of War","PreservedInsect","Shuriken","Fusion Hammer","Torii","Whetstone","Bottled Lightning","Question Card","Pen Nib","Ancient Tea Set","Calipers","Anchor"],"potions_floor_usage":[16,23,23,33,40,50,50,50],"damage_taken":[{"damage":0.0,"enemies":"Cultist","floor":1.0,"turns":1.0},{"damage":0.0,"enemies":"2 Louse","floor":2.0,"turns":1.0},{"damage":0.0,"enemies":"Small Slimes","floor":4.0,"turns":1.0},{"damage":3.0,"enemies":"Gremlin Nob","floor":7.0,"turns":3.0},{"damage":0.0,"enemies":"Exordium Wildlife","floor":8.0,"turns":2.0},{"damage":1.0,"enemies":"Blue Slaver","floor":10.0,"turns":3.0},{"damage":3.0,"enemies":"3 Sentries","floor":11.0,"turns":6.0},{"damage":11.0,"enemies":"Lots of Slimes","floor":12.0,"turns":4.0},{"damage":6,"enemies":"The Mushroom Lair","floor":14,"turns":3},{"damage":0,"enemies":"Slime Boss","floor":16,"turns":4},{"damage":6,"enemies":"Chosen","floor":18,"turns":2},{"damage":8,"enemies":"Shell Parasite","floor":19,"turns":3},{"damage":21,"enemies":"Shelled Parasite and Fungi","floor":21,"turns":4},{"damage":7,"enemies":"Gremlin Leader","floor":23,"turns":4},{"damage":13,"enemies":"3 Cultists","floor":27,"turns":4},{"damage":29,"enemies":"Slavers","floor":28,"turns":4},{"damage":11,"enemies":"Gremlin Leader","floor":30,"turns":4},{"damage":38,"enemies":"Collector","floor":33,"turns":7},{"damage":0,"enemies":"3 Shapes","floor":35,"turns":3},{"damage":6,"enemies":"Orb Walker","floor":36,"turns":2},{"damage":20,"enemies":"Maw","floor":37,"turns":4},{"damage":1,"enemies":"Sphere and 2 Shapes","floor":39,"turns":4},{"damage":21,"enemies":"Nemesis","floor":40,"turns":3},{"damage":8,"enemies":"Giant Head","floor":42,"turns":4},{"damage":1,"enemies":"3 Darklings","floor":44,"turns":4},{"damage":28,"enemies":"Nemesis","floor":45,"turns":3},{"damage":1,"enemies":"Giant Head","floor":47,"turns":4},{"damage":24,"enemies":"Writhing Mass","floor":48,"turns":3},{"damage":17,"enemies":"Donu and Deca","floor":50,"turns":5}],"seed_played":"284508988176103722","potions_obtained":[{"floor":2.0,"key":"SneckoOil"},{"floor":4.0,"key":"Fire Potion"},{"floor":7.0,"key":"SteroidPotion"},{"floor":11.0,"key":"Regen Potion"},{"floor":16,"key":"Regen Potion"},{"floor":27,"key":"Block Potion"},{"floor":28,"key":"AttackPotion"},{"floor":35,"key":"Energy Potion"},{"floor":36,"key":"Dexterity Potion"},{"floor":40,"key":"EssenceOfSteel"},{"floor":42,"key":"Block Potion"}],"is_trial":false,"path_per_floor":["M","M","?","M","?","R","E","M","T","M","E","M","$","?","R","B",null,"M","M","?","M","T","E","$","R","T","M","E","R","E","T","R","B",null,"M","M","M","$","M","E","T","E","T","M","E","R","E","M","R","B",null],"character_chosen":"IRONCLAD","items_purchased":["ClockworkSouvenir","Bag of Preparation","Membership Card","Tiny Chest","Pommel Strike","Torii","Whetstone"],"campfire_rested":3,"item_purchase_floors":[13,13,24,24,24,38,38],"current_hp_per_floor":[80,80,68,74,74,74,77,80,80,80,80,75,75,75,75,80,80,80,78,78,63,63,80,80,80,80,73,50,74,69,69,69,37,80,80,80,66,66,71,56,56,54,54,59,37,61,66,48,72,61],"gold":263,"neow_bonus":"THREE_ENEMY_KILL","is_prod":false,"is_daily":false,"chose_seed":false,"campfire_upgraded":4,"win_rate":0,"timestamp":1542575306,"path_taken":["M","M","?","M","?","R","E","?","T","M","E","M","$","?","R","BOSS","M","M","?","M","?","E","$","R","T","M","E","R","E","?","R","BOSS","M","?","M","$","M","E","?","E","T","M","E","R","E","M","R","BOSS"],"build_version":"2018-11-15","purchased_purges":1,"victory":true,"max_hp_per_floor":[80,80,80,80,80,80,80,80,80,80,80,80,80,80,80,80,80,80,80,80,80,80,80,80,80,80,80,80,80,80,80,80,80,80,80,80,80,80,80,80,80,80,80,80,80,80,80,80,80,80],"card_choices":[{"not_picked":["Heavy Blade","Body Slam"],"picked":"Clash","floor":1.0},{"not_picked":["Anger","Iron Wave"],"picked":"Perfected Strike","floor":2.0},{"not_picked":["Warcry","Heavy Blade","Body Slam"],"picked":"SKIP","floor":4.0},{"not_picked":["Flex","Clothesline","Warcry"],"picked":"SKIP","floor":7.0},{"not_picked":["Infernal Blade","Flex","Warcry"],"picked":"SKIP","floor":8.0},{"not_picked":["Havoc","Warcry","Sword Boomerang"],"picked":"SKIP","floor":10.0},{"not_picked":["Power Through","Warcry"],"picked":"Perfected Strike","floor":11.0},{"not_picked":["Juggernaut","Feel No Pain"],"picked":"Armaments","floor":12.0},{"not_picked":["Warcry","Reckless Charge"],"picked":"Perfected Strike","floor":14},{"not_picked":["Dropkick","Heavy Blade+1","Shockwave"],"picked":"SKIP","floor":18},{"not_picked":["Havoc+1","Disarm","Carnage+1"],"picked":"SKIP","floor":19},{"not_picked":["Heavy Blade","Clash"],"picked":"Wild Strike+1","floor":21},{"not_picked":["Flame Barrier+1","Bludgeon"],"picked":"True Grit","floor":23},{"not_picked":["Second Wind+1","Sword Boomerang+1"],"picked":"Pommel Strike","floor":27},{"not_picked":["Power Through+1","Flex","Burning Pact+1"],"picked":"SKIP","floor":28},{"not_picked":["Blood for Blood","Rage","True Grit"],"picked":"SKIP","floor":30},{"not_picked":["Searing Blow+1","Rupture"],"picked":"Twin Strike","floor":35},{"not_picked":["Power Through","Rage+1"],"picked":"True Grit+1","floor":36},{"not_picked":["Corruption+1","True Grit"],"picked":"Wild Strike+1","floor":37},{"not_picked":["Iron Wave+1","Power Through+1","Dual Wield"],"picked":"SKIP","floor":39},{"not_picked":["Feel No Pain+1","Clothesline+1","Corruption+1"],"picked":"SKIP","floor":40},{"not_picked":["Infernal Blade","Armaments","Fire Breathing+1"],"picked":"Twin Strike+1","floor":42},{"not_picked":["True Grit+1","Bludgeon","Clash+1"],"picked":"Perfected Strike+1","floor":44},{"not_picked":["Pommel Strike+1","Intimidate+1","Twin Strike+1"],"picked":"Shrug It Off","floor":45},{"not_picked":["Rampage","Bloodletting","Iron Wave+1"],"picked":"Twin Strike+1","floor":47},{"not_picked":["Iron Wave","Heavy Blade","Headbutt"],"picked":"Perfected Strike+1","floor":48}],"player_experience":642714,"relics_obtained":[{"floor":7.0,"key":"Oddly Smooth Stone"},{"floor":9.0,"key":"War Paint"},{"floor":11.0,"key":"Bronze Scales"},{"floor":14,"key":"Odd Mushroom"},{"floor":22,"key":"Smiling Mask"},{"floor":23,"key":"Omamori"},{"floor":26,"key":"Vajra"},{"floor":28,"key":"Art of War"},{"floor":30,"key":"PreservedInsect"},{"floor":31,"key":"Shuriken"},{"floor":40,"key":"Bottled Lightning"},{"floor":41,"key":"Question Card"},{"floor":42,"key":"Pen Nib"},{"floor":43,"key":"Ancient Tea Set"},{"floor":45,"key":"Calipers"},{"floor":47,"key":"Anchor"}],"event_choices":[{"damage_healed":0.0,"max_hp_gain":0.0,"max_hp_loss":0.0,"gold_gain":0.0,"event_name":"Scrap Ooze","player_choice":"Success","floor":3.0,"gold_loss":0.0,"damage_taken":12.0,"relics_obtained":["Orichalcum"]},{"damage_healed":0.0,"max_hp_gain":0.0,"max_hp_loss":0.0,"gold_gain":100.0,"event_name":"Wheel of Change","player_choice":"Gold","floor":5.0,"gold_loss":0.0,"damage_taken":0.0},{"damage_healed":0,"gold_gain":0,"player_choice":"Fought Mushrooms","damage_taken":0,"max_hp_gain":0,"max_hp_loss":0,"event_name":"Mushrooms","floor":14,"gold_loss":0},{"damage_healed":0,"gold_gain":99,"player_choice":"Stole From Cult","damage_taken":0,"max_hp_gain":0,"max_hp_loss":0,"event_name":"Nest","floor":20,"gold_loss":0}],"is_beta":false,"boss_relics":[{"not_picked":["Pandora\u0027s Box","Orrery"],"picked":"Philosopher\u0027s Stone"},{"not_picked":["Tiny House","White Beast Statue"],"picked":"Fusion Hammer"}],"items_purged_floors":[38],"is_endless":false,"potions_floor_spawned":[2,4,7,10,11,14,16,27,28,35,36,40,42],"ascension_level":1}