{"path_per_floor":["M","?","M","?","?","R","M","R","T","M","$","R","M","M","R","B",null,"M","?","?","?","$"],"character_chosen":"IRONCLAD","items_purchased":["Limit Break"],"gold_per_floor":[110,285,297,297,297,297,321,321,348,369,153,153,174,194,194,313,313,332,332,232,232,132,132],"floor_reached":23,"campfire_rested":2,"playtime":547,"current_hp_per_floor":[67,67,61,61,43,64,66,66,66,70,70,70,55,49,71,32,75,48,39,39,39,39,0],"items_purged":["Regret","Decay"],"gold":132,"score":204,"play_id":"f9415268-2d52-4a66-8f50-fa1aba56aea4","local_time":"20180415232253","is_prod":false,"is_daily":false,"chose_seed":false,"is_ascension_mode":false,"campfire_upgraded":2,"timestamp":1523848973,"path_taken":["M","?","M","?","?","R","M","R","T","M","$","R","M","M","R","BOSS","M","?","?","?","$","E"],"build_version":"2018-04-12","seed_source_timestamp":19724777895514,"purchased_purges":2,"victory":false,"master_deck":["Strike_R+1","Strike_R","Strike_R+1","Strike_R","Strike_R","Defend_R","Defend_R","Bash","Flex","Inflame","Infernal Blade+1","Doubt","Thunderclap","Flex","Limit Break+1","Feed","Inflame","Offering","Writhe","Ghostly","Ghostly","Ghostly","Ghostly","Ghostly","J.A.X."],"max_hp_per_floor":[72,72,72,72,72,72,72,72,72,72,72,72,72,75,75,75,75,78,39,39,39,39,42],"relics":["Burning Blood","Gremlin Horn","Golden Idol","Whetstone","Calling Bell","Regal Pillow","Kunai","Art of War"],"card_choices":[{"not_picked":["Reckless Charge","Thunderclap"],"picked":"Infernal Blade","floor":1},{"not_picked":["Clothesline","Seeing Red"],"picked":"Thunderclap","floor":3},{"not_picked":["Headbutt","Twin Strike"],"picked":"Flex","floor":7},{"not_picked":["Spot Weakness","Metallicize"],"picked":"Feed","floor":13},{"not_picked":["Twin Strike","Blood for Blood"],"picked":"Inflame","floor":14},{"not_picked":["Dark Embrace","Impervious"],"picked":"Offering","floor":16}],"player_experience":654010,"potions_floor_usage":[10,16,18],"damage_taken":[{"damage":11,"enemies":"Jaw Worm","floor":1,"turns":3},{"damage":12,"enemies":"2 Louse","floor":3,"turns":2},{"damage":4,"enemies":"Cultist","floor":7,"turns":3},{"damage":2,"enemies":"2 Fungi Beasts","floor":10,"turns":2},{"damage":21,"enemies":"Exordium Wildlife","floor":13,"turns":3},{"damage":15,"enemies":"Looter","floor":14,"turns":3},{"damage":45,"enemies":"The Guardian","floor":16,"turns":7},{"damage":36,"enemies":"Spheric Guardian","floor":18,"turns":4},{"damage":47,"enemies":"Slavers","floor":23,"turns":7}],"event_choices":[{"event_name":"Liars Game","player_choice":"agreed","floor":2,"damage_taken":0},{"event_name":"Big Fish","player_choice":"Box","floor":4,"damage_taken":0},{"event_name":"Golden Idol","player_choice":"Take Damage","floor":5,"damage_taken":0},{"event_name":"Ghosts","player_choice":"Became a Ghost","floor":19,"damage_taken":0},{"event_name":"Drug Dealer","player_choice":"Got JAXXED","floor":20,"damage_taken":0},{"event_name":"Wheel of Change","player_choice":"Card Removal","floor":21,"damage_taken":0}],"boss_relics":[{"not_picked":["Tiny House","Black Blood"],"picked":"Calling Bell"}],"potions_floor_spawned":[3,10,16],"seed_played":"-1758681873875771622","killed_by":"Slavers","ascension_level":0,"is_trial":false}