{"gold_per_floor":[114,114,114,114,26,26,76,76,76,112,112,147,170,170,170,301,301,325,325,325,92,92,425,446,479,479,429,429,444,45,68,68,198,198,217,1216,1216,1216,596,596,596,635,635,674,695,695,733,752,752,752],"floor_reached":51,"playtime":2583,"items_purged":["Normality"],"score":970,"play_id":"d3568fdd-1a8d-40c4-9cd3-f82713c57361","local_time":"20180627030124","is_ascension_mode":true,"campfire_choices":[{"floor":6,"key":"REST"},{"data":"Spot Weakness","floor":8,"key":"SMITH"},{"data":"Body Slam","floor":11,"key":"SMITH"},{"floor":15,"key":"REST"},{"data":"Dark Embrace","floor":32,"key":"SMITH"},{"data":"Rampage","floor":40,"key":"SMITH"},{"floor":46,"key":"REST"},{"data":"Dark Embrace","floor":49,"key":"SMITH"}],"neow_cost":"","seed_source_timestamp":0,"circlet_count":0,"master_deck":["Strike_R+1","Strike_R+1","Strike_R+1","Strike_R+1","Strike_R+1","Defend_R+1","Defend_R+1","Defend_R+1","Bash","Spot Weakness+1","Good Instincts+1","Body Slam+1","Cleave","Offering+1","Double Tap+1","Clash","Rampage+1","Flame Barrier+1","Headbutt","Dark Embrace+1","Havoc+1","Ghostly+1","Ghostly+1","Ghostly+1","Ghostly+1","Ghostly+1","Sever Soul+1","Reaper","Shockwave+1","Normality","Clothesline+1","Decay","Spot Weakness+1","Dark Embrace+1","Flex+1"],"special_seed":17709,"relics":["Burning Blood","Toxic Egg 2","Golden Idol","Happy Flower","Pear","Lantern","Juzu Bracelet","Ornamental Fan","Eternal Feather","Bag of Preparation","Old Coin","Toolbox","Turnip","Bag of Marbles","Paper Frog","Cursed Key","Molten Egg 2","Mango","Bottled Lightning","Centennial Puzzle","Bottled Tornado","Art of War","Darkstone Periapt"],"potions_floor_usage":[16,18,31,42,48],"damage_taken":[{"damage":7.0,"enemies":"Small Slimes","floor":1.0,"turns":4.0},{"damage":27,"enemies":"3 Sentries","floor":10,"turns":9},{"damage":18,"enemies":"Gremlin Nob","floor":12,"turns":4},{"damage":0,"enemies":"2 Louse","floor":13,"turns":2},{"damage":67,"enemies":"Hexaghost","floor":16,"turns":8},{"damage":4,"enemies":"3 Byrds","floor":18,"turns":3},{"damage":23,"enemies":"Gremlin Leader","floor":23,"turns":5},{"damage":4,"enemies":"Chosen","floor":24,"turns":3},{"damage":11,"enemies":"Book of Stabbing","floor":25,"turns":4},{"damage":1,"enemies":"Snake Plant","floor":29,"turns":2},{"damage":4,"enemies":"Cultist and Chosen","floor":31,"turns":5},{"damage":44,"enemies":"Collector","floor":33,"turns":10},{"damage":6,"enemies":"3 Darklings","floor":35,"turns":6},{"damage":32,"enemies":"Giant Head","floor":42,"turns":8},{"damage":62,"enemies":"2 Orb Walkers","floor":44,"turns":8},{"damage":4,"enemies":"3 Shapes","floor":45,"turns":1},{"damage":10,"enemies":"Giant Head","floor":47,"turns":8},{"damage":5,"enemies":"Maw","floor":48,"turns":8},{"damage":64,"enemies":"Donu and Deca","floor":50,"turns":9}],"seed_played":"-4516818531686674554","potions_obtained":[{"floor":4,"key":"FairyPotion"},{"floor":4,"key":"LiquidBronze"},{"floor":4,"key":"SneckoOil"},{"floor":16,"key":"Dexterity Potion"},{"floor":23,"key":"GamblersBrew"},{"floor":33,"key":"Regen Potion"},{"floor":42,"key":"FairyPotion"},{"floor":47,"key":"Dexterity Potion"}],"is_trial":false,"path_per_floor":["M","?","?","?","$","R","T","R","T","E","R","E","M","T","R","B",null,"M","?","?","$","?","E","M","E","T","?","?","M","$","M","R","B",null,"M","?","?","?","$","R","?","E","T","E","M","R","E","M","R","B"],"character_chosen":"IRONCLAD","items_purchased":["Good Instincts+1","Bag of Preparation","Flame Barrier+1","Bag of Marbles","Paper Frog","Mango","Bottled Lightning"],"campfire_rested":3,"item_purchase_floors":[5,21,21,30,30,39,39],"current_hp_per_floor":[79,67,47,47,47,71,71,71,81,60,60,48,54,54,81,20,90,90,90,90,90,90,73,75,70,70,70,45,45,45,45,45,7,45,45,45,45,45,59,59,59,38,38,17,19,48,44,59,59,35],"gold":752,"neow_bonus":"","is_prod":false,"is_daily":false,"chose_seed":false,"campfire_upgraded":5,"win_rate":0,"timestamp":1530082884,"path_taken":["M","?","?","?","$","R","?","R","T","E","R","E","M","?","R","BOSS","M","?","?","$","?","E","M","E","T","?","?","M","?","M","R","BOSS","M","?","?","?","$","R","?","E","T","E","M","R","E","M","R","BOSS"],"build_version":"2018-06-26","purchased_purges":1,"victory":true,"max_hp_per_floor":[80,80,80,80,80,80,80,80,90,90,90,90,90,90,90,90,90,90,90,90,90,90,90,90,90,90,90,45,45,45,45,45,45,45,45,45,45,45,59,59,59,59,59,59,59,59,59,59,59,59],"card_choices":[{"not_picked":["Armaments","True Grit"],"picked":"Spot Weakness","floor":1},{"not_picked":["Corruption","Hemokinesis"],"picked":"Body Slam","floor":10},{"not_picked":["Headbutt","Perfected Strike"],"picked":"Cleave","floor":12},{"not_picked":["Thunderclap","Clash"],"picked":"Offering+1","floor":13},{"not_picked":["Fiend Fire","Reaper"],"picked":"Double Tap+1","floor":16},{"not_picked":["Carnage","Ghostly Armor+1"],"picked":"Clash","floor":18},{"not_picked":["Pommel Strike","Carnage+1"],"picked":"Headbutt","floor":23},{"not_picked":["Corruption","Headbutt+1"],"picked":"Dark Embrace","floor":24},{"not_picked":["Sword Boomerang","Power Through+1"],"picked":"Havoc+1","floor":25},{"not_picked":["Fire Breathing","Warcry+1","Iron Wave"],"picked":"SKIP","floor":29},{"not_picked":["Sword Boomerang","Rage+1"],"picked":"Sever Soul+1","floor":31},{"not_picked":["Exhume+1","Offering+1"],"picked":"Reaper","floor":33},{"not_picked":["Uppercut+1","Havoc+1"],"picked":"Shockwave+1","floor":35},{"not_picked":["Bloodletting+1","Headbutt+1"],"picked":"Clothesline+1","floor":42},{"not_picked":["Cleave+1","Havoc+1"],"picked":"Spot Weakness+1","floor":44},{"not_picked":["Wild Strike+1","Hemokinesis+1","Warcry+1"],"picked":"SKIP","floor":45},{"not_picked":["Blood for Blood+1","True Grit+1"],"picked":"Dark Embrace","floor":47},{"not_picked":["Perfected Strike+1","Rampage+1"],"picked":"Flex+1","floor":48}],"player_experience":350119,"relics_obtained":[{"floor":7,"key":"Happy Flower"},{"floor":9,"key":"Pear"},{"floor":10,"key":"Lantern"},{"floor":12,"key":"Juzu Bracelet"},{"floor":14,"key":"Ornamental Fan"},{"floor":23,"key":"Old Coin"},{"floor":25,"key":"Toolbox"},{"floor":26,"key":"Turnip"},{"floor":42,"key":"Centennial Puzzle"},{"floor":43,"key":"Bottled Tornado"},{"floor":44,"key":"Art of War"},{"floor":47,"key":"Darkstone Periapt"}],"event_choices":[{"event_name":"Scrap Ooze","player_choice":"success","floor":2,"damage_taken":12},{"event_name":"Golden Idol","player_choice":"Take Damage","floor":3,"damage_taken":0},{"event_name":"The Lab","player_choice":"Got Potions","floor":4,"damage_taken":0},{"event_name":"The Library","player_choice":"Read","floor":19,"damage_taken":0},{"event_name":"Back to Basics","player_choice":"Simplicity","floor":20,"damage_taken":0},{"event_name":"Wheel of Change","player_choice":"Full Heal","floor":22,"damage_taken":0},{"event_name":"The Joust","player_choice":"Bet on Murderer","floor":27,"damage_taken":0},{"event_name":"Ghosts","player_choice":"Became a Ghost","floor":28,"damage_taken":0},{"event_name":"MindBloom","player_choice":"Gold","floor":36,"damage_taken":0},{"event_name":"Wheel of Change","player_choice":"Card Removal","floor":37,"damage_taken":0},{"event_name":"Accursed Blacksmith","player_choice":"Rummage","floor":38,"damage_taken":0},{"event_name":"Falling","player_choice":"Removed Skill","floor":41,"damage_taken":0}],"boss_relics":[{"not_picked":["Sozu","Empty Cage"],"picked":"Eternal Feather"},{"not_picked":["Runic Cube","Lizard Tail"],"picked":"Cursed Key"}],"items_purged_floors":[39],"is_endless":false,"potions_floor_spawned":[12,16,23,29,33,42,47],"ascension_level":2}