{"gold_per_floor":[116,306,112,124,137,164,164,164,164,199,199,120,145,159,159,263,263,282,57,57,57,70,101,101,101,124,124,157,157,189,203,203,307,307,327,327,341,58,74,74,91,91,116,20,34,34,34,48,48,48],"floor_reached":51,"playtime":4188,"items_purged":["Strike_B"],"score":800,"play_id":"f143fec4-e72c-4d74-b1a8-faa513918c55","local_time":"20190701194321","is_ascension_mode":true,"campfire_choices":[{"data":"Zap","floor":8,"key":"SMITH"},{"floor":11,"key":"REST"},{"floor":15,"key":"REST"},{"floor":24,"key":"REST"},{"floor":27,"key":"REST"},{"data":"Buffer","floor":29,"key":"SMITH"},{"floor":32,"key":"REST"},{"data":"Loop","floor":40,"key":"SMITH"},{"data":"Creative AI","floor":42,"key":"SMITH"},{"data":"FTL","floor":49,"key":"SMITH"}],"neow_cost":"NONE","seed_source_timestamp":6633085527724669,"circlet_count":0,"master_deck":["Defend_B","Defend_B","Zap+1","Dualcast","Cold Snap","Leap","Darkness","Ball Lightning","Genetic Algorithm+1","Compile Driver","Conserve Battery+1","Buffer+1","Steam Power+1","Force Field+1","Stack+1","Cold Snap","Genetic Algorithm+1","Hologram+1","Steam+1","Multi-Cast+1","FTL+1","Creative AI+1","Beam Cell+1","Turbo+1","Loop+1","Coolheaded+1","Beam Cell+1","Impatience+1","Doubt","Parasite"],"relics":["Cracked Core","Old Coin","Happy Flower","Toxic Egg 2","Bag of Marbles","Anchor","Astrolabe","DollysMirror","Bronze Scales","Regal Pillow","PreservedInsect","Bottled Tornado","Busted Crown","Lantern","Juzu Bracelet"],"potions_floor_usage":[13,30,31,33,45,50],"damage_taken":[{"damage":5,"enemies":"Small Slimes","floor":1,"turns":3},{"damage":3,"enemies":"Cultist","floor":4,"turns":4},{"damage":0,"enemies":"Jaw Worm","floor":5,"turns":4},{"damage":19,"enemies":"Lagavulin","floor":6,"turns":12},{"damage":17,"enemies":"3 Sentries","floor":10,"turns":9},{"damage":16,"enemies":"Lagavulin","floor":13,"turns":5},{"damage":0,"enemies":"Lots of Slimes","floor":14,"turns":3},{"damage":16,"enemies":"The Guardian","floor":16,"turns":10},{"damage":0,"enemies":"3 Byrds","floor":18,"turns":5},{"damage":0,"enemies":"Shell Parasite","floor":22,"turns":6},{"damage":45,"enemies":"Gremlin Leader","floor":23,"turns":11},{"damage":0,"enemies":"Book of Stabbing","floor":28,"turns":6},{"damage":68,"enemies":"Slavers","floor":30,"turns":9},{"damage":0,"enemies":"Snake Plant","floor":31,"turns":3},{"damage":46,"enemies":"Champ","floor":33,"turns":14},{"damage":0,"enemies":"3 Darklings","floor":35,"turns":9},{"damage":0,"enemies":"Orb Walker","floor":37,"turns":4},{"damage":22,"enemies":"Sphere and 2 Shapes","floor":39,"turns":6},{"damage":0,"enemies":"Jaw Worm Horde","floor":41,"turns":7},{"damage":0,"enemies":"4 Shapes","floor":45,"turns":5},{"damage":0,"enemies":"Writhing Mass","floor":48,"turns":9},{"damage":26,"enemies":"Time Eater","floor":50,"turns":7}],"seed_played":"-784415415342132668","potions_obtained":[{"floor":4,"key":"Strength Potion"},{"floor":5,"key":"Swift Potion"},{"floor":14,"key":"AttackPotion"},{"floor":22,"key":"Dexterity Potion"},{"floor":23,"key":"PowerPotion"},{"floor":30,"key":"PowerPotion"},{"floor":35,"key":"SkillPotion"},{"floor":37,"key":"SteroidPotion"}],"is_trial":false,"path_per_floor":["M","?","$","M","M","E","?","R","T","E","R","$","E","M","R","B",null,"M","$","?","$","M","E","R","?","T","R","E","R","E","M","R","B",null,"M","?","M","$","M","R","M","R","T","$","M","?","?","M","R","B",null],"character_chosen":"DEFECT","items_purchased":["Cold Snap","Fire Potion","Leap","Ball Lightning","Genetic Algorithm+1","DollysMirror","Hologram+1","Loop","Coolheaded+1","Lantern","Impatience+1"],"campfire_rested":5,"item_purchase_floors":[3,3,3,12,12,19,19,38,38,38,44],"current_hp_per_floor":[70,70,70,67,67,48,48,48,48,31,53,53,37,37,59,43,75,75,75,75,75,75,30,52,38,38,77,77,77,9,9,48,2,80,80,80,80,80,58,58,58,58,58,58,58,80,80,80,80,54],"gold":48,"neow_bonus":"REMOVE_CARD","is_prod":false,"is_daily":false,"chose_seed":false,"campfire_upgraded":5,"win_rate":0,"timestamp":1562028201,"path_taken":["M","?","?","M","?","E","?","R","T","E","R","$","E","M","R","BOSS","M","?","?","$","M","E","R","?","T","R","E","R","E","M","R","BOSS","M","?","M","$","M","R","M","R","T","$","M","?","?","M","R","BOSS"],"build_version":"2019-07-01","purchased_purges":1,"victory":true,"max_hp_per_floor":[75,75,75,75,75,75,75,75,75,75,75,75,75,75,75,75,75,75,75,75,75,75,75,75,80,80,80,80,80,80,80,80,80,80,80,80,80,80,80,80,80,80,80,80,80,80,80,80,80,80],"card_choices":[{"not_picked":["Streamline","Gash","Turbo"],"picked":"SKIP","floor":1},{"not_picked":["Sunder","Blizzard","Fusion"],"picked":"SKIP","floor":4},{"not_picked":["Redo","Static Discharge","Force Field"],"picked":"SKIP","floor":5},{"not_picked":["Barrage","Compile Driver"],"picked":"Darkness","floor":6},{"not_picked":["Storm","Go for the Eyes","Stack+1"],"picked":"SKIP","floor":10},{"not_picked":["Fission+1","Sunder"],"picked":"Compile Driver","floor":13},{"not_picked":["Steam Power+1","Hello World"],"picked":"Conserve Battery+1","floor":14},{"not_picked":["Multi-Cast+1","Biased Cognition"],"picked":"Buffer","floor":16},{"not_picked":["Lockon","Beam Cell+1"],"picked":"Cold Snap","floor":18},{"not_picked":["Sweeping Beam","All For One"],"picked":"Steam+1","floor":22},{"not_picked":["Streamline+1","Redo+1"],"picked":"Multi-Cast+1","floor":23},{"not_picked":["Steam+1","Sweeping Beam"],"picked":"Beam Cell","floor":28},{"not_picked":["Recycle+1","Gash+1","Hologram+1"],"picked":"SKIP","floor":30},{"not_picked":["Chaos+1","Turbo+1"],"picked":"FTL","floor":31},{"not_picked":["Reboot+1","Electrodynamics"],"picked":"Creative AI","floor":33},{"not_picked":[],"picked":"Beam Cell+1","floor":35},{"not_picked":[],"picked":"Turbo+1","floor":37},{"not_picked":["Cold Snap+1"],"picked":"SKIP","floor":39},{"not_picked":[],"picked":"Beam Cell+1","floor":41},{"not_picked":["Conserve Battery+1"],"picked":"SKIP","floor":45},{"not_picked":["Chaos+1"],"picked":"SKIP","floor":48}],"player_experience":221355,"relics_obtained":[{"floor":6,"key":"Happy Flower"},{"floor":9,"key":"Toxic Egg 2"},{"floor":10,"key":"Bag of Marbles"},{"floor":13,"key":"Anchor"},{"floor":23,"key":"Bronze Scales"},{"floor":26,"key":"Regal Pillow"},{"floor":28,"key":"PreservedInsect"},{"floor":30,"key":"Bottled Tornado"},{"floor":43,"key":"Juzu Bracelet"}],"event_choices":[{"damage_healed":0,"gold_gain":0,"player_choice":"Paid Gold","damage_taken":0,"relics_obtained":["Old Coin"],"max_hp_gain":0,"max_hp_loss":0,"event_name":"WeMeetAgain","floor":2,"gold_loss":110},{"cards_removed":["Defend_B"],"damage_healed":0,"gold_gain":0,"player_choice":"Purged","damage_taken":0,"max_hp_gain":0,"max_hp_loss":0,"event_name":"Purifier","floor":7,"gold_loss":0},{"damage_healed":0,"gold_gain":0,"player_choice":"Shed Blood","damage_taken":19,"max_hp_gain":5,"max_hp_loss":0,"event_name":"Forgotten Altar","floor":25,"gold_loss":0},{"cards_removed":["Beam Cell"],"damage_healed":0,"gold_gain":0,"player_choice":"Removed Attack","damage_taken":0,"max_hp_gain":0,"max_hp_loss":0,"event_name":"Falling","floor":36,"gold_loss":0},{"damage_healed":22,"gold_gain":0,"player_choice":"Heal","damage_taken":0,"max_hp_gain":0,"max_hp_loss":0,"event_name":"MindBloom","floor":46,"gold_loss":0,"cards_obtained":["Doubt"]},{"damage_healed":0,"gold_gain":0,"player_choice":"Memory 1","damage_taken":0,"max_hp_gain":0,"max_hp_loss":0,"event_name":"SensoryStone","floor":47,"gold_loss":0}],"is_beta":false,"boss_relics":[{"not_picked":["Pandora\u0027s Box","Tiny House"],"picked":"Astrolabe"},{"not_picked":["Inserter","FrozenCore"],"picked":"Busted Crown"}],"items_purged_floors":[3],"is_endless":false,"potions_floor_spawned":[4,5,14,22,23,30,35,37,39],"ascension_level":3}