{"gold_per_floor":[113,124,144,157,169,169,169,16,42,65,65,89,89,264,264,384,447,465,465,479,25,41,41,62,29,29,29,52,52,73,94,94,94],"floor_reached":33,"playtime":1367,"items_purged":["Doubt"],"score":314,"play_id":"f1544140-b3ef-42f2-a461-d31c80c5749c","local_time":"20190510041322","is_ascension_mode":true,"campfire_choices":[{"floor":6,"key":"REST"},{"floor":11,"key":"REST"},{"floor":13,"key":"REST"},{"data":"Echo Form","floor":15,"key":"SMITH"},{"floor":23,"key":"REST"},{"floor":29,"key":"REST"},{"data":"Blizzard","floor":32,"key":"SMITH"}],"neow_cost":"PERCENT_DAMAGE","seed_source_timestamp":125185731081900,"circlet_count":0,"master_deck":["Defend_B","Defend_B","Defend_B","Defend_B","Zap","Dualcast","Echo Form+1","White Noise","Gash","Gash+1","Self Repair","Static Discharge","Biased Cognition","Defragment","White Noise","Conserve Battery+1","Coolheaded+1","Chill+1","Reprogram+1","Sunder","Bite","Bite","Bite","Bite","Bite","Coolheaded+1","Blizzard+1"],"relics":["Cracked Core","Golden Idol","DataDisk","Strawberry","Tiny House","Smiling Mask","Gremlin Horn","Dream Catcher","PreservedInsect","Oddly Smooth Stone"],"potions_floor_usage":[2,4,16,20,24,33],"damage_taken":[{"damage":0,"enemies":"Cultist","floor":1,"turns":4},{"damage":0,"enemies":"Small Slimes","floor":2,"turns":3},{"damage":7,"enemies":"Jaw Worm","floor":3,"turns":3},{"damage":9,"enemies":"Red Slaver","floor":4,"turns":2},{"damage":4,"enemies":"Large Slime","floor":5,"turns":5},{"damage":21,"enemies":"Blue Slaver","floor":10,"turns":4},{"damage":37,"enemies":"Exordium Thugs","floor":12,"turns":5},{"damage":55,"enemies":"The Guardian","floor":16,"turns":9},{"damage":33,"enemies":"Spheric Guardian","floor":18,"turns":3},{"damage":18,"enemies":"Chosen","floor":20,"turns":5},{"damage":28,"enemies":"Snake Plant","floor":22,"turns":3},{"damage":3,"enemies":"Cultist and Chosen","floor":24,"turns":8},{"damage":33,"enemies":"Shelled Parasite and Fungi","floor":30,"turns":4},{"damage":4,"enemies":"Chosen and Byrds","floor":31,"turns":10},{"damage":67,"enemies":"Automaton","floor":33,"turns":6}],"seed_played":"-8608655227251091140","potions_obtained":[{"floor":1,"key":"SkillPotion"},{"floor":3,"key":"AttackPotion"},{"floor":12,"key":"SpeedPotion"},{"floor":17,"key":"Weak Potion"},{"floor":22,"key":"GamblersBrew"},{"floor":31,"key":"Energy Potion"}],"is_trial":false,"path_per_floor":["M","M","M","M","M","R","?","$","T","M","R","M","R","?","R","B",null,"M","?","M","$","M","R","M","$","T","?","T","R","M","M","R","B"],"character_chosen":"DEFECT","items_purchased":["DataDisk","Gremlin Horn","Dream Catcher","Sunder"],"campfire_rested":5,"item_purchase_floors":[8,21,21,25],"current_hp_per_floor":[54,54,47,38,34,56,56,56,63,49,71,48,70,70,70,22,81,48,48,44,44,16,40,44,44,44,44,44,56,32,51,51,0],"gold":94,"neow_bonus":"THREE_RARE_CARDS","is_prod":false,"is_daily":false,"chose_seed":false,"campfire_upgraded":2,"win_rate":0,"timestamp":1557476002,"path_taken":["M","M","M","M","?","R","?","?","T","?","R","M","R","?","R","BOSS","M","?","M","$","M","R","M","?","T","?","?","R","M","?","R","BOSS"],"build_version":"2019-05-07","purchased_purges":1,"victory":false,"max_hp_per_floor":[75,75,75,75,75,75,69,69,76,76,76,76,76,76,76,76,81,81,81,81,81,81,81,81,81,81,56,56,56,56,56,56,56],"card_choices":[{"not_picked":["Buffer","Rainbow"],"picked":"Echo Form","floor":0},{"not_picked":["FTL","Cold Snap"],"picked":"White Noise","floor":1},{"not_picked":["Beam Cell","Leap"],"picked":"Gash","floor":2},{"not_picked":["Stack","Hello World","Hologram"],"picked":"SKIP","floor":3},{"not_picked":["Redo","Reinforced Body"],"picked":"Gash","floor":4},{"not_picked":["Beam Cell","Ball Lightning"],"picked":"Self Repair","floor":5},{"not_picked":["Cold Snap","Conserve Battery","Reprogram"],"picked":"SKIP","floor":10},{"not_picked":["Sweeping Beam","Rebound"],"picked":"Static Discharge","floor":12},{"not_picked":["Reboot","Meteor Strike"],"picked":"Biased Cognition","floor":16},{"not_picked":["Doom and Gloom","Heatsinks"],"picked":"Defragment","floor":17},{"not_picked":["Turbo","Capacitor"],"picked":"White Noise","floor":18},{"not_picked":["Beam Cell+1","Genetic Algorithm+1"],"picked":"Conserve Battery+1","floor":20},{"not_picked":["Reinforced Body+1","Redo"],"picked":"Coolheaded+1","floor":22},{"not_picked":["Force Field+1","Sweeping Beam"],"picked":"Chill+1","floor":23},{"not_picked":["Hologram+1","Go for the Eyes"],"picked":"Reprogram+1","floor":24},{"not_picked":["Turbo","Melter"],"picked":"Coolheaded+1","floor":30},{"not_picked":["Force Field+1","Lockon"],"picked":"Blizzard","floor":31}],"player_experience":867674,"relics_obtained":[{"floor":9,"key":"Strawberry"},{"floor":19,"key":"Smiling Mask"},{"floor":26,"key":"PreservedInsect"},{"floor":28,"key":"Oddly Smooth Stone"}],"event_choices":[{"damage_healed":0,"gold_gain":0,"player_choice":"Lose Max HP","damage_taken":0,"relics_obtained":["Golden Idol"],"max_hp_gain":0,"max_hp_loss":6,"event_name":"Golden Idol","floor":7,"gold_loss":0},{"damage_healed":0,"gold_gain":175,"player_choice":"AGREE","damage_taken":0,"max_hp_gain":0,"max_hp_loss":0,"event_name":"Liars Game","floor":14,"gold_loss":0,"cards_obtained":["Doubt"]},{"damage_healed":0,"gold_gain":0,"player_choice":"Relic","damage_taken":0,"max_hp_gain":0,"max_hp_loss":0,"event_name":"Wheel of Change","floor":19,"gold_loss":0},{"damage_healed":0,"gold_gain":0,"player_choice":"Became a vampire","damage_taken":0,"max_hp_gain":0,"max_hp_loss":25,"event_name":"Vampires","floor":27,"gold_loss":0,"cards_obtained":["Bite","Bite","Bite","Bite","Bite"]}],"is_beta":true,"boss_relics":[{"not_picked":["Black Star","Nuclear Battery"],"picked":"Tiny House"}],"items_purged_floors":[21],"is_endless":false,"potions_floor_spawned":[1,3,12,22,31],"killed_by":"Automaton","ascension_level":4}