{"path_per_floor":["M","M","$","M","$","R","M","M","T","?","M","R","M","M","R","B",null,"M","?","?","?","M","R","M","R","T","?","M","$","E","M","R","B",null,"M","M","$","?","M","E","M","M","T","M","R","?","E","M","R","B"],"character_chosen":"DEFECT","items_purchased":["Coolheaded","Cold Snap","Capacitor","Trip","Gash","Loop"],"gold_per_floor":[109,120,45,56,4,4,15,28,28,28,43,43,61,77,77,176,206,220,220,220,220,232,232,249,249,249,164,182,5,32,52,52,150,150,166,185,39,39,51,84,94,110,133,144,144,144,175,191,191,191],"floor_reached":51,"campfire_rested":1,"playtime":5183,"current_hp_per_floor":[75,75,75,73,73,73,73,73,73,73,70,70,70,70,70,24,80,80,64,64,64,64,64,68,68,68,68,68,68,68,80,80,80,80,80,80,80,80,72,79,59,37,37,51,51,51,51,49,80,78],"items_purged":["Strike_B"],"gold":191,"score":750,"play_id":"56a7d476-a4b0-4328-8045-99f2dedbe7e6","local_time":"20180514034641","is_prod":false,"is_daily":false,"chose_seed":false,"is_ascension_mode":false,"campfire_upgraded":7,"timestamp":1526284001,"path_taken":["M","M","$","M","$","R","M","M","T","?","?","R","M","?","R","BOSS","M","?","?","?","M","R","?","R","T","?","?","$","E","M","R","BOSS","M","M","$","?","M","E","M","M","T","?","R","?","E","M","R","BOSS"],"build_version":"2018-05-12v2","seed_source_timestamp":41810286242525,"purchased_purges":1,"victory":true,"master_deck":["Strike_B+1","Strike_B","Defend_B","Defend_B","Defend_B","Defend_B","Zap","Dualcast","Defragment+1","Chill","Loop+1","Loop+1","Capacitor+1","Go for the Eyes","Coolheaded","Genetic Algorithm","Glacier","Redo+1","Cold Snap+1","Defragment+1","Cold Snap","Capacitor","Trip+1","Coolheaded+1","Machine Learning","Blizzard+1","Gash","Loop+1","Heatsinks+1","Barrage+1","Parasite","Go for the Eyes+1","Nova","Capacitor+1"],"max_hp_per_floor":[75,75,75,75,75,75,75,75,75,75,75,75,75,75,75,75,80,80,80,80,80,80,80,80,80,80,80,80,80,80,80,80,80,80,80,80,80,80,80,80,80,80,80,80,80,80,80,80,80,80],"relics":["Orrery","Pantograph","Mummified Hand","Tiny House","Nilry\u0027s Codex","Cables","Blue Candle","Ancient Tea Set","Cursed Key","Ginger","Anchor","Regal Pillow","Sundial"],"card_choices":[{"not_picked":["Undo","Recycle"],"picked":"Defragment","floor":0},{"not_picked":["Storm","Leap"],"picked":"Chill","floor":0},{"not_picked":["Melter","Skim"],"picked":"Loop","floor":0},{"not_picked":["Coolheaded","Ball Lightning"],"picked":"Loop","floor":0},{"not_picked":["Beam Cell","Leap"],"picked":"Capacitor","floor":1},{"not_picked":["Static Discharge","Skim","Steam"],"picked":"SKIP","floor":2},{"not_picked":["Fission","Streamline"],"picked":"Go for the Eyes","floor":4},{"not_picked":["Hello World","Ball Lightning"],"picked":"Genetic Algorithm","floor":7},{"not_picked":["Sweeping Beam","Streamline"],"picked":"Glacier","floor":8},{"not_picked":["Aggregate","Reprogram"],"picked":"Redo","floor":11},{"not_picked":["Chaos","Storm","Rebound"],"picked":"SKIP","floor":13},{"not_picked":["Beam Cell","Melter"],"picked":"Cold Snap","floor":14},{"not_picked":["Capacitor","Rebound"],"picked":"Defragment+1","floor":18},{"not_picked":["Axe Kick","Steam Power+1","Undo"],"picked":"SKIP","floor":22},{"not_picked":["Steam","Barrage","Scrape"],"picked":"SKIP","floor":24},{"not_picked":["Meteor Strike","Skim+1","Stack+1"],"picked":"SKIP","floor":28},{"not_picked":["Melter","Axe Kick","Go for the Eyes"],"picked":"SKIP","floor":30},{"not_picked":["Steam Power","Sweeping Beam+1"],"picked":"Coolheaded+1","floor":31},{"not_picked":["Thunder Strike","Electrodynamics"],"picked":"Machine Learning","floor":33},{"not_picked":["Go for the Eyes+1","Stack+1"],"picked":"Blizzard+1","floor":35},{"not_picked":["Axe Kick+1","Coolheaded+1"],"picked":"Rebound+1","floor":36},{"not_picked":["BootSequence","Axe Kick"],"picked":"Heatsinks+1","floor":39},{"not_picked":["All For One","Reinforced Body","Sweeping Beam+1"],"picked":"SKIP","floor":40},{"not_picked":["Chaos+1","Stack"],"picked":"Barrage+1","floor":41},{"not_picked":["White Noise","Steam Power+1","Reinforced Body"],"picked":"SKIP","floor":42},{"not_picked":["Darkness+1","Ball Lightning+1"],"picked":"Go for the Eyes+1","floor":44},{"not_picked":["Rip and Tear","Doom and Gloom"],"picked":"Nova","floor":47},{"not_picked":["Undo","BootSequence"],"picked":"Capacitor+1","floor":48}],"player_experience":241160,"potions_floor_usage":[4,8,8,11,16,22,28,30,39,39,41,42,48,50],"damage_taken":[{"damage":0,"enemies":"2 Louse","floor":1,"turns":5},{"damage":0,"enemies":"Cultist","floor":2,"turns":5},{"damage":2,"enemies":"Jaw Worm","floor":4,"turns":5},{"damage":0,"enemies":"2 Fungi Beasts","floor":7,"turns":5},{"damage":0,"enemies":"Lots of Slimes","floor":8,"turns":8},{"damage":3,"enemies":"Exordium Wildlife","floor":11,"turns":8},{"damage":0,"enemies":"Red Slaver","floor":13,"turns":5},{"damage":0,"enemies":"2 Fungi Beasts","floor":14,"turns":6},{"damage":51,"enemies":"Hexaghost","floor":16,"turns":18},{"damage":0,"enemies":"Chosen","floor":18,"turns":12},{"damage":0,"enemies":"3 Byrds","floor":22,"turns":8},{"damage":3,"enemies":"Snake Plant","floor":24,"turns":7},{"damage":0,"enemies":"Cultist and Chosen","floor":28,"turns":10},{"damage":0,"enemies":"Gremlin Leader","floor":30,"turns":15},{"damage":0,"enemies":"Centurion and Healer","floor":31,"turns":11},{"damage":4,"enemies":"Champ","floor":33,"turns":16},{"damage":0,"enemies":"Orb Walker","floor":35,"turns":7},{"damage":0,"enemies":"3 Shapes","floor":36,"turns":5},{"damage":8,"enemies":"Sphere and 2 Shapes","floor":39,"turns":9},{"damage":0,"enemies":"Nemesis","floor":40,"turns":9},{"damage":27,"enemies":"4 Shapes","floor":41,"turns":7},{"damage":22,"enemies":"3 Darklings","floor":42,"turns":8},{"damage":0,"enemies":"Maw","floor":44,"turns":10},{"damage":0,"enemies":"Giant Head","floor":47,"turns":8},{"damage":2,"enemies":"Sphere and 2 Shapes","floor":48,"turns":5},{"damage":2,"enemies":"Donu and Deca","floor":50,"turns":11}],"event_choices":[{"event_name":"Wheel of Change","player_choice":"Relic","floor":10,"damage_taken":0},{"event_name":"Cursed Tome","player_choice":"Obtained Book","floor":19,"damage_taken":0},{"event_name":"Accursed Blacksmith","player_choice":"Forge","floor":20,"damage_taken":0},{"event_name":"Back to Basics","player_choice":"Elegance","floor":21,"damage_taken":0},{"event_name":"Addict","player_choice":"Obtained Relic","floor":27,"damage_taken":0},{"event_name":"Wheel of Change","player_choice":"Relic","floor":46,"damage_taken":0}],"boss_relics":[{"not_picked":["Nuclear Battery","Astrolabe"],"picked":"Tiny House"},{"not_picked":["Velvet Choker","Calling Bell"],"picked":"Cursed Key"}],"potions_floor_spawned":[2,4,7,8,14,18,24,35,36,40,41,47,48],"seed_played":"-3836745858474819516","ascension_level":0,"is_trial":false}