{"path_per_floor":["M","?","?","$","?","R","E","R","T","R","?","M","E","M","R","B",null,"M","?","M","?","$","R","?","M","T","M","?","M","M","E","R"],"character_chosen":"IRONCLAD","items_purchased":["Reaper","Berserk"],"gold_per_floor":[119,194,194,50,50,50,82,82,108,108,108,124,152,172,172,272,272,289,289,306,231,67,67,67,85,112,129,44,62,80,113,113],"floor_reached":33,"campfire_rested":0,"playtime":2294,"current_hp_per_floor":[80,69,62,62,46,46,53,53,53,53,53,60,64,70,70,27,80,80,80,74,74,74,74,58,66,66,74,74,80,80,69,69],"items_purged":[],"gold":113,"score":298,"play_id":"6f2b1525-22a1-4831-ab9e-2c177337bd07","local_time":"20180306185452","is_prod":false,"is_daily":false,"is_ascension_mode":false,"campfire_upgraded":6,"timestamp":1520380492,"path_taken":["M","?","?","$","?","R","E","R","T","R","?","M","E","M","R","BOSS","M","?","M","?","$","R","?","M","T","M","?","?","M","E","R","BOSS"],"build_version":"2018-03-01-PROD1","purchased_purges":0,"victory":false,"master_deck":["Strike_R","Strike_R+1","Strike_R+1","Defend_R+1","Defend_R","Defend_R","Bash+1","Iron Wave+1","Reaper+1","Dark Embrace+1","Sword Boomerang+1","Inflame+1","Clash","Barricade+1","Shockwave+1","Perfected Strike","Berserk","Iron Wave","Offering+1","Whirlwind","Pommel Strike","Rupture"],"max_hp_per_floor":[80,80,80,80,80,80,80,80,80,80,80,80,80,80,80,80,80,80,80,80,80,80,80,80,80,80,80,80,80,80,80,80],"relics":["Black Blood","NeowsBlessing","Regal Pillow","Oddly Smooth Stone","Whetstone","Enchiridion","Singing Bowl","Omamori","Mummified Hand"],"card_choices":[{"not_picked":["Twin Strike","Bloodletting"],"picked":"Iron Wave"},{"not_picked":["Warcry","Cleave"],"picked":"Dark Embrace"},{"not_picked":["Clothesline","Armaments"],"picked":"Sword Boomerang"},{"not_picked":["Rage","Entrench"],"picked":"Inflame"},{"not_picked":["Carnage","Shrug It Off"],"picked":"Clash"},{"not_picked":["Juggernaut","Double Tap"],"picked":"Barricade"},{"not_picked":["Ghostly Armor","Twin Strike"],"picked":"Shockwave"},{"not_picked":["Clothesline","Sentinel"],"picked":"Perfected Strike"},{"not_picked":["Dual Wield","Body Slam"],"picked":"Iron Wave"},{"not_picked":["Flex","True Grit"],"picked":"Offering"},{"not_picked":["Shrug It Off","Metallicize"],"picked":"Whirlwind"},{"not_picked":["Armaments","Sword Boomerang"],"picked":"Pommel Strike"},{"not_picked":["Pummel","Flame Barrier"],"picked":"Rupture"}],"player_experience":288841,"potions_floor_usage":[13,13,18,27,29,29,31],"damage_taken":[{"damage":0,"enemies":"Small Slimes","floor":1,"turns":1},{"damage":0,"enemies":"3 Sentries","floor":7,"turns":2},{"damage":0,"enemies":"Jaw Worm","floor":12,"turns":1},{"damage":2,"enemies":"Gremlin Nob","floor":13,"turns":3},{"damage":0,"enemies":"Cultist","floor":14,"turns":3},{"damage":57,"enemies":"Hexaghost","floor":16,"turns":11},{"damage":14,"enemies":"Chosen","floor":18,"turns":4},{"damage":16,"enemies":"Shell Parasite","floor":20,"turns":4},{"damage":14,"enemies":"Snecko","floor":25,"turns":5},{"damage":11,"enemies":"Snake Plant","floor":27,"turns":5},{"damage":4,"enemies":"Cultist and Chosen","floor":29,"turns":7},{"damage":10,"enemies":"Chosen and Byrds","floor":30,"turns":8},{"damage":21,"enemies":"Book of Stabbing","floor":31,"turns":4},{"damage":112,"enemies":"Automaton","floor":33,"turns":12}],"event_choices":[{"event_name":"World of Goop","player_choice":"Gather Gold","floor":2,"damage_taken":0},{"event_name":"Golden Wing","player_choice":"Card Removal","floor":3,"damage_taken":0},{"event_name":"Shining Light","player_choice":"Entered Light","floor":5,"damage_taken":0},{"event_name":"Living Wall","player_choice":"Grow","floor":11,"damage_taken":0},{"event_name":"Purifier","player_choice":"One Purge","floor":19,"damage_taken":0},{"event_name":"Beggar","player_choice":"Gave Gold","floor":21,"damage_taken":0},{"event_name":"Cursed Tome","player_choice":"Obtained Book","floor":24,"damage_taken":0},{"event_name":"Addict","player_choice":"Obtained Relic","floor":28,"damage_taken":0}],"boss_relics":[{"not_picked":["White Beast Statue","Cursed Key"],"picked":"Black Blood"}],"potions_floor_spawned":[7,12,16,18,25,27,30],"seed_played":"6040478959096143015","killed_by":"Automaton","ascension_level":0,"is_trial":false}