{"gold_per_floor":[113,113,124,134,134,161,161,111,111,126,152,171,186,202,202,302,302,322,49,49,49,60,60,73,93,93,93,93,126,145,173,173,272,272,290,301,1,12,0,0,0,0,46,60,112,126,126],"floor_reached":47,"playtime":1981,"items_purged":["Defend_R","Strike_R"],"score":504,"play_id":"85f0940c-1ebe-418e-81c4-288d2f7875c6","local_time":"20190619124455","is_ascension_mode":false,"campfire_choices":[{"floor":15,"key":"RECALL"},{"data":"Limit Break","floor":23,"key":"SMITH"},{"data":"Rampage","floor":28,"key":"SMITH"},{"data":"Seeing Red","floor":32,"key":"SMITH"},{"data":"Barricade","floor":40,"key":"SMITH"}],"neow_cost":"NONE","seed_source_timestamp":15664883101900,"circlet_count":0,"master_deck":["Strike_R","Bash","Carnage","Cleave","Flex","Headbutt","Limit Break+1","Rampage+1","Shockwave","Inflame","Dropkick","Bludgeon","Blood for Blood","Uppercut","Ghostly","Ghostly","Ghostly","Ghostly","Ghostly","Power Through+1","Seeing Red+1","Flame Barrier+1","Ghostly Armor","Body Slam+1","Pummel","Barricade+1","Uppercut+1","Spot Weakness","Entrench","Seeing Red","Inflame+1"],"relics":["Black Blood","Orichalcum","Meat on the Bone","Mercury Hourglass","Bag of Marbles","Kunai","Regal Pillow","Pantograph","Black Star","Brimstone","Red Mask","Paper Frog","Dream Catcher","Du-Vu Doll"],"potions_floor_usage":[4,11,16,18,22,33,33,35,44,46,47],"damage_taken":[{"damage":6,"enemies":"Jaw Worm","floor":1,"turns":2},{"damage":1,"enemies":"Cultist","floor":3,"turns":3},{"damage":0,"enemies":"2 Louse","floor":4,"turns":1},{"damage":10,"enemies":"3 Sentries","floor":6,"turns":6},{"damage":0,"enemies":"Exordium Thugs","floor":10,"turns":3},{"damage":24,"enemies":"Lagavulin","floor":11,"turns":4},{"damage":1,"enemies":"Blue Slaver","floor":12,"turns":2},{"damage":0,"enemies":"3 Louse","floor":13,"turns":1},{"damage":5,"enemies":"Exordium Wildlife","floor":14,"turns":3},{"damage":41,"enemies":"The Guardian","floor":16,"turns":8},{"damage":0,"enemies":"Spheric Guardian","floor":18,"turns":3},{"damage":0,"enemies":"2 Thieves","floor":22,"turns":4},{"damage":0,"enemies":"Snake Plant","floor":24,"turns":4},{"damage":0,"enemies":"Centurion and Healer","floor":25,"turns":6},{"damage":4,"enemies":"Slavers","floor":29,"turns":7},{"damage":1,"enemies":"Shelled Parasite and Fungi","floor":30,"turns":7},{"damage":15,"enemies":"Book of Stabbing","floor":31,"turns":7},{"damage":32,"enemies":"Automaton","floor":33,"turns":12},{"damage":0,"enemies":"Orb Walker","floor":35,"turns":4},{"damage":21,"enemies":"3 Shapes","floor":36,"turns":4},{"damage":0,"enemies":"Spire Growth","floor":38,"turns":5},{"damage":3,"enemies":"4 Shapes","floor":44,"turns":4},{"damage":14,"enemies":"2 Orb Walkers","floor":45,"turns":5},{"damage":0,"enemies":"Transient","floor":46,"turns":5},{"damage":50,"enemies":"3 Darklings","floor":47,"turns":3}],"seed_played":"-453120671877904860","potions_obtained":[{"floor":3,"key":"Explosive Potion"},{"floor":10,"key":"SteroidPotion"},{"floor":12,"key":"GamblersBrew"},{"floor":16,"key":"Block Potion"},{"floor":29,"key":"SpeedPotion"},{"floor":30,"key":"BloodPotion"},{"floor":33,"key":"FearPotion"},{"floor":38,"key":"SteroidPotion"},{"floor":45,"key":"PowerPotion"},{"floor":46,"key":"Explosive Potion"}],"is_trial":false,"path_per_floor":["M","?","M","M","T","E","?","?","T","M","E","M","M","M","R","B",null,"M","$","?","?","M","R","M","M","T","?","R","E","M","E","R","B",null,"M","M","$","M","?","R","T","?","T","M","?","M","M"],"character_chosen":"IRONCLAD","items_purchased":["Bludgeon","PowerPotion","Brimstone"],"campfire_rested":0,"item_purchase_floors":[19,19,37],"current_hp_per_floor":[80,80,80,80,80,76,76,76,76,80,62,67,73,74,74,51,80,80,80,80,40,40,40,40,40,40,40,40,40,40,35,35,40,40,40,40,40,40,40,40,40,50,50,50,46,50,0],"gold":126,"neow_bonus":"TRANSFORM_CARD","is_prod":false,"is_daily":false,"chose_seed":false,"campfire_upgraded":4,"win_rate":0,"timestamp":1560962695,"path_taken":["M","?","?","M","?","E","?","?","T","M","E","M","M","M","R","BOSS","M","$","?","?","M","R","M","M","T","?","R","E","M","E","R","BOSS","M","M","$","M","?","R","?","?","T","?","?","M","M"],"build_version":"2019-06-18","purchased_purges":2,"victory":false,"max_hp_per_floor":[80,80,80,80,80,80,80,80,80,80,80,80,80,80,80,80,80,80,80,80,40,40,40,40,40,40,40,40,40,40,40,40,40,40,40,40,40,40,40,40,40,50,50,50,50,50,50],"card_choices":[{"not_picked":["Iron Wave","Armaments"],"picked":"Cleave","floor":1},{"not_picked":["Perfected Strike","Clothesline"],"picked":"Flex","floor":3},{"not_picked":["Heavy Blade","Second Wind"],"picked":"Headbutt","floor":4},{"not_picked":["Heavy Blade","Twin Strike"],"picked":"Limit Break","floor":6},{"not_picked":["Clothesline","Sword Boomerang"],"picked":"Rampage","floor":10},{"not_picked":["Havoc","Warcry"],"picked":"Shockwave","floor":11},{"not_picked":["Pommel Strike","Battle Trance","Anger"],"picked":"SKIP","floor":12},{"not_picked":["Anger","Bloodletting","Warcry"],"picked":"SKIP","floor":13},{"not_picked":["Flex","Anger"],"picked":"Inflame","floor":14},{"not_picked":["Juggernaut","Reaper"],"picked":"Double Tap","floor":16},{"not_picked":["Warcry","Evolve+1"],"picked":"Dropkick","floor":18},{"not_picked":["Shrug It Off","Carnage+1"],"picked":"Power Through+1","floor":22},{"not_picked":["Cleave","Shrug It Off"],"picked":"Seeing Red","floor":24},{"not_picked":["Rampage+1","Entrench"],"picked":"Flame Barrier+1","floor":25},{"not_picked":["Armaments+1","Reckless Charge"],"picked":"Ghostly Armor","floor":29},{"not_picked":["Pommel Strike+1","Reckless Charge+1"],"picked":"Body Slam+1","floor":30},{"not_picked":["Evolve+1","Wild Strike"],"picked":"Pummel","floor":31},{"not_picked":["Demon Form","Exhume"],"picked":"Barricade","floor":33},{"not_picked":["Heavy Blade","Iron Wave+1"],"picked":"Uppercut+1","floor":35},{"not_picked":["Havoc","Anger+1"],"picked":"Spot Weakness","floor":36},{"not_picked":["Carnage+1","Metallicize+1"],"picked":"Entrench","floor":38},{"not_picked":["Second Wind","Feel No Pain+1"],"picked":"Seeing Red","floor":44},{"not_picked":["Shockwave","Wild Strike"],"picked":"Inflame+1","floor":45},{"not_picked":["Fire Breathing","Intimidate","True Grit+1"],"picked":"SKIP","floor":46}],"player_experience":1074517,"relics_obtained":[{"floor":5,"key":"Orichalcum"},{"floor":6,"key":"Meat on the Bone"},{"floor":11,"key":"Bag of Marbles"},{"floor":26,"key":"Kunai"},{"floor":29,"key":"Regal Pillow"},{"floor":31,"key":"Pantograph"},{"floor":41,"key":"Paper Frog"},{"floor":43,"key":"Dream Catcher"},{"floor":45,"key":"Du-Vu Doll"}],"event_choices":[{"cards_removed":["Strike_R"],"damage_healed":0,"gold_gain":0,"player_choice":"Purged","damage_taken":0,"max_hp_gain":0,"max_hp_loss":0,"event_name":"Purifier","floor":2,"gold_loss":0},{"damage_healed":0,"gold_gain":0,"player_choice":"Searched \u00271\u0027 times","damage_taken":0,"relics_obtained":["Mercury Hourglass"],"max_hp_gain":0,"max_hp_loss":0,"event_name":"Dead Adventurer","floor":7,"gold_loss":0},{"cards_removed":["Defend_R"],"damage_healed":0,"gold_gain":0,"player_choice":"Card Removal","damage_taken":0,"max_hp_gain":0,"max_hp_loss":0,"event_name":"The Cleric","floor":8,"gold_loss":50},{"damage_healed":0,"gold_gain":0,"cards_transformed":["Defend_R","Strike_R"],"player_choice":"Became Test Subject","damage_taken":0,"max_hp_gain":0,"max_hp_loss":0,"event_name":"Drug Dealer","floor":20,"gold_loss":0,"cards_obtained":["Blood for Blood","Uppercut"]},{"damage_healed":0,"gold_gain":0,"player_choice":"Became a Ghost","damage_taken":0,"max_hp_gain":0,"max_hp_loss":40,"event_name":"Ghosts","floor":21,"gold_loss":0,"cards_obtained":["Ghostly","Ghostly","Ghostly","Ghostly","Ghostly"]},{"cards_removed":["Strike_R"],"damage_healed":0,"gold_gain":0,"player_choice":"Elegance","damage_taken":0,"max_hp_gain":0,"max_hp_loss":0,"event_name":"Back to Basics","floor":27,"gold_loss":0},{"damage_healed":0,"gold_gain":0,"player_choice":"Paid","damage_taken":0,"relics_obtained":["Red Mask"],"max_hp_gain":0,"max_hp_loss":0,"event_name":"Tomb of Lord Red Mask","floor":39,"gold_loss":12},{"cards_removed":["Double Tap"],"damage_healed":0,"gold_gain":0,"player_choice":"Offered Rare","damage_taken":0,"max_hp_gain":10,"max_hp_loss":0,"event_name":"Bonfire Elementals","floor":42,"gold_loss":0},{"damage_healed":0,"gold_gain":0,"player_choice":"Fight","damage_taken":0,"max_hp_gain":0,"max_hp_loss":0,"event_name":"Mysterious Sphere","floor":45,"gold_loss":0}],"is_beta":true,"boss_relics":[{"not_picked":["Empty Cage","Tiny House"],"picked":"Black Blood"},{"not_picked":["Coffee Dripper","Runic Dome"],"picked":"Black Star"}],"items_purged_floors":[19,37],"is_endless":false,"potions_floor_spawned":[3,10,12,16,29,30,33,38,45,46],"killed_by":"3 Darklings","ascension_level":0}