{"gold_per_floor":[117,131,147,222,236,236,248,274,298,298,309,234,245,245,245,245],"floor_reached":16,"playtime":309,"items_purged":["Strike_B"],"score":208,"play_id":"fa3db5ad-89d8-49f3-8876-3b4991206a98","local_time":"20190525182031","is_ascension_mode":true,"campfire_choices":[{"floor":6,"key":"REST"},{"floor":10,"key":"REST"},{"floor":15,"key":"RECALL"}],"neow_cost":"NONE","seed_source_timestamp":919911043079477,"circlet_count":0,"master_deck":["AscendersBane","Strike_B","Strike_B","Strike_B","Defend_B","Defend_B","Defend_B","Defend_B","Zap","Dualcast","Echo Form","Cold Snap","Doom and Gloom","Conserve Battery","White Noise","Genetic Algorithm","Injury"],"relics":["Cracked Core","Prayer Wheel","Vajra","Golden Idol"],"potions_floor_usage":[8],"damage_taken":[{"damage":1,"enemies":"Cultist","floor":1,"turns":3},{"damage":0,"enemies":"Small Slimes","floor":2,"turns":4},{"damage":12,"enemies":"Jaw Worm","floor":3,"turns":3},{"damage":6,"enemies":"2 Fungi Beasts","floor":5,"turns":3},{"damage":6,"enemies":"Looter","floor":7,"turns":3},{"damage":47,"enemies":"Gremlin Nob","floor":8,"turns":5},{"damage":12,"enemies":"Blue Slaver","floor":11,"turns":4},{"damage":10,"enemies":"2 Fungi Beasts","floor":13,"turns":3},{"damage":38,"enemies":"Slime Boss","floor":16,"turns":3}],"seed_played":"8398137599155495295","potions_obtained":[{"floor":7,"key":"EssenceOfSteel"},{"floor":8,"key":"Ancient Potion"},{"floor":11,"key":"EssenceOfSteel"}],"is_trial":false,"path_per_floor":["M","M","M","?","M","R","M","E","T","R","M","$","M","?","R","B"],"character_chosen":"DEFECT","items_purchased":[],"campfire_rested":2,"item_purchase_floors":[],"current_hp_per_floor":[63,63,51,40,34,55,49,2,2,23,11,11,1,1,1,0],"gold":245,"neow_bonus":"ONE_RANDOM_RARE_CARD","is_prod":false,"is_daily":false,"chose_seed":false,"campfire_upgraded":0,"win_rate":0,"timestamp":1558833631,"path_taken":["M","M","?","?","M","R","M","E","T","R","M","?","M","?","R","BOSS"],"build_version":"2019-01-23","purchased_purges":1,"victory":false,"max_hp_per_floor":[71,71,71,71,71,71,71,71,71,71,71,71,71,71,71,71],"card_choices":[{"not_picked":["Hologram","Gash"],"picked":"Cold Snap","floor":1},{"not_picked":["Hologram","Barrage"],"picked":"Doom and Gloom","floor":2},{"not_picked":["Beam Cell","Stack"],"picked":"Conserve Battery","floor":3},{"not_picked":["Hello World","Heatsinks"],"picked":"White Noise","floor":5},{"not_picked":["Steam","Hologram","Blizzard"],"picked":"SKIP","floor":7},{"not_picked":["Storm","Thunder Strike"],"picked":"Genetic Algorithm","floor":8},{"not_picked":["Storm","Gash","Sweeping Beam"],"picked":"SKIP","floor":11},{"not_picked":["Sunder","Hologram","Steam"],"picked":"SKIP","floor":11},{"not_picked":["Redo","Beam Cell","Barrage"],"picked":"SKIP","floor":13},{"not_picked":["Leap","Darkness","Reinforced Body"],"picked":"SKIP","floor":13}],"player_experience":731668,"relics_obtained":[{"floor":8,"key":"Prayer Wheel"},{"floor":9,"key":"Vajra"}],"event_choices":[{"damage_healed":0,"gold_gain":75,"player_choice":"Gather Gold","damage_taken":11,"max_hp_gain":0,"max_hp_loss":0,"event_name":"World of Goop","floor":4,"gold_loss":0},{"damage_healed":0,"gold_gain":0,"player_choice":"Take Wound","damage_taken":0,"relics_obtained":["Golden Idol"],"max_hp_gain":0,"max_hp_loss":0,"event_name":"Golden Idol","floor":14,"gold_loss":0,"cards_obtained":["Injury"]}],"is_beta":false,"boss_relics":[],"items_purged_floors":[12],"is_endless":false,"potions_floor_spawned":[7,8,11],"killed_by":"Slime Boss","ascension_level":20}