{"gold_per_floor":[111,130,130,130,80,80,106,106,106,119,133,149,149,149,149,254,304,318,318,330,330,151,181,181,196,243,243,260,210,210,226,226,226],"floor_reached":33,"playtime":4691,"items_purged":["Strike_G"],"score":290,"play_id":"1d1519ef-27c8-413c-88e6-86015d054124","local_time":"20190614223844","is_ascension_mode":false,"campfire_choices":[{"floor":6,"key":"REST"},{"data":"Infinite Blades","floor":13,"key":"SMITH"},{"floor":15,"key":"REST"},{"data":"Choke","floor":24,"key":"SMITH"},{"floor":30,"key":"REST"},{"data":"Deflect","floor":32,"key":"SMITH"}],"neow_cost":"NONE","seed_source_timestamp":179369136196511,"circlet_count":0,"master_deck":["Defend_G+1","Defend_G","Defend_G","Strike_G","Strike_G","Strike_G","Survivor","Neutralize+1","Expertise","Infinite Blades+1","Backstab","Underhanded Strike","Dagger Throw","Predator","A Thousand Cuts+1","Choke+1","Endless Agony","Heel Hook","Heel Hook","Dodge and Roll","Dagger Throw+1","Underhanded Strike+1","Finisher+1","Deflect+1"],"relics":["Ring of the Snake","Nunchaku","Ancient Tea Set","Pear","Tiny House","MutagenicStrength","Bag of Preparation","Happy Flower"],"potions_floor_usage":[11,33,33],"damage_taken":[{"damage":2,"enemies":"Small Slimes","floor":1,"turns":4},{"damage":0,"enemies":"2 Louse","floor":2,"turns":3},{"damage":27,"enemies":"Gremlin Nob","floor":7,"turns":6},{"damage":0,"enemies":"Jaw Worm","floor":10,"turns":2},{"damage":1,"enemies":"Gremlin Gang","floor":11,"turns":3},{"damage":1,"enemies":"Large Slime","floor":12,"turns":5},{"damage":48,"enemies":"Hexaghost","floor":16,"turns":11},{"damage":10,"enemies":"Spheric Guardian","floor":18,"turns":4},{"damage":5,"enemies":"Chosen","floor":20,"turns":3},{"damage":14,"enemies":"Gremlin Leader","floor":23,"turns":5},{"damage":7,"enemies":"Centurion and Healer","floor":25,"turns":4},{"damage":15,"enemies":"Snake Plant","floor":28,"turns":3},{"damage":2,"enemies":"Sentry and Sphere","floor":31,"turns":3},{"damage":50,"enemies":"Automaton","floor":33,"turns":6}],"seed_played":"1229757773126054057","potions_obtained":[{"floor":1,"key":"PowerPotion"},{"floor":10,"key":"Weak Potion"},{"floor":16,"key":"Fire Potion"},{"floor":17,"key":"Block Potion"},{"floor":23,"key":"Swift Potion"}],"is_trial":false,"path_per_floor":["M","M","?","?","?","R","E","?","T","M","M","M","R","?","R","B",null,"M","?","M","?","$","E","R","M","T","?","M","?","R","M","R","B"],"character_chosen":"THE_SILENT","items_purchased":["Heel Hook","Dodge and Roll"],"campfire_rested":3,"item_purchase_floors":[22,22],"current_hp_per_floor":[75,75,42,27,27,50,23,16,26,26,25,24,24,24,50,2,92,82,82,77,59,59,45,45,38,38,38,23,23,52,50,50,0],"gold":226,"neow_bonus":"TEN_PERCENT_HP_BONUS","is_prod":false,"is_daily":false,"chose_seed":false,"campfire_upgraded":3,"win_rate":0.0,"timestamp":1560566324,"path_taken":["M","M","?","?","?","R","E","?","T","M","?","?","R","?","R","BOSS","M","?","M","?","$","E","R","M","T","?","M","?","R","M","R","BOSS"],"build_version":"2019-01-23","purchased_purges":1,"victory":false,"max_hp_per_floor":[77,77,77,77,77,77,77,77,87,87,87,87,87,87,87,87,92,92,92,92,97,97,97,97,97,97,97,97,97,97,97,97,97],"card_choices":[{"not_picked":["Calculated Gamble","Poisoned Stab"],"picked":"Expertise","floor":1},{"not_picked":["Sucker Punch","Poisoned Stab"],"picked":"Infinite Blades","floor":2},{"not_picked":["Dagger Spray","Calculated Gamble"],"picked":"Backstab","floor":7},{"not_picked":["Leg Sweep","Prepared"],"picked":"Underhanded Strike","floor":10},{"not_picked":["Noxious Fumes","Footwork"],"picked":"Dagger Throw","floor":11},{"not_picked":["Phantasmal Killer","Dodge and Roll"],"picked":"Predator","floor":12},{"not_picked":["Burst","Tools of the Trade"],"picked":"A Thousand Cuts","floor":16},{"not_picked":["Blur","Dagger Throw"],"picked":"Choke","floor":17},{"not_picked":["Quick Slash","Leg Sweep"],"picked":"Endless Agony","floor":18},{"not_picked":["PiercingWail","Flying Knee+1"],"picked":"Heel Hook","floor":20},{"not_picked":["Doppelganger","Blur"],"picked":"Dagger Throw+1","floor":23},{"not_picked":["Deadly Poison","Quick Slash"],"picked":"Underhanded Strike+1","floor":25},{"not_picked":["Quick Slash","Caltrops"],"picked":"Finisher+1","floor":28},{"not_picked":["Noxious Fumes","Calculated Gamble"],"picked":"Deflect","floor":31}],"player_experience":9090,"relics_obtained":[{"floor":7,"key":"Ancient Tea Set"},{"floor":9,"key":"Pear"},{"floor":23,"key":"Bag of Preparation"},{"floor":26,"key":"Happy Flower"}],"event_choices":[{"damage_healed":0,"gold_gain":0,"player_choice":"Success","damage_taken":33,"relics_obtained":["Nunchaku"],"max_hp_gain":0,"max_hp_loss":0,"event_name":"Scrap Ooze","floor":3,"gold_loss":0},{"damage_healed":0,"gold_gain":0,"player_choice":"Entered Light","damage_taken":15,"max_hp_gain":0,"max_hp_loss":0,"event_name":"Shining Light","floor":4,"gold_loss":0,"cards_upgraded":["Neutralize","Defend_G"]},{"cards_removed":["Defend_G"],"damage_healed":0,"gold_gain":0,"player_choice":"Card Removal","damage_taken":0,"max_hp_gain":0,"max_hp_loss":0,"event_name":"The Cleric","floor":5,"gold_loss":50},{"cards_removed":["Defend_G"],"damage_healed":0,"gold_gain":0,"player_choice":"Card Removal","damage_taken":7,"max_hp_gain":0,"max_hp_loss":0,"event_name":"Golden Wing","floor":8,"gold_loss":0},{"cards_removed":["Strike_G"],"damage_healed":0,"gold_gain":0,"player_choice":"Offered Basic","damage_taken":0,"max_hp_gain":0,"max_hp_loss":0,"event_name":"Bonfire Elementals","floor":14,"gold_loss":0},{"damage_healed":0,"gold_gain":0,"player_choice":"Inject Mutagens","damage_taken":0,"relics_obtained":["MutagenicStrength"],"max_hp_gain":0,"max_hp_loss":0,"event_name":"Drug Dealer","floor":19,"gold_loss":0},{"damage_healed":0,"gold_gain":0,"player_choice":"Shed Blood","damage_taken":23,"max_hp_gain":5,"max_hp_loss":0,"event_name":"Forgotten Altar","floor":21,"gold_loss":0},{"damage_healed":0,"gold_gain":0,"player_choice":"Ignored","damage_taken":0,"max_hp_gain":0,"max_hp_loss":0,"event_name":"Ghosts","floor":27,"gold_loss":0},{"damage_healed":0,"gold_gain":0,"player_choice":"Bet on Murderer","damage_taken":0,"max_hp_gain":0,"max_hp_loss":0,"event_name":"The Joust","floor":29,"gold_loss":50}],"is_beta":false,"boss_relics":[{"not_picked":["Eternal Feather","Runic Pyramid"],"picked":"Tiny House"}],"items_purged_floors":[22],"is_endless":false,"potions_floor_spawned":[1,10,16,23,31],"killed_by":"Automaton","ascension_level":0}