{"gold_per_floor":[109,384,400,33,33,65,65,129,155,182,182,217,234,248,248,350,400,412,412,412,412,48,48,61,93,144,144,163,37,37,57,57,152,152,172,172,184,234,246,246,37,37,113,124,176,176,0,54,54,54],"floor_reached":51,"playtime":2076,"items_purged":["Regret"],"score":1114,"play_id":"25c9f40a-46b0-427f-a85f-ef1eb96de7ae","local_time":"20190610053203","is_ascension_mode":true,"campfire_choices":[{"data":"Uppercut","floor":7,"key":"SMITH"},{"data":"Demon Form","floor":11,"key":"SMITH"},{"data":"Rampage","floor":15,"key":"SMITH"},{"data":"Limit Break","floor":23,"key":"SMITH"},{"floor":27,"key":"REST"},{"data":"Ghostly","floor":32,"key":"SMITH"},{"floor":40,"key":"REST"},{"floor":46,"key":"REST"},{"floor":49,"key":"REST"}],"neow_cost":"NONE","seed_source_timestamp":1682636204188500,"circlet_count":0,"master_deck":["Strike_R","Strike_R","Strike_R","Strike_R","Strike_R+1","Defend_R","Defend_R","Defend_R+1","Defend_R","Bash","Uppercut+1","Rampage+1","Blind","Immolate","Carnage","Demon Form+1","Dropkick","Uppercut+1","Heavy Blade","Limit Break+1","Feel No Pain","Cleave","Writhe","Shrug It Off+1","Seeing Red","Reaper","Ghostly+1","Ghostly","Ghostly","Ghostly","Ghostly","Flame Barrier","Feed","Clothesline+1","Barricade","Warcry+1","Heavy Blade+1","Perfected Strike","Metamorphosis","Shockwave","HandOfGreed","Mind Blast","HandOfGreed","Entrench+1"],"relics":["Burning Blood","NeowsBlessing","ClockworkSouvenir","Regal Pillow","Dream Catcher","Blood Vial","Bag of Preparation","Potion Belt","Tiny House","The Courier","Calipers","OrangePellets","Matryoshka","Bronze Scales","Pen Nib","Snecko Eye","Incense Burner","Happy Flower","Singing Bowl","Vajra","Red Mask"],"potions_floor_usage":[8,10,12,18,24,25,33,35,37,37,38,38,45],"damage_taken":[{"damage":0,"enemies":"Small Slimes","floor":1,"turns":1},{"damage":0,"enemies":"Cultist","floor":3,"turns":1},{"damage":0,"enemies":"3 Sentries","floor":6,"turns":2},{"damage":6,"enemies":"Gremlin Nob","floor":8,"turns":3},{"damage":17,"enemies":"Lagavulin","floor":10,"turns":5},{"damage":0,"enemies":"Gremlin Nob","floor":12,"turns":2},{"damage":4,"enemies":"Jaw Worm","floor":13,"turns":2},{"damage":11,"enemies":"Looter","floor":14,"turns":3},{"damage":49,"enemies":"Slime Boss","floor":16,"turns":8},{"damage":3,"enemies":"Chosen","floor":18,"turns":3},{"damage":34,"enemies":"Shell Parasite","floor":24,"turns":4},{"damage":50,"enemies":"Book of Stabbing","floor":25,"turns":5},{"damage":33,"enemies":"Shelled Parasite and Fungi","floor":28,"turns":8},{"damage":17,"enemies":"Centurion and Healer","floor":31,"turns":7},{"damage":45,"enemies":"Collector","floor":33,"turns":9},{"damage":7,"enemies":"3 Darklings","floor":35,"turns":6},{"damage":0,"enemies":"Orb Walker","floor":37,"turns":2},{"damage":8,"enemies":"2 Orb Walkers","floor":38,"turns":6},{"damage":18,"enemies":"Spire Growth","floor":39,"turns":10},{"damage":1,"enemies":"Transient","floor":44,"turns":5},{"damage":21,"enemies":"Nemesis","floor":45,"turns":3},{"damage":0,"enemies":"Jaw Worm Horde","floor":48,"turns":3},{"damage":0,"enemies":"Donu and Deca","floor":50,"turns":11}],"seed_played":"-1430518304679902066","potions_obtained":[{"floor":1,"key":"FairyPotion"},{"floor":3,"key":"FearPotion"},{"floor":6,"key":"FearPotion"},{"floor":10,"key":"AttackPotion"},{"floor":17,"key":"Fire Potion"},{"floor":18,"key":"Regen Potion"},{"floor":24,"key":"Weak Potion"},{"floor":31,"key":"Fire Potion"},{"floor":33,"key":"PowerPotion"},{"floor":36,"key":"Dexterity Potion"},{"floor":36,"key":"GamblersBrew"},{"floor":36,"key":"FearPotion"},{"floor":37,"key":"Fire Potion"},{"floor":48,"key":"BloodPotion"}],"is_trial":false,"path_per_floor":["M","?","M","$","?","E","R","?","T","E","R","E","M","M","R","B",null,"M","?","?","T","$","R","M","E","T","R","M","$","?","M","R","B",null,"M","?","M","?","M","R","$","?","T","M","E","R","?","M","R","B",null],"character_chosen":"IRONCLAD","items_purchased":["ClockworkSouvenir","Blind","OrangePellets","Matryoshka","Reaper","Metamorphosis","Shockwave","Fire Potion"],"campfire_rested":4,"item_purchase_floors":[4,4,22,22,29,41,41,41],"current_hp_per_floor":[78,78,80,80,64,70,70,70,70,61,61,69,73,70,70,29,72,77,77,61,61,61,61,47,15,15,57,32,32,32,45,45,23,40,41,41,45,46,36,48,48,38,38,45,34,52,52,54,56,56],"gold":54,"neow_bonus":"THREE_ENEMY_KILL","is_prod":false,"is_daily":false,"chose_seed":false,"campfire_upgraded":5,"win_rate":0,"timestamp":1560159123,"path_taken":["M","?","?","$","?","E","R","?","T","E","R","E","M","M","R","BOSS","M","?","?","?","?","R","M","E","T","R","M","$","?","M","R","BOSS","M","?","?","?","M","R","$","?","T","M","E","R","?","M","R","BOSS"],"build_version":"2019-06-07","purchased_purges":1,"victory":true,"max_hp_per_floor":[80,80,80,80,80,80,80,80,80,80,80,80,80,80,80,80,85,85,85,90,90,90,90,90,90,90,90,90,90,45,45,45,45,45,45,45,45,48,48,48,48,48,48,48,50,52,52,54,56,56],"card_choices":[{"not_picked":["Inflame","Iron Wave"],"picked":"Uppercut","floor":1},{"not_picked":["Body Slam","Pommel Strike"],"picked":"Rampage","floor":3},{"not_picked":["Clash","Second Wind"],"picked":"Immolate","floor":6},{"not_picked":["Wild Strike","Havoc"],"picked":"Carnage","floor":8},{"not_picked":["Pommel Strike","Iron Wave"],"picked":"Demon Form","floor":10},{"not_picked":["Body Slam","Disarm"],"picked":"Dropkick","floor":12},{"not_picked":["Sword Boomerang","Cleave"],"picked":"Uppercut","floor":13},{"not_picked":["Bloodletting","Hemokinesis"],"picked":"Heavy Blade","floor":14},{"not_picked":["Demon Form","Offering"],"picked":"Limit Break","floor":16},{"not_picked":["Pommel Strike","Blood for Blood"],"picked":"Feel No Pain","floor":17},{"not_picked":["Feel No Pain","Sword Boomerang"],"picked":"Cleave","floor":18},{"not_picked":["Shrug It Off","Body Slam","Havoc"],"picked":"SKIP","floor":24},{"not_picked":["Clothesline","Cleave"],"picked":"Shrug It Off+1","floor":25},{"not_picked":["Combust","Burning Pact"],"picked":"Seeing Red","floor":28},{"not_picked":["Wild Strike","Power Through"],"picked":"Flame Barrier","floor":31},{"not_picked":["Bludgeon","Juggernaut"],"picked":"Feed","floor":33},{"not_picked":["Flex+1","Twin Strike"],"picked":"Clothesline+1","floor":35},{"not_picked":["Flex","Whirlwind"],"picked":"Barricade","floor":37},{"not_picked":["Twin Strike+1","True Grit"],"picked":"Warcry+1","floor":38},{"not_picked":["Rage","Burning Pact"],"picked":"Heavy Blade+1","floor":39},{"not_picked":["Wild Strike+1","Havoc"],"picked":"Perfected Strike","floor":40},{"not_picked":["Good Instincts","Purity"],"picked":"HandOfGreed","floor":42},{"not_picked":["Panache","Panacea"],"picked":"Mind Blast","floor":42},{"not_picked":["Master of Strategy","Dark Shackles"],"picked":"HandOfGreed","floor":42},{"not_picked":["Thunderclap","Reckless Charge"],"picked":"Entrench+1","floor":44},{"not_picked":["Sever Soul+1","Body Slam","Combust"],"picked":"Singing Bowl","floor":45},{"not_picked":["Heavy Blade","Disarm+1","Rampage"],"picked":"Singing Bowl","floor":46},{"not_picked":["Seeing Red+1","Infernal Blade+1","Pommel Strike"],"picked":"Singing Bowl","floor":48},{"not_picked":["Havoc+1","Body Slam+1","Inflame"],"picked":"Singing Bowl","floor":49}],"player_experience":1020370,"relics_obtained":[{"floor":6,"key":"Regal Pillow"},{"floor":8,"key":"Dream Catcher"},{"floor":9,"key":"Blood Vial"},{"floor":10,"key":"Bag of Preparation"},{"floor":12,"key":"Potion Belt"},{"floor":21,"key":"Calipers"},{"floor":25,"key":"Bronze Scales"},{"floor":26,"key":"Pen Nib"},{"floor":38,"key":"Incense Burner"},{"floor":43,"key":"Happy Flower"},{"floor":43,"key":"Singing Bowl"},{"floor":45,"key":"Vajra"}],"event_choices":[{"damage_healed":0,"gold_gain":275,"player_choice":"Desecrate","damage_taken":0,"max_hp_gain":0,"max_hp_loss":0,"event_name":"Golden Shrine","floor":2,"gold_loss":0,"cards_obtained":["Regret"]},{"damage_healed":0,"gold_gain":0,"player_choice":"Entered Light","damage_taken":16,"max_hp_gain":0,"max_hp_loss":0,"event_name":"Shining Light","floor":5,"gold_loss":0,"cards_upgraded":["Strike_R","Defend_R"]},{"damage_healed":0,"gold_gain":30,"player_choice":"Searched \u00273\u0027 times","damage_taken":0,"max_hp_gain":0,"max_hp_loss":0,"event_name":"Dead Adventurer","floor":8,"gold_loss":0},{"damage_healed":0,"gold_gain":0,"player_choice":"Opened","damage_taken":0,"relics_obtained":["The Courier"],"max_hp_gain":0,"max_hp_loss":0,"event_name":"The Mausoleum","floor":19,"gold_loss":0,"cards_obtained":["Writhe"]},{"damage_healed":0,"gold_gain":0,"player_choice":"Shed Blood","damage_taken":21,"max_hp_gain":5,"max_hp_loss":0,"event_name":"Forgotten Altar","floor":20,"gold_loss":0},{"damage_healed":0,"gold_gain":0,"player_choice":"Became a Ghost","damage_taken":0,"max_hp_gain":0,"max_hp_loss":45,"event_name":"Ghosts","floor":30,"gold_loss":0,"cards_obtained":["Ghostly","Ghostly","Ghostly","Ghostly","Ghostly"]},{"damage_healed":0,"gold_gain":0,"player_choice":"Got Potions","damage_taken":0,"max_hp_gain":0,"max_hp_loss":0,"event_name":"Lab","floor":36,"gold_loss":0},{"damage_healed":0,"gold_gain":0,"player_choice":"Fight","damage_taken":0,"max_hp_gain":0,"max_hp_loss":0,"event_name":"Mysterious Sphere","floor":38,"gold_loss":0},{"damage_healed":0,"gold_gain":0,"player_choice":"Memory 3","damage_taken":10,"max_hp_gain":0,"max_hp_loss":0,"event_name":"SensoryStone","floor":42,"gold_loss":0},{"damage_healed":0,"gold_gain":0,"player_choice":"Paid","damage_taken":0,"relics_obtained":["Red Mask"],"max_hp_gain":0,"max_hp_loss":0,"event_name":"Tomb of Lord Red Mask","floor":47,"gold_loss":176}],"is_beta":true,"boss_relics":[{"not_picked":["Sozu","Runic Cube"],"picked":"Tiny House"},{"not_picked":["Busted Crown","Velvet Choker"],"picked":"Snecko Eye"}],"items_purged_floors":[4],"is_endless":false,"potions_floor_spawned":[1,3,6,10,18,24,31,33,37,48],"ascension_level":6}