{"gold_per_floor":[112,112,30,40,3,31,31,57,57,7,7,25,25,38,38,142,142,156,166,184,184],"floor_reached":21,"playtime":891,"items_purged":[],"score":214,"play_id":"86bfa92f-e932-4674-8bef-90c29042a189","local_time":"20190623203959","is_ascension_mode":false,"campfire_choices":[{"floor":7,"key":"RECALL"},{"floor":15,"key":"REST"}],"neow_cost":"NONE","seed_source_timestamp":200930436512000,"circlet_count":0,"master_deck":["Strike_B","Strike_B","Strike_B","Defend_B","Defend_B","Defend_B","Defend_B","Zap","Dualcast","Static Discharge+1","Discovery","Steam","Fusion","Double Energy","Thunder Strike","Turbo","Conserve Battery","Fission","Ball Lightning+1","Fusion","Ball Lightning"],"relics":["Cracked Core","NeowsBlessing","Shovel","Mercury Hourglass","Matryoshka","Inserter"],"potions_floor_usage":[8,8,14,14,16,16,16,18,18,19,21],"damage_taken":[{"damage":0,"enemies":"Jaw Worm","floor":1,"turns":1},{"damage":0,"enemies":"Cultist","floor":4,"turns":1},{"damage":0,"enemies":"Gremlin Nob","floor":6,"turns":1},{"damage":24,"enemies":"Lagavulin","floor":8,"turns":6},{"damage":0,"enemies":"Small Slimes","floor":12,"turns":3},{"damage":0,"enemies":"3 Louse","floor":14,"turns":2},{"damage":15,"enemies":"Hexaghost","floor":16,"turns":7},{"damage":25,"enemies":"Spheric Guardian","floor":18,"turns":5},{"damage":10,"enemies":"Shell Parasite","floor":19,"turns":5},{"damage":21,"enemies":"Sentry and Sphere","floor":20,"turns":4},{"damage":25,"enemies":"Shelled Parasite and Fungi","floor":21,"turns":4}],"seed_played":"-8088690720473593177","potions_obtained":[{"floor":4,"key":"Strength Potion"},{"floor":6,"key":"Dexterity Potion"},{"floor":13,"key":"LiquidBronze"},{"floor":13,"key":"EntropicBrew"},{"floor":13,"key":"Regen Potion"},{"floor":16,"key":"Energy Potion"},{"floor":18,"key":"Energy Potion"},{"floor":20,"key":"FocusPotion"}],"is_trial":false,"path_per_floor":["M","?","$","M","$","E","R","E","T","?","?","M","?","M","R","B",null,"M","M","M","M"],"character_chosen":"DEFECT","items_purchased":["Discovery","Fusion"],"campfire_rested":1,"item_purchase_floors":[3,5],"current_hp_per_floor":[75,75,75,75,75,75,75,51,51,51,33,33,33,38,60,45,75,50,40,19,0],"gold":184,"neow_bonus":"THREE_ENEMY_KILL","is_prod":false,"is_daily":false,"chose_seed":false,"campfire_upgraded":0,"win_rate":0,"timestamp":1561336799,"path_taken":["M","?","?","M","$","E","R","E","T","?","?","M","?","M","R","BOSS","M","M","?","M"],"build_version":"2019-06-21","purchased_purges":0,"victory":false,"max_hp_per_floor":[75,75,75,75,75,75,75,75,75,75,75,75,75,75,75,75,75,75,75,75,75],"card_choices":[{"not_picked":["Rebound","Sweeping Beam"],"picked":"Static Discharge","floor":1},{"not_picked":["Turbo","Barrage"],"picked":"Steam","floor":4},{"not_picked":["Darkness","Leap"],"picked":"Double Energy","floor":6},{"not_picked":["Reinforced Body","Ball Lightning"],"picked":"Thunder Strike","floor":8},{"not_picked":["Reinforced Body","Rip and Tear"],"picked":"Turbo","floor":12},{"not_picked":["Leap","Rebound"],"picked":"Conserve Battery","floor":14},{"not_picked":["Hyperbeam","Machine Learning"],"picked":"Fission","floor":16},{"not_picked":["Coolheaded","Hologram"],"picked":"Ball Lightning+1","floor":18},{"not_picked":["FTL","Darkness+1"],"picked":"Fusion","floor":19},{"not_picked":["Barrage","Hologram"],"picked":"Ball Lightning","floor":20}],"player_experience":1117196,"relics_obtained":[{"floor":6,"key":"Shovel"},{"floor":8,"key":"Mercury Hourglass"}],"event_choices":[{"damage_healed":0,"gold_gain":0,"player_choice":"Upgraded","damage_taken":0,"max_hp_gain":0,"max_hp_loss":0,"event_name":"Upgrade Shrine","floor":2,"gold_loss":0,"cards_upgraded":["Static Discharge"]},{"cards_removed":["Strike_B"],"damage_healed":0,"gold_gain":0,"player_choice":"Card Removal","damage_taken":0,"max_hp_gain":0,"max_hp_loss":0,"event_name":"The Cleric","floor":10,"gold_loss":50},{"damage_healed":0,"gold_gain":0,"player_choice":"Success","damage_taken":18,"relics_obtained":["Matryoshka"],"max_hp_gain":0,"max_hp_loss":0,"event_name":"Scrap Ooze","floor":11,"gold_loss":0},{"damage_healed":0,"gold_gain":0,"player_choice":"Got Potions","damage_taken":0,"max_hp_gain":0,"max_hp_loss":0,"event_name":"Lab","floor":13,"gold_loss":0}],"is_beta":true,"boss_relics":[{"not_picked":["White Beast Statue","Runic Pyramid"],"picked":"Inserter"}],"items_purged_floors":[],"is_endless":false,"potions_floor_spawned":[4,6,16,18,20],"killed_by":"Shelled Parasite and Fungi","ascension_level":0}