{"gold_per_floor":[12,23,39,39,59,59,86,109,109,34,51,51,64,96,96,96],"floor_reached":16,"playtime":572,"items_purged":["Strike_G"],"score":224,"play_id":"6615ecfd-3df9-4dc8-8148-cba50a2db548","local_time":"20190615093041","is_ascension_mode":true,"campfire_choices":[{"data":"Whirlwind","floor":6,"key":"SMITH"},{"floor":12,"key":"REST"},{"data":"Footwork","floor":15,"key":"SMITH"}],"neow_cost":"NO_GOLD","seed_source_timestamp":314980055994786,"circlet_count":0,"master_deck":["AscendersBane","Defend_G","Defend_G","Defend_G","Defend_G","Defend_G","Strike_G","Strike_G","Strike_G","Strike_G","Survivor","Neutralize","Footwork+1","Cloak And Dagger","Whirlwind+1","White Noise","Shrug It Off","Strike_G","Genetic Algorithm"],"relics":["Ring of the Snake","PrismaticShard","WarpedTongs","Bronze Scales","Boot","PreservedInsect","Happy Flower"],"potions_floor_usage":[13],"damage_taken":[{"damage":0,"enemies":"Small Slimes","floor":1,"turns":4},{"damage":4,"enemies":"Cultist","floor":2,"turns":6},{"damage":0,"enemies":"2 Louse","floor":3,"turns":5},{"damage":11,"enemies":"Blue Slaver","floor":5,"turns":5},{"damage":21,"enemies":"3 Sentries","floor":7,"turns":7},{"damage":9,"enemies":"Red Slaver","floor":11,"turns":4},{"damage":4,"enemies":"Exordium Wildlife","floor":13,"turns":5},{"damage":21,"enemies":"Gremlin Nob","floor":14,"turns":4},{"damage":29,"enemies":"Hexaghost","floor":16,"turns":10}],"seed_played":"-4538135636229684005","potions_obtained":[{"floor":3,"key":"SpeedPotion"},{"floor":5,"key":"Energy Potion"},{"floor":7,"key":"Explosive Potion"}],"is_trial":false,"path_per_floor":["M","M","M","?","M","R","E","T","T","$","M","R","M","E","R","B"],"character_chosen":"THE_SILENT","items_purchased":[],"campfire_rested":1,"item_purchase_floors":[],"current_hp_per_floor":[71,67,67,67,56,56,35,35,35,35,26,49,45,24,24,0],"gold":96,"neow_bonus":"TWENTY_PERCENT_HP_BONUS","is_prod":false,"is_daily":false,"chose_seed":false,"campfire_upgraded":2,"win_rate":0,"timestamp":1560616241,"path_taken":["M","M","M","?","?","R","E","?","T","?","M","R","M","E","R","BOSS"],"build_version":"2019-01-23","purchased_purges":1,"victory":false,"max_hp_per_floor":[78,78,78,78,78,78,78,78,78,78,78,78,78,78,78,78],"card_choices":[{"not_picked":["Beam Cell","Perfected Strike"],"picked":"Footwork","floor":1},{"not_picked":["Storm","Skim"],"picked":"Cloak And Dagger","floor":2},{"not_picked":["Warcry","Armaments"],"picked":"Whirlwind","floor":3},{"not_picked":["Crippling Poison","Combust"],"picked":"White Noise","floor":5},{"not_picked":["Infernal Blade","Finisher"],"picked":"Shrug It Off","floor":7},{"not_picked":["Body Slam","Go for the Eyes","Bloodletting"],"picked":"SKIP","floor":11},{"not_picked":["Body Slam","Go for the Eyes","Bloodletting"],"picked":"SKIP","floor":11},{"not_picked":["Madness","Go for the Eyes","Blind"],"picked":"SKIP","floor":13},{"not_picked":["Cloak And Dagger","Twin Strike"],"picked":"Genetic Algorithm","floor":14}],"player_experience":793259,"relics_obtained":[{"floor":7,"key":"Bronze Scales"},{"floor":8,"key":"Boot"},{"floor":9,"key":"PreservedInsect"},{"floor":14,"key":"Happy Flower"}],"event_choices":[{"damage_healed":0,"gold_gain":0,"player_choice":"Rummage","damage_taken":0,"relics_obtained":["WarpedTongs"],"max_hp_gain":0,"max_hp_loss":0,"event_name":"Accursed Blacksmith","floor":4,"gold_loss":0,"cards_obtained":["Pain"]}],"is_beta":false,"boss_relics":[],"items_purged_floors":[10],"is_endless":false,"potions_floor_spawned":[3,5,7,11],"killed_by":"Hexaghost","ascension_level":20}