{"gold_per_floor":[115,126,201,201,216,250,250,250,277,309,322,336,336,346,346,447,447,459,459,31,46,10,42,42,42,69,94,94,125,125],"floor_reached":30,"playtime":2946,"items_purged":["Defend_B"],"score":326,"play_id":"238b10e7-3f4a-413e-909d-a32e7129a3fb","local_time":"20190623143559","is_ascension_mode":true,"campfire_choices":[{"floor":8,"key":"REST"},{"data":"Buffer","floor":13,"key":"SMITH"},{"data":"Zap","floor":15,"key":"SMITH"},{"floor":25,"key":"REST"},{"floor":28,"key":"REST"}],"neow_cost":"NONE","seed_source_timestamp":129614896838956,"circlet_count":0,"master_deck":["Strike_B+1","Strike_B+1","Defend_B","Defend_B","Zap+1","Dualcast","FTL","Conserve Battery","Buffer+1","Capacitor","Stack","Cold Snap","Heatsinks","Storm","Doom and Gloom","Fission","Cold Snap+1","Necronomicurse","Stack","Heatsinks","Tempest+1","Darkness","Fission","White Noise+1","Barrage+1","Self Repair+1","Double Energy"],"relics":["Cracked Core","Whetstone","Blood Vial","Pen Nib","Philosopher\u0027s Stone","Necronomicon","Question Card","Dream Catcher","Bag of Preparation","Thread and Needle","Kunai"],"potions_floor_usage":[6,12,16,23],"damage_taken":[{"damage":0,"enemies":"2 Louse","floor":1,"turns":2},{"damage":4,"enemies":"Small Slimes","floor":2,"turns":4},{"damage":0,"enemies":"Jaw Worm","floor":5,"turns":3},{"damage":16,"enemies":"Gremlin Nob","floor":6,"turns":5},{"damage":14,"enemies":"Lagavulin","floor":10,"turns":7},{"damage":3,"enemies":"Looter","floor":11,"turns":3},{"damage":7,"enemies":"Exordium Thugs","floor":12,"turns":3},{"damage":0,"enemies":"2 Fungi Beasts","floor":14,"turns":2},{"damage":8,"enemies":"The Guardian","floor":16,"turns":11},{"damage":20,"enemies":"Shell Parasite","floor":18,"turns":7},{"damage":10,"enemies":"2 Thieves","floor":21,"turns":2},{"damage":36,"enemies":"Slavers","floor":23,"turns":4},{"damage":7,"enemies":"Book of Stabbing","floor":27,"turns":5},{"damage":60,"enemies":"Slavers","floor":29,"turns":5},{"damage":13,"enemies":"Snake Plant","floor":30,"turns":3}],"seed_played":"5939960477440660188","potions_obtained":[{"floor":1,"key":"EssenceOfSteel"},{"floor":2,"key":"SteroidPotion"},{"floor":10,"key":"Regen Potion"},{"floor":11,"key":"FearPotion"},{"floor":29,"key":"Dexterity Potion"}],"is_trial":false,"path_per_floor":["M","M","?","?","M","E","?","R","T","E","M","M","R","M","R","B",null,"M","?","$","M","$","E","?","R","T","E","R","E","M"],"character_chosen":"DEFECT","items_purchased":["Stack","Heatsinks","Question Card","Darkness"],"campfire_rested":3,"item_purchase_floors":[20,20,20,22],"current_hp_per_floor":[82,78,67,67,67,51,44,68,68,56,55,50,50,52,52,46,82,62,46,46,38,38,16,16,40,40,35,59,11,0],"gold":125,"neow_bonus":"TEN_PERCENT_HP_BONUS","is_prod":false,"is_daily":false,"chose_seed":false,"campfire_upgraded":2,"win_rate":0,"timestamp":1561314959,"path_taken":["M","M","?","?","M","E","?","R","T","E","M","M","R","M","R","BOSS","M","?","$","M","$","E","?","R","T","E","R","E","?"],"build_version":"2019-01-23","purchased_purges":1,"victory":false,"max_hp_per_floor":[82,82,82,82,82,82,82,82,82,82,82,82,82,82,82,82,82,82,82,82,82,82,82,82,82,82,82,82,82,82],"card_choices":[{"not_picked":["Coolheaded","Glacier"],"picked":"FTL","floor":1},{"not_picked":["Leap","Rebound"],"picked":"Conserve Battery","floor":2},{"not_picked":["Cold Snap","Leap"],"picked":"Capacitor","floor":5},{"not_picked":["Multi-Cast","Redo"],"picked":"Stack","floor":6},{"not_picked":["Go for the Eyes","Biased Cognition"],"picked":"Cold Snap","floor":10},{"not_picked":["Reprogram","Redo"],"picked":"Heatsinks","floor":11},{"not_picked":["Ball Lightning","Undo"],"picked":"Storm","floor":12},{"not_picked":["Redo","Barrage"],"picked":"Doom and Gloom","floor":14},{"not_picked":["Multi-Cast","Meteor Strike"],"picked":"Fission","floor":16},{"not_picked":["Redo","Glacier"],"picked":"Cold Snap+1","floor":18},{"not_picked":["Blizzard","Barrage","Glacier+1"],"picked":"Tempest+1","floor":21},{"not_picked":["Reprogram+1","Tempest+1","Coolheaded"],"picked":"Fission","floor":23},{"not_picked":["Compile Driver","Sweeping Beam","Stack"],"picked":"White Noise+1","floor":25},{"not_picked":["Hyperbeam","Loop","Rebound+1"],"picked":"Barrage+1","floor":27},{"not_picked":["Compile Driver","Steam","Sweeping Beam+1"],"picked":"Self Repair+1","floor":28},{"not_picked":["Steam","Steam Power","Gash"],"picked":"Double Energy","floor":29}],"player_experience":94143,"relics_obtained":[{"floor":6,"key":"Whetstone"},{"floor":9,"key":"Blood Vial"},{"floor":10,"key":"Pen Nib"},{"floor":19,"key":"Necronomicon"},{"floor":23,"key":"Dream Catcher"},{"floor":26,"key":"Bag of Preparation"},{"floor":27,"key":"Thread and Needle"},{"floor":29,"key":"Kunai"}],"event_choices":[{"damage_healed":0,"gold_gain":75,"player_choice":"Gather Gold","damage_taken":11,"max_hp_gain":0,"max_hp_loss":0,"event_name":"World of Goop","floor":3,"gold_loss":0},{"damage_healed":0,"gold_gain":0,"cards_transformed":["Strike_B"],"player_choice":"Change","damage_taken":0,"max_hp_gain":0,"max_hp_loss":0,"event_name":"Living Wall","floor":4,"gold_loss":0,"cards_obtained":["Buffer"]},{"cards_removed":["Strike_B"],"damage_healed":0,"gold_gain":0,"player_choice":"Card Removal","damage_taken":7,"max_hp_gain":0,"max_hp_loss":0,"event_name":"Golden Wing","floor":7,"gold_loss":0},{"damage_healed":0,"gold_gain":0,"player_choice":"Obtained Book","damage_taken":16,"max_hp_gain":0,"max_hp_loss":0,"event_name":"Cursed Tome","floor":19,"gold_loss":0},{"cards_removed":["Defend_B"],"damage_healed":0,"gold_gain":0,"player_choice":"Purged","damage_taken":0,"max_hp_gain":0,"max_hp_loss":0,"event_name":"Purifier","floor":24,"gold_loss":0}],"is_beta":false,"boss_relics":[{"not_picked":["Coffee Dripper","Snecko Eye"],"picked":"Philosopher\u0027s Stone"}],"items_purged_floors":[20],"is_endless":false,"potions_floor_spawned":[1,2,10,11,29],"killed_by":"Snake Plant","ascension_level":2}