{"gold_per_floor":[14,27,27,42,19,49,49,82,153,171,171,171,171,187,187,311,311,329,329,329,27,38,38,54,54,54,82,96,60,71,71,71,175,175,189,264,264,69,83,83,99,99,99,114,42,42,52,52,52,52],"floor_reached":50,"playtime":1590,"items_purged":[],"score":591,"play_id":"4cf8a8b2-6bf5-40ed-8ff1-5484b6685c27","local_time":"20180713041954","is_ascension_mode":true,"campfire_choices":[{"floor":7,"key":"REST"},{"floor":11,"key":"REST"},{"floor":15,"key":"REST"},{"data":"Bludgeon","floor":23,"key":"SMITH"},{"data":"Whirlwind","floor":32,"key":"SMITH"},{"data":"Infernal Blade","floor":40,"key":"SMITH"},{"data":"Madness","floor":42,"key":"SMITH"},{"data":"Uppercut","floor":46,"key":"SMITH"},{"data":"Perfected Strike","floor":49,"key":"SMITH"}],"neow_cost":"NO_GOLD","seed_source_timestamp":347897603448832,"circlet_count":0,"master_deck":["Strike_R+1","Strike_R+1","Defend_R+1","Defend_R+1","Bash","Thunderclap","Thunderclap","Twin Strike","Wild Strike","Sever Soul","Seeing Red+1","Headbutt","Rampage","Bludgeon+1","Iron Wave","Necronomicurse","Perfected Strike","Flex","Flame Barrier","Thunderclap","Shrug It Off+1","Infernal Blade+1","Whirlwind+1","Demon Form","Feed","Carnage+1","Immolate+1","Flame Barrier+1","Flame Barrier","Madness","Madness+1","Double Tap","Cleave","Rampage","Perfected Strike+1","Shrug It Off+1","Uppercut+1","Flame Barrier"],"relics":["Burning Blood","Ice Cream","Unceasing Top","War Paint","Pantograph","Bloody Idol","Mark of Pain","Necronomicon","ClockworkSouvenir","Magic Flower","Vajra","Astrolabe","Darkstone Periapt"],"potions_floor_usage":[2,10,18,27,28,35,44,47,47],"damage_taken":[{"damage":13,"enemies":"Jaw Worm","floor":1,"turns":5},{"damage":14,"enemies":"Cultist","floor":2,"turns":6},{"damage":1,"enemies":"2 Louse","floor":4,"turns":3},{"damage":32,"enemies":"Gremlin Nob","floor":6,"turns":4},{"damage":31,"enemies":"3 Sentries","floor":8,"turns":8},{"damage":14,"enemies":"Looter","floor":10,"turns":3},{"damage":16,"enemies":"Lots of Slimes","floor":14,"turns":3},{"damage":55,"enemies":"The Guardian","floor":16,"turns":10},{"damage":4,"enemies":"Chosen","floor":18,"turns":2},{"damage":0,"enemies":"Spheric Guardian","floor":22,"turns":1},{"damage":18,"enemies":"Snecko","floor":24,"turns":4},{"damage":13,"enemies":"Slavers","floor":27,"turns":4},{"damage":29,"enemies":"Slaver and Parasite","floor":28,"turns":4},{"damage":0,"enemies":"3 Cultists","floor":30,"turns":2},{"damage":39,"enemies":"Champ","floor":33,"turns":4},{"damage":22,"enemies":"Flame Bruiser 1 Orb","floor":35,"turns":3},{"damage":0,"enemies":"3 Darklings","floor":39,"turns":1},{"damage":0,"enemies":"Spire Growth","floor":41,"turns":1},{"damage":16,"enemies":"4 Shapes","floor":44,"turns":1},{"damage":0,"enemies":"Sphere and 2 Shapes","floor":47,"turns":2},{"damage":99,"enemies":"Awakened One","floor":50,"turns":7}],"seed_played":"9070626748252632635","potions_obtained":[{"floor":1,"key":"GamblersBrew"},{"floor":8,"key":"PowerPotion"},{"floor":16,"key":"Energy Potion"},{"floor":24,"key":"Weak Potion"},{"floor":27,"key":"SpeedPotion"},{"floor":30,"key":"Ancient Potion"},{"floor":33,"key":"Fruit Juice"},{"floor":39,"key":"PowerPotion"},{"floor":41,"key":"Block Potion"},{"floor":44,"key":"AttackPotion"}],"is_trial":false,"path_per_floor":["M","M","?","M","$","E","R","E","T","M","R","?","?","M","R","B",null,"M","?","?","$","M","R","M","?","T","E","M","$","M","?","R","B",null,"M","?","?","$","M","R","M","R","T","M","$","R","M","$","R"],"character_chosen":"IRONCLAD","items_purchased":["Wild Strike","ClockworkSouvenir","Perfected Strike","Flex","Whirlwind","Double Tap","Cleave","Uppercut"],"campfire_rested":3,"item_purchase_floors":[5,21,21,21,29,38,38,45],"current_hp_per_floor":[73,65,65,70,70,44,68,43,43,35,59,59,59,49,71,25,74,74,74,58,58,69,69,62,62,62,63,48,48,62,62,62,49,74,71,69,59,59,73,73,79,79,79,77,77,77,79,79,79,0],"gold":52,"neow_bonus":"ONE_RARE_RELIC","is_prod":false,"is_daily":false,"chose_seed":false,"campfire_upgraded":6,"win_rate":0,"timestamp":1531469994,"path_taken":["M","M","?","M","$","E","R","E","T","M","R","?","?","?","R","BOSS","M","?","?","$","?","R","M","?","T","E","M","$","M","?","R","BOSS","M","?","?","$","?","R","?","R","T","M","$","R","M","?","R","BOSS"],"build_version":"2018-07-12","purchased_purges":0,"victory":false,"max_hp_per_floor":[80,80,80,80,80,80,80,80,80,80,80,74,74,74,74,74,74,74,74,74,74,74,74,74,74,74,74,74,74,74,74,74,74,74,79,79,79,79,79,79,79,79,79,79,79,79,79,79,79,79],"card_choices":[{"not_picked":["Reckless Charge","Entrench"],"picked":"Thunderclap","floor":1},{"not_picked":["Headbutt","Wild Strike"],"picked":"Thunderclap","floor":2},{"not_picked":["Evolve","Shrug It Off"],"picked":"Twin Strike","floor":4},{"not_picked":["Anger","Double Tap"],"picked":"Sever Soul","floor":6},{"not_picked":["Power Through","Inflame"],"picked":"Seeing Red","floor":8},{"not_picked":["Warcry","Shrug It Off"],"picked":"Headbutt","floor":10},{"not_picked":["Second Wind","Carnage"],"picked":"Rampage","floor":14},{"not_picked":["Reaper","Barricade"],"picked":"Bludgeon","floor":16},{"not_picked":["Sever Soul+1","Clothesline"],"picked":"Iron Wave","floor":18},{"not_picked":["Clash","True Grit"],"picked":"Flame Barrier","floor":22},{"not_picked":["Sword Boomerang+1","Wild Strike"],"picked":"Thunderclap","floor":24},{"not_picked":["Feel No Pain","Metallicize+1"],"picked":"Shrug It Off+1","floor":27},{"not_picked":["Sever Soul+1","Combust+1"],"picked":"Infernal Blade","floor":28},{"not_picked":["Clothesline","Blood for Blood"],"picked":"Demon Form","floor":30},{"not_picked":["Berserk","Impervious"],"picked":"Feed","floor":33},{"not_picked":["Sword Boomerang","Sentinel+1"],"picked":"Flame Barrier","floor":35},{"not_picked":["Metallicize","Headbutt"],"picked":"Rampage","floor":39},{"not_picked":["True Grit+1","Thunderclap+1"],"picked":"Perfected Strike","floor":41},{"not_picked":["Cleave","Warcry"],"picked":"Shrug It Off+1","floor":44},{"not_picked":["Combust","Armaments"],"picked":"Flame Barrier","floor":47}],"player_experience":412849,"relics_obtained":[{"floor":6,"key":"Unceasing Top"},{"floor":8,"key":"War Paint"},{"floor":9,"key":"Pantograph"},{"floor":20,"key":"Necronomicon"},{"floor":26,"key":"Magic Flower"},{"floor":27,"key":"Vajra"},{"floor":43,"key":"Darkstone Periapt"}],"event_choices":[{"event_name":"Purifier","player_choice":"One Purge","floor":3,"damage_taken":0},{"event_name":"Golden Idol","player_choice":"Lose Max HP","floor":12,"damage_taken":0},{"event_name":"Accursed Blacksmith","player_choice":"Forge","floor":13,"damage_taken":0},{"event_name":"Forgotten Altar","player_choice":"Gave Idol","floor":19,"damage_taken":0},{"event_name":"Cursed Tome","player_choice":"Obtained Book","floor":20,"damage_taken":0},{"event_name":"Back to Basics","player_choice":"Simplicity","floor":25,"damage_taken":0},{"event_name":"Purifier","player_choice":"One Purge","floor":31,"damage_taken":0},{"event_name":"FaceTrader","player_choice":"Touch","floor":36,"damage_taken":0},{"event_name":"Winding Halls","player_choice":"Embrace Madness","floor":37,"damage_taken":0}],"boss_relics":[{"not_picked":["Busted Crown","Ectoplasm"],"picked":"Mark of Pain"},{"not_picked":["White Beast Statue","Empty Cage"],"picked":"Astrolabe"}],"items_purged_floors":[],"is_endless":false,"potions_floor_spawned":[1,8,16,24,27,30,33,39,41,44],"killed_by":"Awakened One","ascension_level":3}