{"gold_per_floor":[112,112,129,204,216,248,274,286,298,310,354,383,428,440,452,587,662,694,722,734,746,98,129,139,173,197,197,197,208,241,296,296,399,399,410,1409,1456,1456,1476,1476,1502,1502,1578,1578,1613,1613,1626,272,272,272],"floor_reached":51,"playtime":2147,"items_purged":["Shame","Normality"],"score":1068,"play_id":"ad95e599-fdf3-4c7d-8f2c-283d1925725b","local_time":"20190606063839","is_ascension_mode":true,"campfire_choices":[{"data":"Offering","floor":8,"key":"SMITH"},{"data":"Armaments","floor":10,"key":"SMITH"},{"floor":15,"key":"REST"},{"data":"Reaper","floor":28,"key":"SMITH"},{"data":"RitualDagger","floor":32,"key":"SMITH"},{"floor":40,"key":"REST"},{"floor":42,"key":"REST"},{"floor":49,"key":"REST"}],"neow_cost":"CURSE","seed_source_timestamp":1340996452284700,"circlet_count":0,"master_deck":["Strike_R","Strike_R","Strike_R","Defend_R+1","Defend_R","Bash","Headbutt","Armaments+1","Seeing Red","Clothesline","Body Slam","Offering+1","Rampage","Shockwave","Reaper+1","Cleave","Spot Weakness+1","Ghostly Armor","Sever Soul","Battle Trance","Panacea","Feel No Pain+1","RitualDagger+1","Corruption","Feel No Pain","Reaper","Power Through","Normality","Shockwave+1","Enlightenment","Mayhem","Trip","Armaments+1","Cleave+1","Metallicize+1","Barricade+1","Clumsy","Metallicize+1","Dropkick+1","Rampage","Master of Strategy+1","Swift Strike","Shockwave+1","Whirlwind","Armaments+1"],"relics":["Burning Blood","PreservedInsect","MawBank","Question Card","Red Skull","Mercury Hourglass","Bloody Idol","Tiny House","Sling","Dream Catcher","Pen Nib","Juzu Bracelet","Boot","Bag of Marbles","Strawberry","Anchor","Cursed Key","Calipers","Frozen Egg 2","Pantograph","Ginger","Gremlin Horn","Brimstone","Toxic Egg 2"],"potions_floor_usage":[6,7,12,16,18,18,24,24,25,30,45,45,45,50,50,50],"damage_taken":[{"damage":3,"enemies":"Cultist","floor":1,"turns":3},{"damage":9,"enemies":"2 Louse","floor":3,"turns":3},{"damage":12,"enemies":"Jaw Worm","floor":5,"turns":2},{"damage":23,"enemies":"Lagavulin","floor":6,"turns":4},{"damage":12,"enemies":"Gremlin Gang","floor":7,"turns":4},{"damage":10,"enemies":"Gremlin Nob","floor":11,"turns":3},{"damage":6,"enemies":"Large Slime","floor":12,"turns":2},{"damage":21,"enemies":"Lagavulin","floor":13,"turns":3},{"damage":21,"enemies":"Hexaghost","floor":16,"turns":7},{"damage":6,"enemies":"Shell Parasite","floor":18,"turns":3},{"damage":19,"enemies":"Chosen","floor":19,"turns":5},{"damage":29,"enemies":"Book of Stabbing","floor":23,"turns":3},{"damage":27,"enemies":"Snake Plant","floor":24,"turns":4},{"damage":0,"enemies":"Gremlin Leader","floor":25,"turns":6},{"damage":17,"enemies":"Centurion and Healer","floor":29,"turns":5},{"damage":19,"enemies":"Book of Stabbing","floor":30,"turns":3},{"damage":97,"enemies":"Automaton","floor":33,"turns":10},{"damage":14,"enemies":"3 Shapes","floor":35,"turns":3},{"damage":81,"enemies":"2 Orb Walkers","floor":37,"turns":6},{"damage":26,"enemies":"3 Darklings","floor":39,"turns":4},{"damage":22,"enemies":"Nemesis","floor":41,"turns":5},{"damage":7,"enemies":"Giant Head","floor":45,"turns":7},{"damage":36,"enemies":"Sphere and 2 Shapes","floor":47,"turns":7},{"damage":58,"enemies":"Donu and Deca","floor":50,"turns":6}],"seed_played":"-4418085083809692099","potions_obtained":[{"floor":3,"key":"EssenceOfSteel"},{"floor":6,"key":"Fire Potion"},{"floor":11,"key":"Energy Potion"},{"floor":13,"key":"Poison Potion"},{"floor":16,"key":"Poison Potion"},{"floor":17,"key":"Block Potion"},{"floor":19,"key":"Swift Potion"},{"floor":23,"key":"Poison Potion"},{"floor":24,"key":"Block Potion"},{"floor":29,"key":"PowerPotion"},{"floor":41,"key":"Block Potion"},{"floor":44,"key":"AttackPotion"},{"floor":44,"key":"BloodPotion"},{"floor":47,"key":"Block Potion"}],"is_trial":false,"path_per_floor":["M","T","M","?","M","E","M","R","T","R","E","M","E","?","R","B",null,"M","M","?","?","$","E","M","E","T","?","R","M","E","T","R","B",null,"M","?","?","?","M","R","E","R","T","?","E","?","M","$","R","B",null],"character_chosen":"IRONCLAD","items_purchased":["Sling","Dream Catcher","Pen Nib","Panacea","Gremlin Horn","Brimstone","Rampage","Toxic Egg 2","SkillPotion","SpeedPotion","Master of Strategy+1","Swift Strike","Shockwave+1","Whirlwind"],"campfire_rested":4,"item_purchase_floors":[22,22,22,22,48,48,48,48,48,48,48,48,48,48],"current_hp_per_floor":[80,80,77,66,60,43,37,37,37,37,33,33,18,18,40,25,67,67,60,60,60,65,66,68,79,79,73,73,79,78,83,83,15,68,79,84,39,29,22,47,41,66,71,71,86,86,61,61,86,34],"gold":272,"neow_bonus":"TRANSFORM_TWO_CARDS","is_prod":false,"is_daily":false,"chose_seed":false,"campfire_upgraded":4,"win_rate":0,"timestamp":1559817519,"path_taken":["M","?","M","?","?","E","M","R","T","R","E","?","E","?","R","BOSS","M","M","?","?","$","E","M","E","T","?","R","M","E","?","R","BOSS","M","?","?","?","M","R","E","R","T","?","E","?","M","$","R","BOSS"],"build_version":"2019-06-05","purchased_purges":2,"victory":true,"max_hp_per_floor":[80,80,80,80,80,80,80,80,80,80,80,80,80,74,74,74,79,79,79,79,79,79,79,79,79,79,79,79,79,86,86,86,86,86,86,86,86,86,86,86,86,86,86,86,86,86,86,86,86,86],"card_choices":[{"not_picked":["Havoc","Shockwave"],"picked":"Seeing Red","floor":1},{"not_picked":["Disarm","Shrug It Off"],"picked":"Body Slam","floor":3},{"not_picked":["Warcry","Heavy Blade"],"picked":"Clothesline","floor":5},{"not_picked":["Intimidate","Metallicize"],"picked":"Body Slam","floor":6},{"not_picked":["Iron Wave","Pummel"],"picked":"Offering","floor":7},{"not_picked":["Feel No Pain","Twin Strike","Carnage"],"picked":"Rampage","floor":11},{"not_picked":["Intimidate","Headbutt","Heavy Blade"],"picked":"Shockwave","floor":12},{"not_picked":["Evolve","Feel No Pain","Armaments","Bloodletting"],"picked":"SKIP","floor":13},{"not_picked":["Dark Embrace","Bludgeon","Feed"],"picked":"Reaper","floor":16},{"not_picked":["Second Wind","Armaments","Spot Weakness"],"picked":"Cleave","floor":17},{"not_picked":["Battle Trance+1","Metallicize+1","Warcry"],"picked":"Spot Weakness+1","floor":18},{"not_picked":["Body Slam","Flex","Evolve+1"],"picked":"Ghostly Armor","floor":19},{"not_picked":["Clothesline","Flex","Thunderclap","Havoc"],"picked":"SKIP","floor":23},{"not_picked":["Second Wind+1","True Grit","Sword Boomerang","Shrug It Off"],"picked":"SKIP","floor":24},{"not_picked":["Armaments","Infernal Blade","Combust"],"picked":"Feel No Pain+1","floor":25},{"not_picked":["Heavy Blade","Havoc","Metallicize+1"],"picked":"Corruption","floor":29},{"not_picked":["Anger+1","Fire Breathing","Burning Pact"],"picked":"Feel No Pain","floor":30},{"not_picked":["Bludgeon","Berserk","Juggernaut"],"picked":"Reaper","floor":33},{"not_picked":["Anger","Pommel Strike","True Grit"],"picked":"Power Through","floor":35},{"not_picked":["Headbutt","Infernal Blade","Thunderclap+1"],"picked":"Shockwave+1","floor":37},{"not_picked":["Purity","Impatience","Flash of Steel"],"picked":"Enlightenment","floor":38},{"not_picked":["Impatience","Secret Weapon","Trip"],"picked":"Mayhem","floor":38},{"not_picked":["Secret Weapon","Forethought","The Bomb"],"picked":"Trip","floor":38},{"not_picked":["Heavy Blade","Havoc","Spot Weakness"],"picked":"Armaments+1","floor":39},{"not_picked":["True Grit","Havoc","Twin Strike"],"picked":"Cleave+1","floor":40},{"not_picked":["Twin Strike+1","Flex","Rupture"],"picked":"Metallicize+1","floor":41},{"not_picked":["Spot Weakness","Battle Trance","Infernal Blade"],"picked":"Barricade+1","floor":42},{"not_picked":["Spot Weakness+1","Sword Boomerang+1","Shrug It Off"],"picked":"Metallicize+1","floor":45},{"not_picked":["Anger","Intimidate","Sword Boomerang+1"],"picked":"Dropkick+1","floor":47},{"not_picked":["Body Slam","Iron Wave","Heavy Blade"],"picked":"Armaments+1","floor":49}],"player_experience":987924,"relics_obtained":[{"floor":2,"key":"PreservedInsect"},{"floor":6,"key":"MawBank"},{"floor":9,"key":"Question Card"},{"floor":11,"key":"Red Skull"},{"floor":13,"key":"Mercury Hourglass"},{"floor":23,"key":"Juzu Bracelet"},{"floor":25,"key":"Boot"},{"floor":26,"key":"Bag of Marbles"},{"floor":30,"key":"Strawberry"},{"floor":31,"key":"Anchor"},{"floor":37,"key":"Calipers"},{"floor":41,"key":"Frozen Egg 2"},{"floor":43,"key":"Pantograph"},{"floor":45,"key":"Ginger"}],"event_choices":[{"damage_healed":0,"gold_gain":75,"player_choice":"Gather Gold","damage_taken":11,"max_hp_gain":0,"max_hp_loss":0,"event_name":"World of Goop","floor":4,"gold_loss":0},{"damage_healed":0,"gold_gain":0,"player_choice":"Lose Max HP","damage_taken":0,"relics_obtained":["Golden Idol"],"max_hp_gain":0,"max_hp_loss":6,"event_name":"Golden Idol","floor":14,"gold_loss":0},{"damage_healed":0,"gold_gain":0,"cards_transformed":["Strike_R","Defend_R"],"player_choice":"Became Test Subject","damage_taken":0,"max_hp_gain":0,"max_hp_loss":0,"event_name":"Drug Dealer","floor":20,"gold_loss":0,"cards_obtained":["Sever Soul","Battle Trance"]},{"damage_healed":0,"gold_gain":0,"player_choice":"Gave Idol","damage_taken":0,"relics_obtained":["Bloody Idol"],"max_hp_gain":0,"max_hp_loss":0,"event_name":"Forgotten Altar","floor":21,"relics_lost":["Golden Idol"],"gold_loss":0},{"damage_healed":0,"gold_gain":0,"player_choice":"Joined the Cult","damage_taken":6,"max_hp_gain":0,"max_hp_loss":0,"event_name":"Nest","floor":27,"gold_loss":0,"cards_obtained":["RitualDagger"]},{"damage_healed":0,"gold_gain":999,"player_choice":"Gold","damage_taken":0,"max_hp_gain":0,"max_hp_loss":0,"event_name":"MindBloom","floor":36,"gold_loss":0,"cards_obtained":["Normality","Normality"]},{"damage_healed":0,"gold_gain":0,"player_choice":"Fight","damage_taken":0,"max_hp_gain":0,"max_hp_loss":0,"event_name":"Mysterious Sphere","floor":37,"gold_loss":0},{"damage_healed":0,"gold_gain":0,"player_choice":"Memory 3","damage_taken":10,"max_hp_gain":0,"max_hp_loss":0,"event_name":"SensoryStone","floor":38,"gold_loss":0},{"damage_healed":0,"gold_gain":0,"player_choice":"Got Potions","damage_taken":0,"max_hp_gain":0,"max_hp_loss":0,"event_name":"Lab","floor":44,"gold_loss":0},{"cards_removed":["Body Slam"],"damage_healed":0,"gold_gain":0,"player_choice":"Removed Attack","damage_taken":0,"max_hp_gain":0,"max_hp_loss":0,"event_name":"Falling","floor":46,"gold_loss":0}],"is_beta":true,"boss_relics":[{"not_picked":["Busted Crown","Runic Dome"],"picked":"Tiny House"},{"not_picked":["Velvet Choker","Fusion Hammer"],"picked":"Cursed Key"}],"items_purged_floors":[22,48],"is_endless":false,"potions_floor_spawned":[3,6,11,13,16,19,23,24,29,41,47],"ascension_level":5}