{"path_per_floor":["M","M","?","$","M","R","E","?","T","?","R","M","E","$","R","B",null,"M","?","?","M"],"character_chosen":"IRONCLAD","items_purchased":["Dark Shackles"],"gold_per_floor":[117,128,128,53,64,64,91,41,41,41,41,59,93,5,5,107,137,157,157,157,130,130],"floor_reached":22,"campfire_rested":0,"playtime":1280,"current_hp_per_floor":[80,80,80,80,80,80,80,80,80,80,80,80,80,80,80,55,85,76,42,36,29,0],"items_purged":["Strike_R"],"gold":130,"score":217,"play_id":"4d172386-f5bc-4562-b703-cee2ca326135","local_time":"20180416191006","is_prod":false,"is_daily":false,"chose_seed":false,"is_ascension_mode":false,"campfire_upgraded":3,"timestamp":1523920206,"path_taken":["M","?","?","?","M","R","E","?","T","?","R","M","E","$","R","BOSS","M","?","?","M","M"],"build_version":"2018-04-12","seed_source_timestamp":90219910866255,"purchased_purges":1,"victory":false,"master_deck":["Strike_R","Strike_R","Strike_R","Defend_R","Defend_R+1","Defend_R","Defend_R","Bash","Armaments+1","Rampage+1","True Grit+1","Dark Shackles+1","Limit Break","Ghostly","Ghostly","Ghostly","Ghostly","Ghostly"],"max_hp_per_floor":[80,80,80,80,80,80,80,80,80,80,80,80,80,80,80,80,85,85,42,47,47,47],"relics":["Burning Blood","NeowsBlessing","Happy Flower","Frozen Egg 2","Dream Catcher","Tiny House"],"card_choices":[{"not_picked":["Sever Soul","Uppercut"],"picked":"Armaments","floor":1},{"not_picked":["Armaments","Havoc"],"picked":"Rampage","floor":2},{"not_picked":["Shockwave","Dual Wield"],"picked":"True Grit","floor":5},{"not_picked":["Double Tap","Offering"],"picked":"Limit Break","floor":16}],"player_experience":667503,"potions_floor_usage":[7,7,12,12,13,16,18,18,21],"damage_taken":[{"damage":0,"enemies":"Cultist","floor":1,"turns":1},{"damage":0,"enemies":"Small Slimes","floor":2,"turns":1},{"damage":0,"enemies":"Jaw Worm","floor":5,"turns":1},{"damage":3,"enemies":"3 Sentries","floor":7,"turns":8},{"damage":2,"enemies":"Large Slime","floor":12,"turns":4},{"damage":1,"enemies":"Lagavulin","floor":13,"turns":6},{"damage":43,"enemies":"The Guardian","floor":16,"turns":11},{"damage":15,"enemies":"Chosen","floor":18,"turns":4},{"damage":22,"enemies":"2 Thieves","floor":21,"turns":5},{"damage":30,"enemies":"Sentry and Sphere","floor":22,"turns":11}],"event_choices":[{"event_name":"Accursed Blacksmith","player_choice":"Forge","floor":3,"damage_taken":0},{"event_name":"The Cleric","player_choice":"Card Removal","floor":8,"damage_taken":0},{"event_name":"The Lab","player_choice":"Got Potions","floor":10,"damage_taken":0},{"event_name":"Ghosts","player_choice":"Became a Ghost","floor":19,"damage_taken":0},{"event_name":"Forgotten Altar","player_choice":"Shed Blood","floor":20,"damage_taken":0}],"boss_relics":[{"not_picked":["Velvet Choker","White Beast Statue"],"picked":"Tiny House"}],"potions_floor_spawned":[1,2,12,16,18],"seed_played":"-1538183266825625834","killed_by":"Sentry and Sphere","ascension_level":0,"is_trial":false}