{"gold_per_floor":[13,27,39,39,39,73,73,23,23,37,64,64,64,90,90,185,185,185,50,50,50,50,50,50,50,50,50,50,50,50,50,50,50,50,50,50,50,50,0,0,0,0,0,0,0,0,0,0,0,0,0,0,0,0,0],"floor_reached":56,"playtime":8919,"items_purged":["Defend_G","Defend_G"],"score":1408,"play_id":"3293f82d-a5ab-49b1-a9b8-e102469bcac7","local_time":"20190617221915","is_ascension_mode":true,"campfire_choices":[{"data":"Noxious Fumes","floor":7,"key":"SMITH"},{"floor":12,"key":"DIG"},{"floor":15,"key":"REST"},{"floor":23,"key":"DIG"},{"floor":28,"key":"RECALL"},{"floor":32,"key":"REST"},{"data":"Acrobatics","floor":41,"key":"SMITH"},{"floor":49,"key":"DIG"},{"floor":52,"key":"DIG"}],"neow_cost":"NO_GOLD","seed_source_timestamp":80757274335618,"circlet_count":0,"master_deck":["Defend_G","Defend_G","Strike_G","Strike_G","Survivor","Neutralize","Dagger Throw","PiercingWail","Dash","Noxious Fumes+1","Flechettes","Quick Slash","Slice","Footwork+1","Deflect","Adrenaline","Caltrops","Acrobatics+1","Caltrops","Blur","Blur+1","Well Laid Plans+1","Expertise","Caltrops+1","Crippling Poison+1","After Image+1","Prepared+1","Deflect+1","Quick Slash+1","Eviscerate+1","Escape Plan+1","Acrobatics+1","Malaise+1"],"relics":["Ring of the Snake","Shovel","Gremlin Horn","Omamori","Paper Crane","Smiling Mask","Ectoplasm","FossilizedHelix","Dream Catcher","StoneCalendar","Vajra","Enchiridion","Frozen Egg 2","Toxic Egg 2","Philosopher\u0027s Stone","WingedGreaves","Pear","Ancient Tea Set","Turnip","Kunai","Mercury Hourglass","Happy Flower"],"potions_floor_usage":[24,27,33,40,44,55,55,55,55,55],"damage_taken":[{"damage":0,"enemies":"Jaw Worm","floor":1,"turns":4},{"damage":0,"enemies":"2 Louse","floor":2,"turns":3},{"damage":0,"enemies":"Cultist","floor":3,"turns":4},{"damage":9,"enemies":"3 Sentries","floor":6,"turns":8},{"damage":0,"enemies":"Looter","floor":10,"turns":4},{"damage":17,"enemies":"Lagavulin","floor":11,"turns":7},{"damage":12,"enemies":"3 Sentries","floor":14,"turns":8},{"damage":7,"enemies":"Hexaghost","floor":16,"turns":11},{"damage":0,"enemies":"Chosen","floor":18,"turns":5},{"damage":9,"enemies":"Spheric Guardian","floor":20,"turns":4},{"damage":4,"enemies":"Shelled Parasite and Fungi","floor":22,"turns":4},{"damage":0,"enemies":"Slavers","floor":24,"turns":6},{"damage":0,"enemies":"Cultist and Chosen","floor":25,"turns":6},{"damage":0,"enemies":"Book of Stabbing","floor":27,"turns":6},{"damage":21,"enemies":"Slavers","floor":31,"turns":5},{"damage":14,"enemies":"Champ","floor":33,"turns":9},{"damage":0,"enemies":"3 Shapes","floor":35,"turns":4},{"damage":0,"enemies":"Mind Bloom Boss Battle","floor":37,"turns":6},{"damage":0,"enemies":"Giant Head","floor":40,"turns":8},{"damage":0,"enemies":"Nemesis","floor":44,"turns":7},{"damage":0,"enemies":"Orb Walker","floor":46,"turns":3},{"damage":8,"enemies":"Writhing Mass","floor":47,"turns":5},{"damage":0,"enemies":"Maw","floor":48,"turns":6},{"damage":2,"enemies":"Awakened One","floor":50,"turns":11},{"damage":0,"enemies":"Shield and Spear","floor":54,"turns":6},{"damage":20,"enemies":"The Heart","floor":55,"turns":9}],"seed_played":"2830164977100822195","potions_obtained":[{"floor":1,"key":"EntropicBrew"},{"floor":3,"key":"AttackPotion"},{"floor":24,"key":"Dexterity Potion"},{"floor":25,"key":"Poison Potion"},{"floor":27,"key":"SteroidPotion"},{"floor":37,"key":"SmokeBomb"},{"floor":40,"key":"SteroidPotion"},{"floor":46,"key":"Strength Potion"},{"floor":47,"key":"FearPotion"},{"floor":54,"key":"Strength Potion"}],"is_trial":false,"path_per_floor":["M","M","M","?","?","E","R","?","T","M","E","R","?","E","R","B",null,"M","$","M","?","M","R","E","M","T","E","R","?","T","E","R","B",null,"M","?","?","?","$","E","R","$","T","E","?","M","M","M","R","B",null,"R","$","E","B",null],"character_chosen":"THE_SILENT","items_purchased":["Acrobatics","Caltrops"],"campfire_rested":2,"item_purchase_floors":[19,19],"current_hp_per_floor":[70,70,70,70,63,54,54,54,54,54,37,37,37,25,46,39,70,70,70,61,61,57,57,57,57,57,57,57,41,41,20,41,27,70,70,66,66,66,66,76,76,76,76,76,76,76,68,68,68,66,76,76,76,76,56],"gold":0,"neow_bonus":"TRANSFORM_TWO_CARDS","is_prod":false,"is_daily":false,"chose_seed":false,"campfire_upgraded":2,"win_rate":0,"timestamp":1560824355,"path_taken":["M","M","M","?","?","E","R","?","T","?","E","R","?","E","R","BOSS","M","?","M","?","?","R","E","M","T","E","R","?","?","E","R","BOSS","M","?","?","?","$","E","R","?","T","E","?","M","?","M","R","BOSS","R","$","E","BOSS"],"build_version":"2019-01-23","purchased_purges":2,"victory":true,"max_hp_per_floor":[70,70,70,70,70,70,70,70,70,70,70,70,70,70,70,70,70,70,70,70,70,70,70,70,70,70,70,70,70,70,70,70,70,70,70,66,66,66,66,76,76,76,76,76,76,76,76,76,76,76,76,76,76,76,76],"card_choices":[{"not_picked":["Footwork","All Out Attack"],"picked":"Dash","floor":1},{"not_picked":["Caltrops","Prepared"],"picked":"Noxious Fumes","floor":2},{"not_picked":["Flying Knee","Backflip"],"picked":"Flechettes","floor":3},{"not_picked":["Underhanded Strike","Acrobatics"],"picked":"Quick Slash","floor":6},{"not_picked":["Dagger Spray","Sucker Punch"],"picked":"Slice","floor":10},{"not_picked":["Endless Agony","Dagger Throw"],"picked":"Footwork","floor":11},{"not_picked":["Blade Dance","Prepared"],"picked":"Deflect","floor":14},{"not_picked":["Doppelganger","Malaise"],"picked":"Adrenaline","floor":16},{"not_picked":["Outmaneuver","Dagger Spray"],"picked":"Caltrops","floor":18},{"not_picked":["Tactician","Flying Knee"],"picked":"Blur","floor":20},{"not_picked":["Riddle With Holes","Sucker Punch+1"],"picked":"Blur+1","floor":22},{"not_picked":["Skewer","Envenom"],"picked":"Well Laid Plans+1","floor":24},{"not_picked":["Underhanded Strike","Prepared","Sucker Punch"],"picked":"SKIP","floor":25},{"not_picked":["Bane","Caltrops+1"],"picked":"Expertise","floor":27},{"not_picked":["Terror","Choke"],"picked":"Caltrops+1","floor":31},{"not_picked":["Sucker Punch+1","Acrobatics+1"],"picked":"Crippling Poison+1","floor":32},{"not_picked":["Wraith Form v2+1","Glass Knife"],"picked":"After Image+1","floor":33},{"not_picked":["Infinite Blades+1","Noxious Fumes+1"],"picked":"Prepared+1","floor":35},{"not_picked":["Skewer","Outmaneuver+1"],"picked":"Deflect+1","floor":37},{"not_picked":["Envenom+1","Sucker Punch"],"picked":"Quick Slash+1","floor":40},{"not_picked":["Dagger Spray+1","Masterful Stab","Deflect+1"],"picked":"SKIP","floor":44},{"not_picked":["Underhanded Strike","Dagger Spray+1"],"picked":"Eviscerate+1","floor":46},{"not_picked":["Noxious Fumes+1","Distraction+1"],"picked":"Escape Plan+1","floor":47},{"not_picked":["Quick Slash","Poisoned Stab"],"picked":"Acrobatics+1","floor":48},{"not_picked":["Bullet Time+1","Underhanded Strike+1"],"picked":"Malaise+1","floor":54}],"player_experience":57482,"relics_obtained":[{"floor":6,"key":"Gremlin Horn"},{"floor":11,"key":"Omamori"},{"floor":12,"key":"Paper Crane"},{"floor":14,"key":"Smiling Mask"},{"floor":23,"key":"FossilizedHelix"},{"floor":24,"key":"Dream Catcher"},{"floor":26,"key":"StoneCalendar"},{"floor":27,"key":"Vajra"},{"floor":29,"key":"Enchiridion"},{"floor":30,"key":"Frozen Egg 2"},{"floor":31,"key":"Toxic Egg 2"},{"floor":37,"key":"WingedGreaves"},{"floor":40,"key":"Pear"},{"floor":43,"key":"Ancient Tea Set"},{"floor":44,"key":"Turnip"},{"floor":49,"key":"Kunai"},{"floor":52,"key":"Mercury Hourglass"},{"floor":54,"key":"Happy Flower"}],"event_choices":[{"damage_healed":0,"gold_gain":0,"player_choice":"Ignored","damage_taken":0,"max_hp_gain":0,"max_hp_loss":0,"event_name":"Liars Game","floor":4,"gold_loss":0},{"damage_healed":0,"gold_gain":0,"player_choice":"Success","damage_taken":7,"relics_obtained":["Shovel"],"max_hp_gain":0,"max_hp_loss":0,"event_name":"Scrap Ooze","floor":5,"gold_loss":0},{"cards_removed":["Strike_G"],"damage_healed":0,"gold_gain":0,"player_choice":"Card Removal","damage_taken":0,"max_hp_gain":0,"max_hp_loss":0,"event_name":"The Cleric","floor":8,"gold_loss":50},{"damage_healed":0,"gold_gain":0,"player_choice":"Upgraded","damage_taken":0,"max_hp_gain":0,"max_hp_loss":0,"event_name":"Upgrade Shrine","floor":13,"gold_loss":0,"cards_upgraded":["Footwork"]},{"cards_removed":["Defend_G"],"damage_healed":0,"gold_gain":0,"player_choice":"Purged","damage_taken":0,"max_hp_gain":0,"max_hp_loss":0,"event_name":"Purifier","floor":21,"gold_loss":0},{"damage_healed":0,"gold_gain":0,"player_choice":"Obtained Book","damage_taken":16,"max_hp_gain":0,"max_hp_loss":0,"event_name":"Cursed Tome","floor":29,"gold_loss":0},{"damage_healed":0,"gold_gain":0,"player_choice":"Max HP","damage_taken":0,"max_hp_gain":0,"max_hp_loss":4,"event_name":"Winding Halls","floor":36,"gold_loss":0},{"damage_healed":0,"gold_gain":0,"player_choice":"Fight","damage_taken":0,"max_hp_gain":0,"max_hp_loss":0,"event_name":"MindBloom","floor":37,"gold_loss":0},{"damage_healed":0,"gold_gain":0,"player_choice":"Ignored","damage_taken":0,"max_hp_gain":0,"max_hp_loss":0,"event_name":"Tomb of Lord Red Mask","floor":38,"gold_loss":0},{"damage_healed":0,"gold_gain":0,"player_choice":"Ignored","damage_taken":0,"max_hp_gain":0,"max_hp_loss":0,"event_name":"Golden Shrine","floor":45,"gold_loss":0}],"is_beta":false,"boss_relics":[{"not_picked":["WristBlade","Snecko Eye"],"picked":"Ectoplasm"},{"not_picked":["Runic Pyramid","Astrolabe"],"picked":"Philosopher\u0027s Stone"}],"items_purged_floors":[19,39],"is_endless":false,"potions_floor_spawned":[1,3,24,25,27,37,40,46,47,54],"ascension_level":1}