{"gold_per_floor":[119,194,194,194,207,207,236,252,252,252,10,28,40,56,56,56],"floor_reached":16,"playtime":440,"items_purged":[],"score":128,"play_id":"162bdc6c-bdba-4e3d-9c96-c9615dabd5f8","local_time":"20190606042441","is_ascension_mode":true,"campfire_choices":[{"data":"Bash","floor":6,"key":"SMITH"},{"floor":15,"key":"REST"}],"neow_cost":"NONE","seed_source_timestamp":1334677115501700,"circlet_count":0,"master_deck":["Strike_R","Strike_R","Strike_R","Strike_R","Defend_R","Defend_R","Defend_R","Defend_R","Bash+1","Impatience","Dropkick","Carnage","Bludgeon","Infernal Blade","Inflame","Havoc"],"relics":["Burning Blood","Charon\u0027s Ashes","Blue Candle","PreservedInsect","Sling"],"potions_floor_usage":[7,12,16,16],"damage_taken":[{"damage":21,"enemies":"Jaw Worm","floor":1,"turns":6},{"damage":20,"enemies":"Small Slimes","floor":5,"turns":5},{"damage":13,"enemies":"Gremlin Nob","floor":7,"turns":3},{"damage":6,"enemies":"2 Louse","floor":8,"turns":2},{"damage":0,"enemies":"2 Fungi Beasts","floor":12,"turns":2},{"damage":21,"enemies":"Blue Slaver","floor":13,"turns":4},{"damage":0,"enemies":"Large Slime","floor":14,"turns":3},{"damage":64,"enemies":"The Guardian","floor":16,"turns":8}],"seed_played":"-5937425737740904755","potions_obtained":[{"floor":5,"key":"FearPotion"},{"floor":8,"key":"Poison Potion"},{"floor":13,"key":"Explosive Potion"},{"floor":14,"key":"Strength Potion"}],"is_trial":false,"path_per_floor":["M","?","?","?","M","R","E","M","T","?","$","M","M","M","R","B"],"character_chosen":"IRONCLAD","items_purchased":["Sling","Inflame"],"campfire_rested":1,"item_purchase_floors":[11,11],"current_hp_per_floor":[65,54,80,73,59,59,52,52,52,40,40,46,31,37,61,0],"gold":56,"neow_bonus":"RANDOM_COLORLESS","is_prod":false,"is_daily":false,"chose_seed":false,"campfire_upgraded":1,"win_rate":0,"timestamp":1559809481,"path_taken":["M","?","?","?","M","R","E","M","T","?","$","M","M","M","R","BOSS"],"build_version":"2019-06-05","purchased_purges":0,"victory":false,"max_hp_per_floor":[80,80,80,80,80,80,80,80,80,80,80,80,80,80,80,80],"card_choices":[{"not_picked":["Infernal Blade","Warcry"],"picked":"Dropkick","floor":1},{"not_picked":["Burning Pact","Heavy Blade"],"picked":"Carnage","floor":5},{"not_picked":["Body Slam","Sword Boomerang"],"picked":"Bludgeon","floor":7},{"not_picked":["Flex","Havoc"],"picked":"Infernal Blade","floor":8},{"not_picked":["Twin Strike","Perfected Strike","Pommel Strike"],"picked":"SKIP","floor":12},{"not_picked":["True Grit","Perfected Strike","Hemokinesis"],"picked":"SKIP","floor":13},{"not_picked":["Body Slam","Blood for Blood"],"picked":"Havoc","floor":14}],"player_experience":983159,"relics_obtained":[{"floor":7,"key":"Charon\u0027s Ashes"},{"floor":9,"key":"Blue Candle"}],"event_choices":[{"damage_healed":0,"gold_gain":75,"player_choice":"Gather Gold","damage_taken":11,"max_hp_gain":0,"max_hp_loss":0,"event_name":"World of Goop","floor":2,"gold_loss":0},{"damage_healed":26,"gold_gain":0,"player_choice":"Banana","damage_taken":0,"max_hp_gain":0,"max_hp_loss":0,"event_name":"Big Fish","floor":3,"gold_loss":0},{"cards_removed":["Strike_R"],"damage_healed":0,"gold_gain":0,"player_choice":"Card Removal","damage_taken":7,"max_hp_gain":0,"max_hp_loss":0,"event_name":"Golden Wing","floor":4,"gold_loss":0},{"damage_healed":0,"gold_gain":0,"player_choice":"Success","damage_taken":12,"relics_obtained":["PreservedInsect"],"max_hp_gain":0,"max_hp_loss":0,"event_name":"Scrap Ooze","floor":10,"gold_loss":0}],"is_beta":true,"boss_relics":[],"items_purged_floors":[],"is_endless":false,"potions_floor_spawned":[5,8,13,14],"killed_by":"The Guardian","ascension_level":5}