{"path_per_floor":["M","M","?","?","$","E","M","M","T","?","R","M","?","T","R","B",null,"M","$","?","T","?","R","$","R","T","M"],"character_chosen":"IRONCLAD","items_purchased":["Rupture","Body Slam","Dual Wield"],"gold_per_floor":[116,129,129,129,57,91,111,121,121,94,94,112,77,104,104,202,202,216,141,141,217,217,217,17,17,17,30,30],"floor_reached":28,"campfire_rested":1,"playtime":1574,"current_hp_per_floor":[73,63,56,40,40,10,9,10,10,10,34,40,60,60,60,8,80,72,72,80,80,80,80,80,80,80,80,0],"items_purged":["Strike_R","Strike_R"],"gold":30,"score":235,"play_id":"8095570a-1c0e-40b0-9f77-d6e423de12f9","local_time":"20180424183854","is_prod":false,"is_daily":false,"chose_seed":false,"is_ascension_mode":true,"campfire_upgraded":3,"timestamp":1524609534,"path_taken":["M","M","?","?","$","E","?","M","T","?","R","?","?","?","R","BOSS","M","$","?","?","?","R","?","R","T","M","E"],"build_version":"2018-04-19","seed_source_timestamp":779241675127704,"purchased_purges":2,"victory":false,"master_deck":["Strike_R","Strike_R","Strike_R+1","Defend_R","Defend_R","Defend_R","Defend_R+1","Bash","Limit Break","Feel No Pain","Flame Barrier+1","Infernal Blade+1","Feed","Body Slam+1","Dual Wield+1","Ghostly Armor"],"max_hp_per_floor":[80,80,80,80,80,80,80,80,80,80,80,80,80,80,80,80,80,80,80,80,80,80,80,80,80,80,80,80],"relics":["Burning Blood","Dream Catcher","Kunai","Bronze Scales","Black Star","Molten Egg 2","Letter Opener"],"card_choices":[{"not_picked":["Berserk","Reaper"],"picked":"Limit Break","floor":0},{"not_picked":["Iron Wave","Thunderclap"],"picked":"Feel No Pain","floor":2},{"not_picked":["Body Slam","Flex"],"picked":"Flame Barrier","floor":7},{"not_picked":["Anger","Shrug It Off"],"picked":"Infernal Blade","floor":11},{"not_picked":["Impervious","Fiend Fire"],"picked":"Feed","floor":16},{"not_picked":["Warcry","Disarm"],"picked":"Ghostly Armor","floor":27}],"player_experience":746806,"potions_floor_usage":[7,16,16,27,28],"damage_taken":[{"damage":13,"enemies":"2 Louse","floor":1,"turns":3},{"damage":16,"enemies":"Small Slimes","floor":2,"turns":5},{"damage":36,"enemies":"Gremlin Nob","floor":6,"turns":5},{"damage":7,"enemies":"Jaw Worm","floor":7,"turns":3},{"damage":5,"enemies":"Large Slime","floor":8,"turns":9},{"damage":0,"enemies":"2 Fungi Beasts","floor":12,"turns":4},{"damage":62,"enemies":"The Guardian","floor":16,"turns":19},{"damage":14,"enemies":"3 Byrds","floor":18,"turns":3},{"damage":3,"enemies":"2 Thieves","floor":27,"turns":4},{"damage":83,"enemies":"Gremlin Leader","floor":28,"turns":9}],"event_choices":[{"event_name":"Golden Wing","player_choice":"Card Removal","floor":3,"damage_taken":0},{"event_name":"Shining Light","player_choice":"Entered Light","floor":4,"damage_taken":0},{"event_name":"World of Goop","player_choice":"Left","floor":10,"damage_taken":0},{"event_name":"The Cleric","player_choice":"Healed","floor":13,"damage_taken":0},{"event_name":"Bonfire Elementals","player_choice":"UNCOMMON","floor":20,"damage_taken":0},{"event_name":"Vampires","player_choice":"Ignored","floor":22,"damage_taken":0}],"boss_relics":[{"not_picked":["Mark of Pain","Ectoplasm"],"picked":"Black Star"}],"potions_floor_spawned":[6,8,12,18,27],"seed_played":"1285801910488058675","killed_by":"Gremlin Leader","ascension_level":2,"is_trial":false}