{"gold_per_floor":[117,117,117,128,93,119,119,149,174,191,221,221,249,277,277,380,380,392,392,667,60,79,79,104,104,104,20,20,31,46,75,75,177,177,194,111,0,0,14,14,48,48,72,96,134,156,168,94,94,94],"floor_reached":50,"playtime":2416,"items_purged":["Regret"],"score":1151,"play_id":"20fe9139-2ec9-46a4-9e78-c412094f3ff3","local_time":"20190610152807","is_ascension_mode":true,"campfire_choices":[{"floor":7,"key":"REST"},{"floor":12,"key":"REST"},{"floor":15,"key":"RECALL"},{"data":"Apotheosis","floor":23,"key":"SMITH"},{"data":"Barricade","floor":25,"key":"SMITH"},{"data":"PanicButton","floor":32,"key":"SMITH"},{"data":"Exhume","floor":40,"key":"SMITH"},{"data":"Secret Weapon","floor":42,"key":"SMITH"},{"floor":49,"key":"REST"}],"neow_cost":"PERCENT_DAMAGE","seed_source_timestamp":0,"circlet_count":0,"master_deck":["Strike_R","Strike_R","Strike_R","Strike_R","Strike_R","Defend_R","Defend_R","Defend_R","Defend_R","Bash","PanicButton+1","Secret Weapon+1","Flame Barrier+1","Clash","Impervious","Clash","Iron Wave","Barricade+1","Ghostly","Ghostly","Ghostly","Ghostly","Ghostly","Apotheosis+1","Body Slam+1","Feed","Decay","Trip","Pain","Dropkick","Disarm","Juggernaut","Pain","Writhe","Flex+1","Bandage Up","Exhume+1","Body Slam+1","Injury","Body Slam+1","Bludgeon","Flex+1","Pain","Purity","Sentinel+1"],"special_seed":0,"relics":["Burning Blood","PreservedInsect","Bag of Preparation","Blood Vial","Orichalcum","Vajra","Odd Mushroom","Art of War","Cursed Key","Bag of Marbles","MealTicket","Dream Catcher","Dodecahedron","Darkstone Periapt","Matryoshka","Calling Bell","Red Skull","Blue Candle","Charon\u0027s Ashes","Red Mask","Spirit Poop","Question Card","MawBank","Pantograph","WarpedTongs"],"potions_floor_usage":[8,11,16,18,24,39,44,44,50,50],"damage_taken":[{"damage":4,"enemies":"2 Louse","floor":1,"turns":4},{"damage":0,"enemies":"Small Slimes","floor":4,"turns":4},{"damage":41,"enemies":"Lagavulin","floor":6,"turns":7},{"damage":24,"enemies":"Gremlin Nob","floor":8,"turns":4},{"damage":1,"enemies":"Cultist","floor":10,"turns":4},{"damage":14,"enemies":"Lagavulin","floor":11,"turns":4},{"damage":9,"enemies":"The Mushroom Lair","floor":13,"turns":5},{"damage":9,"enemies":"3 Sentries","floor":14,"turns":8},{"damage":46,"enemies":"Slime Boss","floor":16,"turns":13},{"damage":13,"enemies":"Shell Parasite","floor":18,"turns":5},{"damage":0,"enemies":"Spheric Guardian","floor":22,"turns":6},{"damage":0,"enemies":"Gremlin Leader","floor":24,"turns":5},{"damage":4,"enemies":"Centurion and Healer","floor":29,"turns":6},{"damage":3,"enemies":"3 Cultists","floor":30,"turns":6},{"damage":2,"enemies":"Slavers","floor":31,"turns":9},{"damage":24,"enemies":"Automaton","floor":33,"turns":11},{"damage":2,"enemies":"3 Darklings","floor":35,"turns":3},{"damage":2,"enemies":"Orb Walker","floor":39,"turns":2},{"damage":6,"enemies":"Reptomancer","floor":41,"turns":5},{"damage":61,"enemies":"Spire Growth","floor":44,"turns":6},{"damage":5,"enemies":"Nemesis","floor":45,"turns":5},{"damage":7,"enemies":"3 Darklings","floor":46,"turns":6},{"damage":79,"enemies":"Donu and Deca","floor":50,"turns":10}],"seed_played":"5513547180286208798","potions_obtained":[{"floor":6,"key":"Weak Potion"},{"floor":8,"key":"FearPotion"},{"floor":14,"key":"LiquidBronze"},{"floor":16,"key":"PowerPotion"},{"floor":18,"key":"Strength Potion"},{"floor":22,"key":"Explosive Potion"},{"floor":33,"key":"BloodPotion"},{"floor":39,"key":"SpeedPotion"},{"floor":45,"key":"Weak Potion"},{"floor":46,"key":"EssenceOfSteel"}],"is_trial":false,"path_per_floor":["M","?","?","M","?","E","R","E","T","M","E","R","?","E","R","B",null,"M","?","?","$","M","R","E","R","T","$","T","M","M","E","R","B",null,"M","$","?","?","M","R","E","R","T","M","E","M","?","$","R","B"],"character_chosen":"IRONCLAD","items_purchased":["Bag of Marbles","Apotheosis","MealTicket","Trip","Bandage Up","Purity"],"campfire_rested":3,"item_purchase_floors":[21,21,21,27,36,48],"current_hp_per_floor":[53,46,46,52,72,37,61,43,43,50,44,68,67,66,66,28,67,62,40,40,40,40,40,40,40,40,40,40,40,40,40,40,22,54,58,58,58,58,58,58,58,58,64,25,36,41,47,47,68,0],"gold":94,"neow_bonus":"RANDOM_COLORLESS_2","is_prod":false,"is_daily":false,"chose_seed":false,"campfire_upgraded":5,"win_rate":0,"timestamp":1560194887,"path_taken":["M","?","?","?","?","E","R","E","T","M","E","R","?","E","R","BOSS","M","?","?","$","?","R","E","R","T","$","?","M","M","E","R","BOSS","M","$","?","?","?","R","E","R","T","M","E","M","?","?","R","BOSS"],"build_version":"2019-06-07","purchased_purges":1,"victory":false,"max_hp_per_floor":[80,80,80,80,80,80,80,80,80,80,80,80,80,80,80,80,80,80,40,40,40,40,40,40,40,40,40,40,40,40,40,40,40,58,58,58,58,58,58,58,58,58,64,64,64,64,70,70,70,70],"card_choices":[{"not_picked":["Heavy Blade","Wild Strike"],"picked":"Flame Barrier","floor":1},{"not_picked":["True Grit","Warcry","Havoc"],"picked":"SKIP","floor":4},{"not_picked":["Blood for Blood","Searing Blow"],"picked":"Clash","floor":6},{"not_picked":["Second Wind","Clothesline"],"picked":"Impervious","floor":8},{"not_picked":["Thunderclap","Flex"],"picked":"Clash","floor":10},{"not_picked":["Anger","Armaments"],"picked":"Iron Wave","floor":11},{"not_picked":["Battle Trance","Combust","Clothesline"],"picked":"SKIP","floor":14},{"not_picked":["Offering","Impervious"],"picked":"Barricade","floor":16},{"not_picked":["Evolve","Burning Pact","Headbutt"],"picked":"SKIP","floor":18},{"not_picked":["Second Wind","Shrug It Off"],"picked":"Body Slam+1","floor":22},{"not_picked":["Clash","Evolve"],"picked":"Feed","floor":24},{"not_picked":["Pommel Strike","Havoc","Headbutt"],"picked":"SKIP","floor":29},{"not_picked":["Flex","Warcry"],"picked":"Dropkick","floor":30},{"not_picked":["Heavy Blade","Cleave"],"picked":"Disarm","floor":31},{"not_picked":["Barricade","Fiend Fire"],"picked":"Juggernaut","floor":33},{"not_picked":["Perfected Strike","Warcry+1"],"picked":"Flex+1","floor":35},{"not_picked":["Perfected Strike","Flex"],"picked":"Exhume","floor":39},{"not_picked":["Clash+1","Headbutt"],"picked":"Body Slam+1","floor":41},{"not_picked":["True Grit+1","Anger+1","Metallicize+1"],"picked":"Body Slam+1","floor":44},{"not_picked":["True Grit","Heavy Blade","Havoc"],"picked":"Bludgeon","floor":45},{"not_picked":["Carnage","Pommel Strike","Anger"],"picked":"Flex+1","floor":46},{"not_picked":["Second Wind","Twin Strike","Inflame+1"],"picked":"Sentinel+1","floor":49}],"player_experience":1023789,"relics_obtained":[{"floor":6,"key":"Bag of Preparation"},{"floor":8,"key":"Blood Vial"},{"floor":9,"key":"Orichalcum"},{"floor":11,"key":"Vajra"},{"floor":13,"key":"Odd Mushroom"},{"floor":14,"key":"Art of War"},{"floor":24,"key":"Dream Catcher"},{"floor":26,"key":"Dodecahedron"},{"floor":28,"key":"Darkstone Periapt"},{"floor":31,"key":"Matryoshka"},{"floor":34,"key":"Red Skull"},{"floor":34,"key":"Blue Candle"},{"floor":34,"key":"Charon\u0027s Ashes"},{"floor":41,"key":"Question Card"},{"floor":43,"key":"MawBank"},{"floor":45,"key":"Pantograph"}],"event_choices":[{"damage_healed":0,"gold_gain":0,"player_choice":"Success","damage_taken":7,"relics_obtained":["PreservedInsect"],"max_hp_gain":0,"max_hp_loss":0,"event_name":"Scrap Ooze","floor":2,"gold_loss":0},{"damage_healed":0,"gold_gain":0,"player_choice":"Upgraded","damage_taken":0,"max_hp_gain":0,"max_hp_loss":0,"event_name":"Upgrade Shrine","floor":3,"gold_loss":0,"cards_upgraded":["Flame Barrier"]},{"damage_healed":20,"gold_gain":0,"player_choice":"Healed","damage_taken":0,"max_hp_gain":0,"max_hp_loss":0,"event_name":"The Cleric","floor":5,"gold_loss":35},{"damage_healed":0,"gold_gain":0,"player_choice":"Fought Mushrooms","damage_taken":0,"max_hp_gain":0,"max_hp_loss":0,"event_name":"Mushrooms","floor":13,"gold_loss":0},{"damage_healed":0,"gold_gain":0,"player_choice":"Became a Ghost","damage_taken":0,"max_hp_gain":0,"max_hp_loss":40,"event_name":"Ghosts","floor":19,"gold_loss":0,"cards_obtained":["Ghostly","Ghostly","Ghostly","Ghostly","Ghostly"]},{"damage_healed":0,"gold_gain":275,"player_choice":"Desecrate","damage_taken":0,"max_hp_gain":0,"max_hp_loss":0,"event_name":"Golden Shrine","floor":20,"gold_loss":0,"cards_obtained":["Regret"]},{"damage_healed":0,"gold_gain":0,"player_choice":"Paid","damage_taken":0,"relics_obtained":["Red Mask"],"max_hp_gain":0,"max_hp_loss":0,"event_name":"Tomb of Lord Red Mask","floor":37,"gold_loss":111},{"cards_removed":["Pain"],"damage_healed":0,"gold_gain":0,"player_choice":"Offered Curse","damage_taken":0,"relics_obtained":["Spirit Poop"],"max_hp_gain":0,"max_hp_loss":0,"event_name":"Bonfire Elementals","floor":38,"gold_loss":0},{"damage_healed":0,"gold_gain":0,"player_choice":"Rummage","damage_taken":0,"relics_obtained":["WarpedTongs"],"max_hp_gain":0,"max_hp_loss":0,"event_name":"Accursed Blacksmith","floor":47,"gold_loss":0,"cards_obtained":["Pain"]}],"is_beta":true,"boss_relics":[{"not_picked":["Coffee Dripper","Runic Pyramid"],"picked":"Cursed Key"},{"not_picked":["Runic Cube","Busted Crown"],"picked":"Calling Bell"}],"items_purged_floors":[21],"is_endless":false,"potions_floor_spawned":[6,8,14,16,18,22,33,39,45,46],"killed_by":"Donu and Deca","ascension_level":7}