{"path_per_floor":["M","?","M","?","$","R","?","M","T","M","R","?","$","M","R","B",null,"M","?","$","M"],"character_chosen":"IRONCLAD","items_purchased":["Spot Weakness","Strength Potion","Shuriken","Dream Catcher"],"gold_per_floor":[118,118,129,129,0,0,0,18,18,33,33,283,26,45,45,150,150,170,170,25,43],"floor_reached":22,"campfire_rested":1,"playtime":895,"current_hp_per_floor":[72,72,77,61,61,80,80,79,79,75,75,75,75,72,72,53,80,52,36,36,26],"items_purged":[],"gold":43,"score":199,"play_id":"0ac0e993-b426-4afc-8648-c6749b4c5d82","local_time":"20180308171258","is_prod":false,"is_daily":false,"is_ascension_mode":false,"campfire_upgraded":2,"timestamp":1520547178,"path_taken":["M","?","M","?","$","R","?","M","T","M","R","?","?","M","R","BOSS","M","?","?","M","?"],"build_version":"2018-03-01-PROD1","purchased_purges":0,"victory":false,"master_deck":["Strike_R","Strike_R","Strike_R","Strike_R+1","Defend_R","Defend_R","Defend_R","Defend_R+1","Bash","Limit Break+1","Demon Form+1","Heavy Blade","Spot Weakness","Intimidate","Rage","Corruption+1","Regret","Heavy Blade","Immolate","Flame Barrier","Warcry","Thunderclap","Flex","Clash","Pommel Strike+1","Offering"],"max_hp_per_floor":[80,80,80,80,80,80,80,80,80,80,80,80,80,80,80,80,80,80,80,80,80],"relics":["Burning Blood","Champion Belt","Shuriken","Orrery","Nilry\u0027s Codex","Dream Catcher"],"card_choices":[{"not_picked":["Heavy Blade","Rampage"],"picked":"Demon Form"},{"not_picked":["Perfected Strike","Sword Boomerang"],"picked":"Heavy Blade"},{"not_picked":["Warcry","Berserk"],"picked":"Rage"},{"not_picked":["Body Slam","Havoc"],"picked":"Corruption"},{"not_picked":["Pommel Strike","Entrench"],"picked":"Heavy Blade"},{"not_picked":["Double Tap","Juggernaut"],"picked":"Immolate"},{"not_picked":["Body Slam","Armaments"],"picked":"Flame Barrier"},{"not_picked":["Shrug It Off","True Grit"],"picked":"Warcry"},{"not_picked":["Sword Boomerang","Shrug It Off"],"picked":"Thunderclap"},{"not_picked":["Bloodletting","Disarm"],"picked":"Flex"},{"not_picked":["Pommel Strike","Clothesline"],"picked":"Clash"},{"not_picked":["Whirlwind","Wild Strike"],"picked":"Pommel Strike"},{"not_picked":["Shrug It Off","Warcry"],"picked":"Offering"}],"player_experience":352738,"potions_floor_usage":[10,10,16,16,18],"damage_taken":[{"damage":14,"enemies":"Small Slimes","floor":1,"turns":4},{"damage":1,"enemies":"Cultist","floor":3,"turns":4},{"damage":7,"enemies":"Jaw Worm","floor":8,"turns":4},{"damage":10,"enemies":"Looter","floor":10,"turns":3},{"damage":9,"enemies":"2 Fungi Beasts","floor":14,"turns":5},{"damage":25,"enemies":"Hexaghost","floor":16,"turns":6},{"damage":34,"enemies":"Spheric Guardian","floor":18,"turns":6},{"damage":16,"enemies":"3 Byrds","floor":21,"turns":5},{"damage":28,"enemies":"Slaver and Parasite","floor":22,"turns":4}],"event_choices":[{"event_name":"Living Wall","player_choice":"Grow","floor":2,"damage_taken":0},{"event_name":"Shining Light","player_choice":"Entered Light","floor":4,"damage_taken":0},{"event_name":"Transmorgrifier","player_choice":"Transform","floor":7,"damage_taken":0},{"event_name":"Golden Shrine","player_choice":"Desecrate","floor":12,"damage_taken":0},{"event_name":"Cursed Tome","player_choice":"Obtained Book","floor":19,"damage_taken":0}],"boss_relics":[{"not_picked":["Eternal Feather","Black Blood"],"picked":"Orrery"}],"potions_floor_spawned":[8,10,14,16],"seed_played":"2840698335570174323","killed_by":"Slaver and Parasite","ascension_level":0,"is_trial":false}