{"path_per_floor":["M","?","$","M","M","R","?","R","T","M","M","M","E","?","R","B",null,"M","?","?","$","M","R","E","R","T","?","M","$","?","T","R","B",null,"M","M","?","?","?","R","M"],"character_chosen":"IRONCLAD","items_purchased":["Jack Of All Trades","True Grit","Shuriken","Bag of Preparation","Pen Nib","Self Forming Clay","Shrug It Off"],"gold_per_floor":[117,117,0,14,30,30,105,105,158,171,190,204,234,234,234,333,333,352,352,352,26,39,39,101,101,127,577,590,17,17,42,42,146,146,162,181,181,431,485,485,496],"floor_reached":42,"campfire_rested":4,"playtime":2385,"current_hp_per_floor":[79,79,79,80,80,80,69,69,69,75,80,69,52,36,60,49,80,80,87,71,71,73,73,38,64,64,16,17,17,17,17,43,29,87,71,75,75,75,25,54,26],"items_purged":["Normality"],"gold":496,"score":439,"play_id":"d7945bb8-aa23-4641-9fdb-6971c55cf0c7","is_prod":false,"is_daily":false,"is_ascension_mode":false,"campfire_upgraded":3,"path_taken":["M","?","$","M","M","R","?","R","T","?","M","M","E","?","R","BOSS","M","?","?","$","M","R","E","R","T","?","?","$","?","?","R","BOSS","M","M","?","?","?","R","M","M"],"build_version":"2018-02-22-PROD2","purchased_purges":1,"victory":false,"master_deck":["Strike_R","Strike_R","Strike_R","Strike_R","Defend_R","Defend_R","Defend_R","Defend_R","Bash","Juggernaut+1","Flex+1","Jack Of All Trades+1","True Grit+1","Clothesline","Thunderclap","Sword Boomerang","Impervious","Clash+1","Offering","Feed+1","Infernal Blade+1","Fire Breathing+1","Seeing Red+1","Thunderclap","Shrug It Off+1","Fiend Fire","Fiend Fire","Barricade","Infernal Blade","Clash+1","Pommel Strike+1","Bludgeon","Armaments+1","Regret","Disarm+1","Body Slam+1"],"max_hp_per_floor":[80,80,80,80,80,80,80,80,80,80,80,80,80,80,80,80,80,80,87,87,87,87,87,87,87,87,87,87,87,87,87,87,87,87,91,95,95,95,99,99,99],"relics":["Burning Blood","Happy Flower","Bronze Scales","Runic Pyramid","Enchiridion","Shuriken","Tiny Chest","Art of War","Bag of Preparation","Pen Nib","Self Forming Clay","Nloth\u0027s Gift","War Paint","Orrery","Sundial"],"card_choices":[{"not_picked":["Perfected Strike","Evolve"],"picked":"Flex"},{"not_picked":["Perfected Strike","Havoc"],"picked":"Clothesline"},{"not_picked":["Intimidate","Pummel"],"picked":"Thunderclap"},{"not_picked":["Warcry","Blood for Blood"],"picked":"Sword Boomerang"},{"not_picked":["Headbutt","Shrug It Off"],"picked":"Impervious"},{"not_picked":["Pommel Strike","Intimidate"],"picked":"Clash"},{"not_picked":["Wild Strike","Bloodletting"],"picked":"Offering"},{"not_picked":["Reaper","Bludgeon"],"picked":"Feed"},{"not_picked":["Twin Strike","Combust"],"picked":"Infernal Blade"},{"not_picked":["Shrug It Off","Shockwave"],"picked":"Fire Breathing"},{"not_picked":["Armaments","Disarm"],"picked":"Seeing Red"},{"not_picked":["Uppercut","Havoc"],"picked":"Thunderclap"},{"not_picked":["Impervious","Juggernaut"],"picked":"Fiend Fire"},{"not_picked":["True Grit","Headbutt"],"picked":"Fiend Fire"},{"not_picked":["Shrug It Off","Pommel Strike"],"picked":"Barricade"},{"not_picked":["Sword Boomerang","Shockwave"],"picked":"Infernal Blade"},{"not_picked":["Havoc","Shrug It Off"],"picked":"Clash"},{"not_picked":["Armaments","Iron Wave"],"picked":"Pommel Strike"},{"not_picked":["Heavy Blade","Burning Pact"],"picked":"Bludgeon"},{"not_picked":["Pommel Strike","Iron Wave"],"picked":"Armaments"},{"not_picked":["Warcry","Havoc"],"picked":"Disarm"},{"not_picked":["Searing Blow","Headbutt"],"picked":"Body Slam"}],"player_experience":195665,"potions_floor_usage":[5,11,13,16,18,28,35,39,42],"damage_taken":[{"damage":7,"enemies":"Jaw Worm","floor":1,"turns":5},{"damage":2,"enemies":"2 Louse","floor":4,"turns":3},{"damage":5,"enemies":"Small Slimes","floor":5,"turns":3},{"damage":0,"enemies":"3 Louse","floor":10,"turns":3},{"damage":0,"enemies":"2 Fungi Beasts","floor":11,"turns":3},{"damage":17,"enemies":"Exordium Thugs","floor":12,"turns":3},{"damage":23,"enemies":"Gremlin Nob","floor":13,"turns":5},{"damage":17,"enemies":"Slime Boss","floor":16,"turns":9},{"damage":4,"enemies":"3 Byrds","floor":18,"turns":2},{"damage":4,"enemies":"Chosen","floor":22,"turns":3},{"damage":41,"enemies":"Book of Stabbing","floor":24,"turns":5},{"damage":5,"enemies":"Snake Plant","floor":28,"turns":3},{"damage":26,"enemies":"Champ","floor":33,"turns":9},{"damage":26,"enemies":"Orb Walker","floor":35,"turns":3},{"damage":6,"enemies":"3 Shapes","floor":36,"turns":3},{"damage":60,"enemies":"Mysterious Sphere","floor":39,"turns":4},{"damage":34,"enemies":"Sphere and 2 Shapes","floor":41,"turns":4},{"damage":27,"enemies":"4 Shapes","floor":42,"turns":3}],"event_choices":[{"event_name":"Living Wall","player_choice":"Grow","floor":2,"damage_taken":0},{"event_name":"World of Goop","player_choice":"Gather Gold","floor":7,"damage_taken":0},{"event_name":"Shining Light","player_choice":"Entered Light","floor":14,"damage_taken":0},{"event_name":"Accursed Blacksmith","player_choice":"Rummage","floor":19,"damage_taken":0},{"event_name":"Cursed Tome","player_choice":"Obtained Book","floor":20,"damage_taken":0},{"event_name":"Knowing Skull","player_choice":"GOLD GOLD GOLD GOLD GOLD ","floor":27,"damage_taken":0},{"event_name":"N\u0027loth","player_choice":"Traded a Strawberry","floor":30,"damage_taken":0},{"event_name":"Golden Shrine","player_choice":"Desecrate","floor":38,"damage_taken":0},{"event_name":"Mysterious Sphere","player_choice":"Fight","floor":39,"damage_taken":0}],"boss_relics":[{"not_picked":["Runic Dome","Velvet Choker"],"picked":"Runic Pyramid"},{"not_picked":["Tiny House","White Beast Statue"],"picked":"Orrery"}],"potions_floor_spawned":[4,10,12,13,16,24,33,36,39],"seed_played":"2700583026559077426","killed_by":"4 Shapes","ascension_level":0,"is_trial":false}