{"gold_per_floor":[112,287,287,299,249,280,280,280,332,348,360,375,401,418,418,418],"floor_reached":16,"playtime":814,"items_purged":[],"score":146,"play_id":"4e45eadc-33f3-4096-8c88-f9cb294f5a71","local_time":"20190606165610","is_ascension_mode":true,"campfire_choices":[{"floor":15,"key":"REST"}],"neow_cost":"NONE","seed_source_timestamp":1379389698730900,"circlet_count":0,"master_deck":["Strike_R+1","Strike_R","Strike_R","Strike_R","Strike_R+1","Defend_R","Defend_R","Defend_R","Bash","Cleave","Iron Wave","Entrench","Parasite","Flame Barrier","Flame Barrier","Infernal Blade","Dual Wield"],"relics":["Burning Blood","Happy Flower","Bag of Preparation","Ginger"],"potions_floor_usage":[10,13,14,16],"damage_taken":[{"damage":9,"enemies":"2 Louse","floor":1,"turns":4},{"damage":6,"enemies":"Cultist","floor":4,"turns":4},{"damage":40,"enemies":"3 Sentries","floor":6,"turns":10},{"damage":0,"enemies":"Small Slimes","floor":10,"turns":2},{"damage":1,"enemies":"2 Fungi Beasts","floor":11,"turns":3},{"damage":5,"enemies":"Large Slime","floor":12,"turns":7},{"damage":29,"enemies":"Gremlin Nob","floor":13,"turns":5},{"damage":6,"enemies":"Blue Slaver","floor":14,"turns":3},{"damage":76,"enemies":"The Guardian","floor":16,"turns":14}],"seed_played":"1422696668323983616","potions_obtained":[{"floor":4,"key":"LiquidBronze"},{"floor":6,"key":"Energy Potion"},{"floor":12,"key":"SmokeBomb"},{"floor":13,"key":"Regen Potion"},{"floor":14,"key":"SpeedPotion"}],"is_trial":false,"path_per_floor":["M","?","?","M","?","E","?","?","T","M","M","M","E","M","R","B"],"character_chosen":"IRONCLAD","items_purchased":[],"campfire_rested":1,"item_purchase_floors":[],"current_hp_per_floor":[77,77,77,77,77,43,25,47,47,53,58,59,36,48,74,0],"gold":418,"neow_bonus":"TEN_PERCENT_HP_BONUS","is_prod":false,"is_daily":false,"chose_seed":false,"campfire_upgraded":0,"win_rate":0,"timestamp":1559854570,"path_taken":["M","?","?","?","?","E","?","?","T","M","M","M","E","M","R","BOSS"],"build_version":"2019-06-05","purchased_purges":0,"victory":false,"max_hp_per_floor":[88,88,88,88,88,88,88,88,88,88,88,88,88,88,88,88],"card_choices":[{"not_picked":["Armaments","Battle Trance"],"picked":"Cleave","floor":1},{"not_picked":["Thunderclap","Evolve"],"picked":"Iron Wave","floor":4},{"not_picked":["Reckless Charge","Anger"],"picked":"Entrench","floor":6},{"not_picked":["Battle Trance","Dropkick"],"picked":"Flame Barrier","floor":10},{"not_picked":["Havoc","Inflame"],"picked":"Flame Barrier","floor":11},{"not_picked":["Anger","Sword Boomerang"],"picked":"Infernal Blade","floor":12},{"not_picked":["Disarm","Headbutt"],"picked":"Dual Wield","floor":13},{"not_picked":["Rupture","Fire Breathing","Headbutt"],"picked":"SKIP","floor":14}],"player_experience":998169,"relics_obtained":[{"floor":6,"key":"Happy Flower"},{"floor":9,"key":"Bag of Preparation"},{"floor":13,"key":"Ginger"}],"event_choices":[{"damage_healed":0,"gold_gain":175,"player_choice":"AGREE","damage_taken":0,"max_hp_gain":0,"max_hp_loss":0,"event_name":"Liars Game","floor":2,"gold_loss":0,"cards_obtained":["Doubt"]},{"cards_removed":["Doubt"],"damage_healed":0,"gold_gain":0,"player_choice":"Removed Curses","damage_taken":0,"max_hp_gain":0,"max_hp_loss":0,"event_name":"Fountain of Cleansing","floor":3,"gold_loss":0},{"cards_removed":["Defend_R"],"damage_healed":0,"gold_gain":0,"player_choice":"Card Removal","damage_taken":0,"max_hp_gain":0,"max_hp_loss":0,"event_name":"The Cleric","floor":5,"gold_loss":50},{"damage_healed":0,"gold_gain":0,"player_choice":"Entered Light","damage_taken":18,"max_hp_gain":0,"max_hp_loss":0,"event_name":"Shining Light","floor":7,"gold_loss":0,"cards_upgraded":["Strike_R","Strike_R"]},{"damage_healed":22,"gold_gain":0,"player_choice":"Healed and dodged fight","damage_taken":0,"max_hp_gain":0,"max_hp_loss":0,"event_name":"Mushrooms","floor":8,"gold_loss":0,"cards_obtained":["Parasite"]}],"is_beta":true,"boss_relics":[],"items_purged_floors":[],"is_endless":false,"potions_floor_spawned":[4,6,12,13,14],"killed_by":"The Guardian","ascension_level":6}