{"gold_per_floor":[110,110,110,130,144,179,179,179,179,129,153,173,187,217,217,312,312,328,71,82,82,5,5,22,22,103,103,130,130,130,146,146,246,246,257,273,286,286],"floor_reached":38,"playtime":1792,"items_purged":[],"score":449,"play_id":"9341a159-8513-4736-8a07-dd769430ac04","local_time":"20180712090540","is_ascension_mode":true,"campfire_choices":[{"floor":7,"key":"REST"},{"floor":15,"key":"REST"},{"floor":23,"key":"REST"},{"data":"Scrape","floor":25,"key":"SMITH"},{"data":"Metamorphosis","floor":27,"key":"SMITH"},{"floor":29,"key":"REST"},{"data":"All For One","floor":32,"key":"SMITH"}],"neow_cost":"","seed_source_timestamp":278441739704417,"circlet_count":0,"master_deck":["Defend_B","Defend_B","Defend_B","Defend_B","Zap","Dualcast","Defragment","Gash","Beam Cell","Gash","Hologram","Undo","Coolheaded","Scrape+1","All For One+1","Compile Driver+1","Gash","Metamorphosis+1","Rebound+1","J.A.X.","Beam Cell+1","Self Repair+1","Bite","Bite","Bite","Bite","Bite","FTL","Machine Learning+1","White Noise+1","Self Repair+1","BootSequence+1"],"relics":["Cracked Core","Regal Pillow","Matryoshka","Centennial Puzzle","Smiling Mask","Odd Mushroom","Bronze Scales","Nuclear Battery","Whetstone","Frozen Egg 2","Bottled Lightning","Snecko Eye"],"potions_floor_usage":[4,6,14,20,33,35,37,38],"damage_taken":[{"damage":1,"enemies":"Cultist","floor":1,"turns":3},{"damage":2,"enemies":"2 Louse","floor":4,"turns":2},{"damage":1,"enemies":"Jaw Worm","floor":5,"turns":3},{"damage":33,"enemies":"3 Sentries","floor":6,"turns":6},{"damage":26,"floor":11,"turns":4},{"damage":8,"enemies":"Lots of Slimes","floor":12,"turns":4},{"damage":2,"enemies":"Blue Slaver","floor":13,"turns":3},{"damage":25,"enemies":"Gremlin Nob","floor":14,"turns":5},{"damage":18,"enemies":"The Guardian","floor":16,"turns":8},{"damage":22,"enemies":"2 Thieves","floor":18,"turns":3},{"damage":5,"enemies":"3 Byrds","floor":20,"turns":3},{"damage":19,"enemies":"Centurion and Healer","floor":24,"turns":5},{"damage":34,"enemies":"Slavers","floor":28,"turns":4},{"damage":16,"enemies":"3 Cultists","floor":31,"turns":4},{"damage":47,"enemies":"Champ","floor":33,"turns":7},{"damage":37,"enemies":"3 Darklings","floor":35,"turns":5},{"damage":24,"enemies":"3 Shapes","floor":36,"turns":4},{"damage":39,"enemies":"Spire Growth","floor":37,"turns":4},{"damage":16,"enemies":"4 Shapes","floor":38,"turns":1}],"seed_played":"7187918994064062661","potions_obtained":[{"floor":1,"key":"SpeedPotion"},{"floor":5,"key":"Dexterity Potion"},{"floor":13,"key":"LiquidBronze"},{"floor":18,"key":"Block Potion"},{"floor":31,"key":"Weak Potion"},{"floor":33,"key":"SpeedPotion"},{"floor":36,"key":"Fire Potion"},{"floor":37,"key":"Fruit Juice"}],"is_trial":false,"path_per_floor":["M","?","T","M","M","E","R","?","T","?","?","M","M","E","R","B",null,"M","$","M","?","?","R","M","R","T","R","E","R","?","M","R","B",null,"M","M","M"],"character_chosen":"DEFECT","items_purchased":["Gash","Metamorphosis"],"campfire_rested":4,"item_purchase_floors":[19,19],"current_hp_per_floor":[74,71,71,71,72,41,75,68,68,68,44,38,38,15,52,36,75,53,53,50,50,50,75,56,56,56,56,24,61,61,59,59,20,75,54,46,9,0],"gold":286,"neow_bonus":"","is_prod":false,"is_daily":false,"chose_seed":false,"campfire_upgraded":3,"win_rate":0,"timestamp":1531400740,"path_taken":["M","?","?","?","M","E","R","?","T","?","?","M","M","E","R","BOSS","M","$","M","?","?","R","M","R","T","R","E","R","?","M","R","BOSS","M","M","?","M"],"build_version":"2018-07-11","purchased_purges":0,"victory":false,"max_hp_per_floor":[75,75,75,75,75,75,75,75,75,75,75,75,75,75,75,75,75,75,75,75,75,75,75,75,75,75,75,75,75,75,75,75,75,75,75,75,75,80],"card_choices":[{"not_picked":["Coolheaded","Gash"],"picked":"Defragment","floor":1},{"not_picked":["Redo","Hologram"],"picked":"Gash","floor":4},{"not_picked":["Steam","Capacitor"],"picked":"Beam Cell","floor":5},{"not_picked":["Reprogram","Darkness"],"picked":"Gash","floor":6},{"not_picked":["Compile Driver","Redo"],"picked":"Hologram","floor":11},{"not_picked":["Redo","Barrage"],"picked":"Undo","floor":12},{"not_picked":["Barrage","Capacitor"],"picked":"Coolheaded","floor":13},{"not_picked":["Darkness","Leap"],"picked":"Scrape","floor":14},{"not_picked":["Machine Learning","Thunder Strike"],"picked":"All For One","floor":16},{"not_picked":["Barrage+1","Stack"],"picked":"Compile Driver","floor":18},{"not_picked":["Doom and Gloom","Heatsinks"],"picked":"Rebound+1","floor":20},{"not_picked":["Turbo","Undo"],"picked":"Beam Cell+1","floor":24},{"not_picked":["Ball Lightning+1","Cold Snap"],"picked":"Self Repair+1","floor":28},{"not_picked":["Conserve Battery","Beam Cell"],"picked":"FTL","floor":31},{"not_picked":["Reboot","Thunder Strike"],"picked":"Machine Learning+1","floor":33},{"not_picked":["Consume","Turbo"],"picked":"White Noise+1","floor":35},{"not_picked":["BootSequence+1","Conserve Battery"],"picked":"Self Repair+1","floor":36},{"not_picked":["Steam+1","Doom and Gloom+1"],"picked":"BootSequence+1","floor":37}],"player_experience":393436,"relics_obtained":[{"floor":3,"key":"Blood Vial"},{"floor":6,"key":"Matryoshka"},{"floor":9,"key":"Centennial Puzzle"},{"floor":9,"key":"Smiling Mask"},{"floor":11,"key":"Odd Mushroom"},{"floor":14,"key":"Bronze Scales"},{"floor":26,"key":"Whetstone"},{"floor":26,"key":"Frozen Egg 2"},{"floor":28,"key":"Bottled Lightning"}],"event_choices":[{"event_name":"Scrap Ooze","player_choice":"success","floor":2,"damage_taken":3},{"event_name":"Golden Wing","player_choice":"Card Removal","floor":8,"damage_taken":0},{"event_name":"The Cleric","player_choice":"Card Removal","floor":10,"damage_taken":0},{"event_name":"Mushrooms","player_choice":"Fought Mushrooms","floor":11,"damage_taken":0},{"event_name":"Back to Basics","player_choice":"Elegance","floor":21,"damage_taken":0},{"event_name":"Drug Dealer","player_choice":"Got JAXXED","floor":22,"damage_taken":0},{"event_name":"Vampires","player_choice":"Became a vampire (Vial)","floor":30,"damage_taken":0}],"boss_relics":[{"not_picked":["Black Star","Velvet Choker"],"picked":"Nuclear Battery"},{"not_picked":["Pandora\u0027s Box","Fusion Hammer"],"picked":"Snecko Eye"}],"items_purged_floors":[],"is_endless":false,"potions_floor_spawned":[1,5,13,18,31,33,36,37],"killed_by":"4 Shapes","ascension_level":1}