{"gold_per_floor":[112,37,48,48,123,152,84,117,117,117,130,130,130,130,130,230,230,248,248,248],"floor_reached":20,"playtime":857,"items_purged":["Strike_B"],"score":205,"play_id":"c3807254-d38c-493e-974f-04f671e26115","local_time":"20190627220001","is_ascension_mode":true,"campfire_choices":[{"floor":12,"key":"REST"},{"floor":15,"key":"REST"}],"neow_cost":"NONE","seed_source_timestamp":6299034814609351,"circlet_count":0,"master_deck":["Strike_B","Strike_B","Strike_B","Defend_B","Defend_B","Defend_B","Defend_B","Zap+1","Dualcast","Rebound","Beam Cell","Capacitor","Amplify","Stack","Machine Learning"],"relics":["FrozenCore","Mercury Hourglass","Juzu Bracelet","Bottled Lightning","Pocketwatch","Symbiotic Virus"],"potions_floor_usage":[],"damage_taken":[{"damage":2,"enemies":"Jaw Worm","floor":1,"turns":2},{"damage":5,"enemies":"Small Slimes","floor":3,"turns":3},{"damage":20,"enemies":"Lagavulin","floor":6,"turns":5},{"damage":35,"enemies":"3 Sentries","floor":8,"turns":6},{"damage":0,"enemies":"2 Louse","floor":11,"turns":1},{"damage":35,"enemies":"The Guardian","floor":16,"turns":10},{"damage":28,"enemies":"2 Thieves","floor":18,"turns":4},{"damage":28,"enemies":"Colosseum Slavers","floor":19,"turns":6},{"damage":20,"enemies":"Shell Parasite","floor":20,"turns":4}],"seed_played":"-3233032489837963364","potions_obtained":[{"floor":3,"key":"GamblersBrew"},{"floor":6,"key":"SteroidPotion"},{"floor":11,"key":"Strength Potion"}],"is_trial":false,"path_per_floor":["M","$","M","?","?","E","$","E","T","?","M","R","?","T","R","B",null,"M","?","M"],"character_chosen":"DEFECT","items_purchased":["Capacitor"],"campfire_rested":2,"item_purchase_floors":[7],"current_hp_per_floor":[73,73,68,68,57,37,37,2,2,2,2,24,24,24,46,11,75,47,19,0],"gold":248,"neow_bonus":"UPGRADE_CARD","is_prod":false,"is_daily":false,"chose_seed":false,"campfire_upgraded":0,"win_rate":0,"timestamp":1561690801,"path_taken":["M","$","M","?","?","E","$","E","T","?","M","R","?","?","R","BOSS","M","?","M"],"build_version":"2019-01-23","purchased_purges":1,"victory":false,"max_hp_per_floor":[75,75,75,75,75,75,75,75,75,75,75,75,75,75,75,75,75,75,75,75],"card_choices":[{"not_picked":["Sunder","Stack"],"picked":"Rebound","floor":1},{"not_picked":["Barrage","Tempest"],"picked":"Beam Cell","floor":3},{"not_picked":["Heatsinks","Rebound","Gash"],"picked":"SKIP","floor":6},{"not_picked":["Turbo","Meteor Strike"],"picked":"Amplify","floor":8},{"not_picked":["Beam Cell","Heatsinks"],"picked":"Stack","floor":11},{"not_picked":["Amplify","Reboot"],"picked":"Machine Learning","floor":16},{"not_picked":["Storm","Beam Cell+1","Turbo"],"picked":"SKIP","floor":18}],"player_experience":213545,"relics_obtained":[{"floor":6,"key":"Mercury Hourglass"},{"floor":8,"key":"Juzu Bracelet"},{"floor":9,"key":"Bottled Lightning"},{"floor":14,"key":"Symbiotic Virus"}],"event_choices":[{"damage_healed":0,"gold_gain":0,"player_choice":"Ignored","damage_taken":0,"max_hp_gain":0,"max_hp_loss":0,"event_name":"Liars Game","floor":4,"gold_loss":0},{"damage_healed":0,"gold_gain":75,"player_choice":"Gather Gold","damage_taken":11,"max_hp_gain":0,"max_hp_loss":0,"event_name":"World of Goop","floor":5,"gold_loss":0},{"damage_healed":0,"gold_gain":0,"player_choice":"Ignored","damage_taken":0,"max_hp_gain":0,"max_hp_loss":0,"event_name":"Golden Idol","floor":10,"gold_loss":0},{"damage_healed":0,"gold_gain":0,"player_choice":"Searched \u00271\u0027 times","damage_taken":0,"relics_obtained":["Pocketwatch"],"max_hp_gain":0,"max_hp_loss":0,"event_name":"Dead Adventurer","floor":13,"gold_loss":0},{"damage_healed":0,"gold_gain":0,"player_choice":"Fight","damage_taken":0,"max_hp_gain":0,"max_hp_loss":0,"event_name":"Colosseum","floor":19,"gold_loss":0},{"damage_healed":0,"gold_gain":0,"player_choice":"Fled From Nobs","damage_taken":0,"max_hp_gain":0,"max_hp_loss":0,"event_name":"Colosseum","floor":19,"gold_loss":0}],"is_beta":false,"boss_relics":[{"not_picked":["Philosopher\u0027s Stone","Snecko Eye"],"picked":"FrozenCore"}],"items_purged_floors":[2],"is_endless":false,"potions_floor_spawned":[3,6,11],"killed_by":"Shell Parasite","ascension_level":3}