{"path_per_floor":["M","M","$","?","T","M","R","$","T","E","?","R","M","M","R","B",null,"M","?","?","$","?","R","M","M","T","E"],"character_chosen":"DEFECT","items_purchased":["Chaos","Capacitor","Ball Lightning","Sunder","Runic Capacitor"],"gold_per_floor":[119,138,1,1,74,84,84,49,72,103,103,103,114,124,124,226,226,243,243,243,41,41,41,58,68,139,167,167],"floor_reached":28,"campfire_rested":3,"playtime":1018,"current_hp_per_floor":[74,69,69,54,54,42,64,64,71,63,60,60,51,51,75,70,82,77,77,77,77,29,53,39,26,26,11,0],"items_purged":[],"gold":167,"score":236,"play_id":"cf148d66-c5fa-41c8-90c5-c31bf67695b7","local_time":"20180430005828","is_prod":false,"is_daily":false,"chose_seed":false,"is_ascension_mode":false,"campfire_upgraded":1,"timestamp":1525064308,"path_taken":["M","?","$","?","?","M","R","?","T","E","?","R","?","M","R","BOSS","M","?","?","$","?","R","M","?","T","E","?"],"build_version":"2018-04-27v3","seed_source_timestamp":1234559097013656,"purchased_purges":0,"victory":false,"master_deck":["Strike_B","Strike_B","Strike_B","Strike_B","Defend_B","Defend_B","Defend_B+1","Defend_B+1","Zap+1","Dualcast","Streamline+1","Static Discharge+1","Beam Cell","Chaos","Capacitor","Ball Lightning","FTL","Sunder","Rebound","Rainbow+1","Hello World","Bandage Up+1","Mind Blast","Purity+1","Good Instincts+1","Good Instincts+1","Impulse+1","Prime"],"max_hp_per_floor":[75,75,75,75,75,75,75,75,82,82,82,82,82,82,82,82,82,82,82,82,82,82,82,82,82,82,82,82],"relics":["Cracked Core","Toxic Egg 2","Strawberry","Centennial Puzzle","Oddly Smooth Stone","Nuclear Battery","Runic Capacitor","Toolbox","War Paint"],"card_choices":[{"not_picked":["Ball Lightning","Impulse"],"picked":"Streamline","floor":0},{"not_picked":["Streamline","Coolheaded"],"picked":"Static Discharge","floor":1},{"not_picked":["Impulse","Blizzard"],"picked":"Beam Cell","floor":2},{"not_picked":["Stack","Blaster"],"picked":"FTL","floor":6},{"not_picked":["Darkness","Blaster"],"picked":"Rebound","floor":10},{"not_picked":["Meteor Strike","Echo Form"],"picked":"Rainbow","floor":16},{"not_picked":["Reinforced Body","Leap"],"picked":"Hello World","floor":18},{"not_picked":["Go for the Eyes","Leap"],"picked":"Impulse","floor":25},{"not_picked":["Steam Power","Meteor Strike"],"picked":"Prime","floor":27}],"player_experience":64034,"potions_floor_usage":[10,10,16,24,27],"damage_taken":[{"damage":1,"enemies":"Cultist","floor":1,"turns":3},{"damage":5,"enemies":"2 Louse","floor":2,"turns":3},{"damage":12,"enemies":"Jaw Worm","floor":6,"turns":3},{"damage":8,"enemies":"Gremlin Nob","floor":10,"turns":2},{"damage":9,"enemies":"Exordium Wildlife","floor":13,"turns":3},{"damage":0,"enemies":"2 Fungi Beasts","floor":14,"turns":1},{"damage":12,"enemies":"Slime Boss","floor":16,"turns":7},{"damage":5,"enemies":"3 Byrds","floor":18,"turns":1},{"damage":14,"enemies":"Shell Parasite","floor":24,"turns":3},{"damage":19,"enemies":"3 Cultists","floor":25,"turns":5},{"damage":21,"enemies":"Gremlin Leader","floor":27,"turns":7},{"damage":20,"enemies":"Slaver and Parasite","floor":28,"turns":4}],"event_choices":[{"event_name":"Shining Light","player_choice":"Entered Light","floor":4,"damage_taken":0},{"event_name":"Scrap Ooze","player_choice":"success","floor":11,"damage_taken":3},{"event_name":"Ghosts","player_choice":"Ignored","floor":19,"damage_taken":0},{"event_name":"Drug Dealer","player_choice":"Ignored","floor":20,"damage_taken":0},{"event_name":"Knowing Skull","player_choice":"CARD CARD CARD CARD CARD ","floor":22,"damage_taken":0}],"boss_relics":[{"not_picked":["Sozu","Black Star"],"picked":"Nuclear Battery"}],"potions_floor_spawned":[1,6,13,18,25],"seed_played":"1619131122955272048","killed_by":"Slaver and Parasite","ascension_level":0,"is_trial":false}