{"path_per_floor":["M","M","M","?","?","E","M","R","T","M","M","$","R","M","R","B",null,"M","?","?","M","M","R","?","M","T","R","$"],"character_chosen":"THE_SILENT","items_purchased":["Unload","Backflip","Acrobatics"],"gold_per_floor":[114,129,144,144,94,124,139,139,139,154,169,51,51,66,66,166,166,181,106,106,121,136,136,136,151,151,151,99,99],"floor_reached":29,"campfire_rested":4,"playtime":1675,"current_hp_per_floor":[70,69,64,57,57,36,35,58,58,57,59,59,79,75,75,30,97,89,89,89,80,8,39,39,31,31,60,60,0],"items_purged":[],"gold":99,"score":252,"play_id":"69328172-d210-4b42-9a1d-5841ccbd6a01","local_time":"20180423211005","daily_mods":["Allstar","Uncertain Future","Vintage"],"is_prod":false,"is_daily":true,"chose_seed":false,"is_ascension_mode":false,"campfire_upgraded":1,"timestamp":1524532205,"path_taken":["M","M","M","?","?","E","M","R","T","M","?","$","R","M","R","BOSS","M","?","?","M","M","R","?","M","T","R","$","M"],"build_version":"2018-04-19","seed_source_timestamp":700274569460713,"purchased_purges":0,"victory":false,"master_deck":["Defend_G","Defend_G","Defend_G","Defend_G","Defend_G","Strike_G","Strike_G","Strike_G","Strike_G","Survivor","Neutralize","Flash of Steel","Purity","Bandage Up","Sadistic Nature","Unload+1","Backflip","Adrenaline","Pain","Writhe","Prepared","Infinite Blades","Acrobatics"],"max_hp_per_floor":[77,77,77,77,77,77,77,77,77,77,77,77,79,79,79,79,97,97,97,97,97,97,99,99,99,99,99,99,99],"relics":["Ring of the Snake","Strawberry","Anchor","Tingsha","Orichalcum","Singing Bowl","Calipers","Dream Catcher","Darkstone Periapt","The Specimen","Pantograph","Calling Bell","Omamori","Blue Candle","Bird Faced Urn","Question Card","Bottled Flame","Gambling Chip","Ornamental Fan","Toolbox"],"card_choices":[{"not_picked":["A Thousand Cuts","Glass Knife"],"picked":"Adrenaline","floor":16},{"not_picked":["Accuracy","Quick Slash","Choke"],"picked":"Infinite Blades","floor":27}],"player_experience":727239,"potions_floor_usage":[6,7,16],"damage_taken":[{"damage":9,"enemies":"Jaw Worm","floor":1,"turns":5},{"damage":5,"enemies":"Small Slimes","floor":2,"turns":4},{"damage":5,"enemies":"2 Louse","floor":3,"turns":3},{"damage":25,"enemies":"Lagavulin","floor":6,"turns":10},{"damage":5,"enemies":"Gremlin Gang","floor":7,"turns":5},{"damage":5,"enemies":"Looter","floor":10,"turns":3},{"damage":2,"enemies":"Blue Slaver","floor":11,"turns":4},{"damage":4,"enemies":"Exordium Wildlife","floor":14,"turns":5},{"damage":49,"enemies":"Slime Boss","floor":16,"turns":10},{"damage":13,"enemies":"Chosen","floor":18,"turns":5},{"damage":15,"enemies":"Shell Parasite","floor":21,"turns":6},{"damage":78,"enemies":"3 Cultists","floor":22,"turns":9},{"damage":14,"enemies":"Snake Plant","floor":25,"turns":4},{"damage":71,"enemies":"Cultist and Chosen","floor":29,"turns":7}],"event_choices":[{"event_name":"Golden Wing","player_choice":"Card Removal","floor":4,"damage_taken":0},{"event_name":"The Cleric","player_choice":"Card Removal","floor":5,"damage_taken":0},{"event_name":"Beggar","player_choice":"Gave Gold","floor":19,"damage_taken":0},{"event_name":"The Library","player_choice":"Read","floor":20,"damage_taken":0},{"event_name":"Drug Dealer","player_choice":"Ignored","floor":24,"damage_taken":0}],"boss_relics":[{"not_picked":["Lizard Tail","Snecko Eye"],"picked":"Calling Bell"}],"potions_floor_spawned":[3,6,11],"seed_played":"1774299086368063468","killed_by":"Cultist and Chosen","ascension_level":0,"is_trial":false}