{"path_per_floor":["M","$","M","?","M","R","M","?","T","E","?","?","R","M","R","B",null,"M"],"character_chosen":"IRONCLAD","items_purchased":["Metallicize"],"gold_per_floor":[118,39,56,6,24,24,36,36,36,67,67,67,67,78,78,181,181,192,192],"floor_reached":19,"campfire_rested":1,"playtime":937,"current_hp_per_floor":[78,78,75,75,75,75,79,79,79,66,66,50,50,56,80,60,80,18,0],"items_purged":[],"gold":192,"score":184,"play_id":"fc2f8ad8-fcc4-45a9-8b05-b13fe1d874ba","local_time":"20180422140102","is_prod":false,"is_daily":false,"chose_seed":false,"is_ascension_mode":true,"campfire_upgraded":2,"timestamp":1524420062,"path_taken":["M","$","M","?","?","R","M","?","T","E","?","?","R","M","R","BOSS","M","?"],"build_version":"2018-04-19","seed_source_timestamp":590384185493756,"purchased_purges":0,"victory":false,"master_deck":["Strike_R","Strike_R","Strike_R","Defend_R","Defend_R+1","Defend_R","Defend_R","Bash","Anger+1","Metallicize+1","Shrug It Off","Pommel Strike+1","Corruption","Shrug It Off","Ghostly Armor","Spot Weakness","Demon Form","Rage","Dropkick","Cleave","Body Slam","Limit Break"],"max_hp_per_floor":[80,80,80,80,80,80,80,80,80,80,80,80,80,80,80,80,80,80,80],"relics":["Burning Blood","Smiling Mask","Prayer Wheel","Orrery"],"card_choices":[{"not_picked":["Clothesline","Pommel Strike"],"picked":"Anger","floor":1},{"not_picked":["True Grit","Seeing Red"],"picked":"Shrug It Off","floor":3},{"not_picked":["Twin Strike","Flex"],"picked":"Pommel Strike","floor":5},{"not_picked":["Shrug It Off","Wild Strike"],"picked":"Ghostly Armor","floor":10},{"not_picked":["Wild Strike","Corruption"],"picked":"Spot Weakness","floor":14},{"not_picked":["Brutality","Reaper"],"picked":"Demon Form","floor":16},{"not_picked":["Combust","Burning Pact"],"picked":"Rage","floor":17},{"not_picked":["Inflame","Warcry"],"picked":"Dropkick","floor":17},{"not_picked":["Sword Boomerang","Clothesline"],"picked":"Cleave","floor":17},{"not_picked":["Second Wind","Cleave"],"picked":"Body Slam","floor":17},{"not_picked":["Evolve","Pummel"],"picked":"Limit Break","floor":18}],"player_experience":698822,"potions_floor_usage":[7,10,16,18,19],"damage_taken":[{"damage":8,"enemies":"Jaw Worm","floor":1,"turns":5},{"damage":9,"enemies":"2 Louse","floor":3,"turns":4},{"damage":6,"enemies":"Cultist","floor":5,"turns":5},{"damage":2,"enemies":"3 Louse","floor":7,"turns":4},{"damage":19,"enemies":"Gremlin Nob","floor":10,"turns":5},{"damage":0,"enemies":"Red Slaver","floor":14,"turns":5},{"damage":26,"enemies":"The Guardian","floor":16,"turns":11},{"damage":68,"enemies":"3 Byrds","floor":18,"turns":9},{"damage":30,"enemies":"Chosen","floor":19,"turns":6}],"event_choices":[{"event_name":"The Cleric","player_choice":"Card Removal","floor":4,"damage_taken":0},{"event_name":"Match and Keep!","player_choice":"2 cards matched","floor":8,"damage_taken":0},{"event_name":"Purifier","player_choice":"One Purge","floor":11,"damage_taken":0},{"event_name":"Shining Light","player_choice":"Entered Light","floor":12,"damage_taken":0}],"boss_relics":[{"not_picked":["Astrolabe","Runic Cube"],"picked":"Orrery"}],"potions_floor_spawned":[5,7,14,16,18],"seed_played":"4080088365778029195","killed_by":"Chosen","ascension_level":2,"is_trial":false}