{"gold_per_floor":[112,112,125,136,13,40,40,69,69,98,109,129,129,304,304,408,408,408,126,126,126,126,126,126,126,126,126,126,126,126,126,126,126,126,126,126,126,126,126,126,126,126,126,126,126,126,126,126,126,126,126,126,37,37,37],"floor_reached":55,"playtime":8857,"items_purged":["Parasite","Doubt"],"score":1003,"play_id":"808f7964-e6e0-4443-a97e-0713697c9e4c","local_time":"20190628211259","is_ascension_mode":true,"campfire_choices":[{"data":"Neutralize","floor":7,"key":"SMITH"},{"floor":13,"key":"REST"},{"data":"Doppelganger","floor":15,"key":"SMITH"},{"data":"Discovery","floor":23,"key":"SMITH"},{"data":"Cloak And Dagger","floor":27,"key":"SMITH"},{"data":"Crippling Poison","floor":32,"key":"SMITH"},{"floor":45,"key":"RECALL"},{"data":"Catalyst","floor":49,"key":"SMITH"},{"data":"Storm of Steel","floor":52,"key":"SMITH"}],"neow_cost":"NONE","seed_source_timestamp":161966978504357,"circlet_count":0,"master_deck":["Defend_G+1","Defend_G+1","Defend_G+1","Defend_G+1","Defend_G+1","Survivor","Neutralize","Deadly Poison","Neutralize+1","Flying Knee","Slice","Poisoned Stab","Backflip","Doppelganger+1","Choke+1","Quick Slash+1","Skewer+1","Venomology","Blade Dance+1","Footwork+1","Cloak And Dagger+1","Discovery+1","Catalyst+1","Bite+1","Bite+1","Bite+1","Bite+1","Bite+1","Footwork+1","Prepared+1","Backflip","Crippling Poison+1","Storm of Steel+1","Poisoned Stab+1","Deadly Poison","Deflect+1","Flechettes+1","Accuracy+1","Dodge and Roll+1","Infinite Blades+1","Deflect","Outmaneuver+1","Heel Hook+1","Finesse","Escape Plan+1"],"relics":["Ring of the Snake","Bottled Flame","Molten Egg 2","Frozen Egg 2","Bag of Preparation","Ectoplasm","Centennial Puzzle","Kunai","Tingsha","Runic Pyramid","Art of War","Oddly Smooth Stone","Blood Vial","Pen Nib"],"potions_floor_usage":[6,10,10,12,24,31,33,33,39,40,41,42,44,54,54,55],"damage_taken":[{"damage":1,"enemies":"Jaw Worm","floor":1,"turns":8},{"damage":0,"enemies":"Cultist","floor":3,"turns":4},{"damage":1,"enemies":"2 Louse","floor":4,"turns":3},{"damage":20,"enemies":"Gremlin Nob","floor":6,"turns":4},{"damage":26,"enemies":"3 Sentries","floor":8,"turns":9},{"damage":23,"enemies":"Gremlin Nob","floor":10,"turns":4},{"damage":0,"enemies":"Looter","floor":11,"turns":2},{"damage":9,"enemies":"Large Slime","floor":12,"turns":5},{"damage":28,"enemies":"The Guardian","floor":16,"turns":9},{"damage":2,"enemies":"3 Byrds","floor":18,"turns":5},{"damage":2,"enemies":"Shell Parasite","floor":21,"turns":4},{"damage":8,"enemies":"Slavers","floor":24,"turns":4},{"damage":24,"enemies":"Chosen and Byrds","floor":28,"turns":5},{"damage":0,"enemies":"Cultist and Chosen","floor":29,"turns":4},{"damage":14,"enemies":"Gremlin Leader","floor":31,"turns":7},{"damage":38,"enemies":"Champ","floor":33,"turns":10},{"damage":0,"enemies":"3 Shapes","floor":35,"turns":3},{"damage":22,"enemies":"3 Darklings","floor":37,"turns":3},{"damage":3,"enemies":"Jaw Worm Horde","floor":38,"turns":4},{"damage":4,"enemies":"4 Shapes","floor":39,"turns":6},{"damage":16,"enemies":"Reptomancer","floor":40,"turns":7},{"damage":13,"enemies":"Writhing Mass","floor":41,"turns":5},{"damage":0,"enemies":"Nemesis","floor":42,"turns":5},{"damage":3,"enemies":"Reptomancer","floor":44,"turns":5},{"damage":3,"enemies":"Sphere and 2 Shapes","floor":46,"turns":4},{"damage":0,"enemies":"Jaw Worm Horde","floor":47,"turns":4},{"damage":17,"enemies":"4 Shapes","floor":48,"turns":4},{"damage":31,"enemies":"Awakened One","floor":50,"turns":13},{"damage":12,"enemies":"Shield and Spear","floor":54,"turns":6},{"damage":54,"enemies":"The Heart","floor":55,"turns":3}],"seed_played":"-8721841260856501761","potions_obtained":[{"floor":1,"key":"Fire Potion"},{"floor":6,"key":"Fire Potion"},{"floor":8,"key":"SkillPotion"},{"floor":11,"key":"Regen Potion"},{"floor":29,"key":"SteroidPotion"},{"floor":33,"key":"Fire Potion"},{"floor":37,"key":"GamblersBrew"}],"is_trial":false,"path_per_floor":["M","?","M","M","$","E","R","E","T","E","M","M","R","?","R","B",null,"M","$","?","M","?","R","E","?","T","R","M","M","$","E","R","B",null,"M","?","M","M","M","E","M","E","T","E","R","M","M","M","R","B",null,"R","$","E","B"],"character_chosen":"THE_SILENT","items_purchased":["Poisoned Stab","Footwork+1","Cloak And Dagger","Discovery","Finesse"],"campfire_rested":1,"item_purchase_floors":[5,19,19,19,53],"current_hp_per_floor":[76,76,76,75,74,54,54,28,28,5,5,11,33,33,33,5,74,72,72,72,70,51,51,49,49,49,49,27,39,39,49,49,33,51,51,51,32,41,49,47,46,51,51,51,51,51,51,37,37,26,51,51,51,39,0],"gold":37,"neow_bonus":"TEN_PERCENT_HP_BONUS","is_prod":false,"is_daily":false,"chose_seed":false,"campfire_upgraded":7,"win_rate":0,"timestamp":1561770779,"path_taken":["M","?","?","M","$","E","R","E","T","E","M","?","R","?","R","BOSS","M","$","?","M","?","R","E","?","T","R","M","M","$","E","R","BOSS","M","?","M","M","M","E","M","E","T","E","R","?","M","M","R","BOSS","R","$","E","BOSS"],"build_version":"2019-01-23","purchased_purges":2,"victory":false,"max_hp_per_floor":[77,77,77,77,74,74,74,74,74,74,74,74,74,74,74,74,74,74,74,74,74,51,51,51,51,51,51,51,51,51,51,51,51,51,51,51,51,51,51,51,51,51,51,51,51,51,51,51,51,51,51,51,51,51,51],"card_choices":[{"not_picked":["Concentrate","Quick Slash"],"picked":"Deadly Poison","floor":1},{"not_picked":["Finisher","Sucker Punch"],"picked":"Flying Knee","floor":3},{"not_picked":["Setup","Dagger Spray"],"picked":"Slice","floor":4},{"not_picked":["Slice","Blade Dance"],"picked":"Backflip","floor":6},{"not_picked":["Deflect","Terror"],"picked":"Doppelganger","floor":8},{"not_picked":["Blur","Dagger Throw+1"],"picked":"Choke+1","floor":10},{"not_picked":["Sucker Punch+1","Leg Sweep"],"picked":"Quick Slash+1","floor":11},{"not_picked":["Dagger Throw+1","Underhanded Strike+1"],"picked":"Skewer+1","floor":12},{"not_picked":["Tools of the Trade+1","After Image+1"],"picked":"Venomology","floor":16},{"not_picked":["Predator+1","Escape Plan"],"picked":"Blade Dance+1","floor":18},{"not_picked":["Dagger Spray+1","Caltrops+1"],"picked":"Catalyst","floor":21},{"not_picked":["Expertise","Underhanded Strike+1"],"picked":"Footwork+1","floor":24},{"not_picked":["Blade Dance","Noxious Fumes+1"],"picked":"Prepared+1","floor":28},{"not_picked":["Quick Slash+1","Setup"],"picked":"Backflip","floor":29},{"not_picked":["PiercingWail+1","Outmaneuver"],"picked":"Crippling Poison","floor":31},{"not_picked":["After Image+1","Doppelganger"],"picked":"Storm of Steel","floor":33},{"not_picked":["Sucker Punch+1","PiercingWail"],"picked":"Poisoned Stab+1","floor":35},{"not_picked":["Dodge and Roll","Slice+1"],"picked":"Deflect+1","floor":37},{"not_picked":["Predator+1","Tactician"],"picked":"Flechettes+1","floor":38},{"not_picked":["Riddle With Holes+1","Acrobatics+1","Sucker Punch+1"],"picked":"SKIP","floor":39},{"not_picked":["Dagger Throw+1","Night Terror"],"picked":"Accuracy+1","floor":40},{"not_picked":["Quick Slash+1","Dagger Spray+1"],"picked":"Dodge and Roll+1","floor":41},{"not_picked":["Dagger Throw+1","Deflect"],"picked":"Infinite Blades+1","floor":42},{"not_picked":["All Out Attack+1","Dagger Spray+1","Riddle With Holes+1"],"picked":"SKIP","floor":44},{"not_picked":["Poisoned Stab+1","Slice+1"],"picked":"Deflect","floor":46},{"not_picked":["Prepared","Blade Dance"],"picked":"Outmaneuver+1","floor":47},{"not_picked":["Corpse Explosion","Sucker Punch+1"],"picked":"Heel Hook+1","floor":48},{"not_picked":["A Thousand Cuts+1","Accuracy+1"],"picked":"Escape Plan+1","floor":54}],"player_experience":133980,"relics_obtained":[{"floor":6,"key":"Bottled Flame"},{"floor":8,"key":"Molten Egg 2"},{"floor":9,"key":"Frozen Egg 2"},{"floor":10,"key":"Bag of Preparation"},{"floor":24,"key":"Centennial Puzzle"},{"floor":26,"key":"Kunai"},{"floor":31,"key":"Tingsha"},{"floor":40,"key":"Art of War"},{"floor":42,"key":"Oddly Smooth Stone"},{"floor":44,"key":"Blood Vial"},{"floor":54,"key":"Pen Nib"}],"event_choices":[{"damage_healed":0,"gold_gain":0,"player_choice":"2 cards matched","damage_taken":0,"max_hp_gain":0,"max_hp_loss":0,"event_name":"Match and Keep!","floor":2,"gold_loss":0,"cards_obtained":["Parasite","Neutralize"]},{"damage_healed":0,"gold_gain":0,"player_choice":"2 cards matched","damage_taken":0,"max_hp_gain":0,"max_hp_loss":0,"event_name":"Match and Keep!","floor":2,"gold_loss":0,"cards_obtained":["Parasite","Neutralize"]},{"damage_healed":0,"gold_gain":175,"player_choice":"AGREE","damage_taken":0,"max_hp_gain":0,"max_hp_loss":0,"event_name":"Liars Game","floor":14,"gold_loss":0,"cards_obtained":["Doubt"]},{"damage_healed":0,"gold_gain":0,"player_choice":"Ignored","damage_taken":0,"max_hp_gain":0,"max_hp_loss":0,"event_name":"Ghosts","floor":20,"gold_loss":0},{"damage_healed":0,"gold_gain":0,"player_choice":"Became a vampire","damage_taken":0,"max_hp_gain":0,"max_hp_loss":23,"event_name":"Vampires","floor":22,"gold_loss":0,"cards_obtained":["Bite","Bite","Bite","Bite","Bite"]},{"damage_healed":0,"gold_gain":0,"player_choice":"Simplicity","damage_taken":0,"max_hp_gain":0,"max_hp_loss":0,"event_name":"Back to Basics","floor":25,"gold_loss":0,"cards_upgraded":["Defend_G","Defend_G","Defend_G","Defend_G","Defend_G"]},{"damage_healed":0,"gold_gain":0,"player_choice":"1 cards matched","damage_taken":0,"max_hp_gain":0,"max_hp_loss":0,"event_name":"Match and Keep!","floor":36,"gold_loss":0,"cards_obtained":["Deadly Poison"]}],"is_beta":false,"boss_relics":[{"not_picked":["Cursed Key","Fusion Hammer"],"picked":"Ectoplasm"},{"not_picked":["Pandora\u0027s Box","Lizard Tail"],"picked":"Runic Pyramid"}],"items_purged_floors":[5,19],"is_endless":false,"potions_floor_spawned":[1,6,8,11,28,29,33,35,37,40,44,48],"killed_by":"The Heart","ascension_level":4}