{"gold_per_floor":[142,142,153,171,171,171,204,222,222,253,253,266,285,300,300,300],"floor_reached":16,"playtime":569,"items_purged":[],"score":228,"play_id":"64690cb9-617d-47b4-9213-e2b1ed66d8c6","local_time":"20181103143115","is_ascension_mode":true,"campfire_choices":[{"data":"Neutralize","floor":6.0,"key":"SMITH"},{"floor":11.0,"key":"REST"},{"data":"Blade Dance","floor":15.0,"key":"SMITH"}],"neow_cost":"NONE","seed_source_timestamp":2043515074865168,"circlet_count":0,"master_deck":["AscendersBane","Defend_G","Defend_G","Defend_G","Defend_G","Defend_G","Strike_G","Strike_G","Strike_G","Strike_G","Survivor","Neutralize+1","Flying Knee","Blur","Finisher","Die Die Die","Endless Agony","Blade Dance+1","Deflect"],"special_seed":0,"relics":["Ring of the Snake","Tiny Chest","Kunai","Singing Bowl","Lantern"],"potions_floor_usage":[16],"damage_taken":[{"damage":6.0,"enemies":"Jaw Worm","floor":1.0,"turns":8.0},{"damage":0.0,"enemies":"2 Louse","floor":3.0,"turns":3.0},{"damage":4.0,"enemies":"Cultist","floor":4.0,"turns":4.0},{"damage":12.0,"enemies":"3 Sentries","floor":7.0,"turns":6.0},{"damage":10.0,"enemies":"Exordium Thugs","floor":8.0,"turns":5.0},{"damage":23.0,"enemies":"Lagavulin","floor":10.0,"turns":7.0},{"damage":0.0,"enemies":"Large Slime","floor":12.0,"turns":6.0},{"damage":0.0,"enemies":"Red Slaver","floor":13.0,"turns":1.0},{"damage":0.0,"enemies":"Looter","floor":14.0,"turns":2.0},{"damage":36,"enemies":"Hexaghost","floor":16,"turns":16}],"seed_played":"-1114325739826615914","potions_obtained":[{"floor":1.0,"key":"GamblersBrew"},{"floor":4.0,"key":"Explosive Potion"},{"floor":10.0,"key":"SkillPotion"}],"is_trial":false,"path_per_floor":["M","?","M","M","?","R","E","M","T","E","R","M","M","M","R","B"],"character_chosen":"THE_SILENT","items_purchased":[],"campfire_rested":1,"item_purchase_floors":[],"current_hp_per_floor":[53,53,53,49,49,49,37,27,27,6,26,28,28,30,30,0],"gold":300,"neow_bonus":"RANDOM_COMMON_RELIC","is_prod":false,"is_daily":false,"chose_seed":false,"campfire_upgraded":2,"win_rate":0,"timestamp":1541280675,"path_taken":["M","?","M","M","?","R","E","M","T","E","R","?","M","M","R","BOSS"],"build_version":"2018-11-01","purchased_purges":0,"victory":false,"max_hp_per_floor":[66,66,66,66,66,66,66,66,66,68,68,70,70,72,72,72],"card_choices":[{"not_picked":["Bane","Concentrate"],"picked":"Flying Knee","floor":1.0},{"not_picked":["Acrobatics","Poisoned Stab"],"picked":"Blur","floor":3.0},{"not_picked":["Acrobatics","Prepared"],"picked":"Finisher","floor":4.0},{"not_picked":["Dagger Throw","Storm of Steel"],"picked":"Endless Agony","floor":7.0},{"not_picked":["Dodge and Roll","Prepared"],"picked":"Blade Dance","floor":8.0},{"not_picked":["Tactician","Underhanded Strike","Bouncing Flask"],"picked":"Singing Bowl","floor":10.0},{"not_picked":["Slice","Leg Sweep","Distraction"],"picked":"Singing Bowl","floor":12.0},{"not_picked":["Venomology","Bane"],"picked":"Deflect","floor":13.0},{"not_picked":["PiercingWail","Dash","Slice"],"picked":"Singing Bowl","floor":14.0}],"player_experience":576758,"relics_obtained":[{"floor":7.0,"key":"Kunai"},{"floor":9.0,"key":"Singing Bowl"},{"floor":10.0,"key":"Lantern"}],"event_choices":[{"damage_healed":0.0,"max_hp_gain":0.0,"max_hp_loss":0.0,"gold_gain":0.0,"event_name":"Liars Game","player_choice":"Ignored","floor":2.0,"gold_loss":0.0,"damage_taken":0.0},{"damage_healed":0.0,"max_hp_gain":0.0,"max_hp_loss":0.0,"gold_gain":0.0,"cards_transformed":["Strike_G"],"event_name":"Transmorgrifier","player_choice":"Transformed","floor":5.0,"gold_loss":0.0,"damage_taken":0.0,"cards_obtained":["Die Die Die"]}],"is_beta":false,"boss_relics":[],"items_purged_floors":[],"is_endless":false,"potions_floor_spawned":[1,4,10],"killed_by":"Hexaghost","ascension_level":20}