{"gold_per_floor":[113,133,133,133,151,187,208,208,208,208,223,16,59,74,74,205,205,226,17,41,59,59,97,116,116,116,116,24,24,24,39,39,170,170,189,139,1138,1154,1217,1217,1241,1241,1265,1265,468,484,502,502,502],"floor_reached":49,"playtime":1502,"items_purged":[],"score":827,"play_id":"c6cf524b-a49a-4085-9156-3e85921e9d1b","local_time":"20180712141844","is_ascension_mode":true,"campfire_choices":[{"data":"Whirlwind","floor":8,"key":"SMITH"},{"floor":10,"key":"REST"},{"data":"Pommel Strike","floor":15,"key":"SMITH"},{"data":"Limit Break","floor":25,"key":"SMITH"},{"data":"Searing Blow+1","floor":27,"key":"SMITH"},{"data":"Searing Blow+2","floor":29,"key":"SMITH"},{"data":"Searing Blow+3","floor":32,"key":"SMITH"},{"data":"Inflame","floor":40,"key":"SMITH"},{"data":"Searing Blow+4","floor":42,"key":"SMITH"},{"data":"Searing Blow+5","floor":44,"key":"SMITH"}],"neow_cost":"TEN_PERCENT_HP_LOSS","seed_source_timestamp":297511185006334,"circlet_count":0,"master_deck":["Strike_R","Strike_R","Strike_R","Strike_R","Strike_R","Defend_R","Defend_R","Defend_R","Defend_R","Bash+1","Double Tap","Perfected Strike","Pummel","Injury","Clash","Wild Strike","Whirlwind+1","Twin Strike","Swift Strike","Inflame+1","Rampage","Warcry","Pommel Strike+1","Limit Break+1","Searing Blow+6","Twin Strike","Thunderclap+1","Sword Boomerang+1","Normality","Iron Wave","Wild Strike","Panacea","Uppercut+1","Feed","Armaments+1","Twin Strike","Normality","Normality","Twin Strike","Cleave+1","Whirlwind+1","Decay","Twin Strike","Ghostly Armor+1","Inflame+1"],"relics":["Burning Blood","Golden Idol","Pen Nib","Meat on the Bone","Du-Vu Doll","Snecko Eye","Bag of Marbles","Bronze Scales","Happy Flower","Dead Branch","Cursed Key","Torii","Boot","Champion Belt","Medical Kit","Toxic Egg 2"],"potions_floor_usage":[6,7,16,16,33,38,38,41,49],"damage_taken":[{"damage":3,"enemies":"Jaw Worm","floor":1,"turns":5},{"damage":2,"enemies":"2 Louse","floor":2,"turns":2},{"damage":6,"enemies":"Small Slimes","floor":5,"turns":2},{"damage":17,"enemies":"3 Sentries","floor":6,"turns":7},{"damage":20,"enemies":"Exordium Thugs","floor":7,"turns":3},{"damage":8,"enemies":"3 Louse","floor":11,"turns":2},{"damage":0,"enemies":"Gremlin Nob","floor":13,"turns":2},{"damage":11,"enemies":"Looter","floor":14,"turns":2},{"damage":0,"enemies":"Slime Boss","floor":16,"turns":5},{"damage":12,"enemies":"Chosen","floor":18,"turns":2},{"damage":11,"enemies":"Spheric Guardian","floor":20,"turns":3},{"damage":23,"enemies":"Centurion and Healer","floor":21,"turns":4},{"damage":0,"enemies":"Slavers","floor":23,"turns":1},{"damage":0,"enemies":"Snake Plant","floor":24,"turns":1},{"damage":0,"enemies":"Snecko","floor":31,"turns":2},{"damage":36,"enemies":"Champ","floor":33,"turns":7},{"damage":0,"enemies":"Flame Bruiser 1 Orb","floor":35,"turns":3},{"damage":3,"enemies":"3 Darklings","floor":38,"turns":2},{"damage":0,"floor":39,"turns":1},{"damage":34,"enemies":"Maw","floor":41,"turns":4},{"damage":0,"enemies":"Spire Growth","floor":46,"turns":2},{"damage":0,"enemies":"3 Darklings","floor":47,"turns":1},{"damage":100,"enemies":"Awakened One","floor":49,"turns":6}],"seed_played":"-335023829076490615","potions_obtained":[{"floor":5,"key":"SkillPotion"},{"floor":6,"key":"Fruit Juice"},{"floor":13,"key":"Poison Potion"},{"floor":14,"key":"Strength Potion"},{"floor":16,"key":"Ancient Potion"},{"floor":31,"key":"AttackPotion"},{"floor":33,"key":"Block Potion"},{"floor":35,"key":"Weak Potion"},{"floor":46,"key":"Fire Potion"}],"is_trial":false,"path_per_floor":["M","M","?","?","M","E","M","R","T","R","M","$","E","M","R","B",null,"M","$","M","M","?","E","M","R","T","R","$","R","?","M","R","B",null,"M","$","?","M","?","R","M","R","T","R","$","M","M","?"],"character_chosen":"IRONCLAD","items_purchased":["Swift Strike","Inflame","Rampage","Twin Strike","Bag of Marbles","Panacea","Twin Strike","Champion Belt","Twin Strike","Medical Kit","Toxic Egg 2"],"campfire_rested":1,"item_purchase_floors":[12,12,12,19,19,28,36,45,45,45,45],"current_hp_per_floor":[72,72,72,72,72,61,52,52,52,75,73,73,77,72,72,77,77,71,71,66,49,49,55,61,61,61,61,61,61,61,67,67,49,77,77,77,77,77,77,77,49,49,49,49,49,55,61,61,0],"gold":502,"neow_bonus":"THREE_RARE_CARDS","is_prod":false,"is_daily":false,"chose_seed":false,"campfire_upgraded":9,"win_rate":0,"timestamp":1531419524,"path_taken":["M","M","?","?","M","E","M","R","T","R","M","$","E","M","R","BOSS","M","$","M","M","?","E","M","R","T","R","$","R","?","M","R","BOSS","M","$","?","M","?","R","M","R","T","R","$","M","?","?","BOSS"],"build_version":"2018-07-11","purchased_purges":0,"victory":false,"max_hp_per_floor":[72,72,72,72,72,72,77,77,77,77,77,77,77,77,77,77,77,77,77,77,77,77,77,77,77,77,77,77,77,77,77,77,77,77,77,77,77,77,77,77,77,77,77,77,77,77,77,77,77],"card_choices":[{"not_picked":["Impervious","Exhume"],"picked":"Double Tap","floor":0},{"not_picked":["Rage","Shockwave"],"picked":"Perfected Strike","floor":1},{"not_picked":["Rage","Shockwave"],"picked":"Pummel","floor":2},{"not_picked":["Iron Wave","Flex"],"picked":"Clash","floor":5},{"not_picked":["Pummel","Fire Breathing"],"picked":"Wild Strike","floor":6},{"not_picked":["Sword Boomerang","True Grit"],"picked":"Whirlwind","floor":7},{"not_picked":["Headbutt","Armaments"],"picked":"Twin Strike","floor":11},{"not_picked":["Body Slam","Clothesline"],"picked":"Warcry","floor":13},{"not_picked":["True Grit","Wild Strike"],"picked":"Pommel Strike","floor":14},{"not_picked":["Immolate","Juggernaut"],"picked":"Limit Break","floor":16},{"not_picked":["Carnage+1","Clothesline+1"],"picked":"Searing Blow+1","floor":18},{"not_picked":["Rupture+1","Headbutt+1"],"picked":"Thunderclap+1","floor":20},{"not_picked":["Warcry","True Grit"],"picked":"Sword Boomerang+1","floor":21},{"not_picked":["Clash","Body Slam+1"],"picked":"Iron Wave","floor":23},{"not_picked":["Armaments","Double Tap"],"picked":"Wild Strike","floor":24},{"not_picked":["Clothesline","Body Slam"],"picked":"Uppercut+1","floor":31},{"not_picked":["Brutality","Impervious"],"picked":"Feed","floor":33},{"not_picked":["Clothesline","True Grit"],"picked":"Armaments+1","floor":35},{"not_picked":["Rampage+1","Havoc+1"],"picked":"Twin Strike","floor":38},{"not_picked":["Reckless Charge","Sword Boomerang"],"picked":"Cleave+1","floor":39},{"not_picked":["Pommel Strike","Berserk"],"picked":"Whirlwind+1","floor":41},{"not_picked":["Thunderclap+1","Heavy Blade+1"],"picked":"Ghostly Armor+1","floor":46},{"not_picked":["Anger","Heavy Blade"],"picked":"Inflame+1","floor":47}],"player_experience":395783,"relics_obtained":[{"floor":6,"key":"Pen Nib"},{"floor":9,"key":"Meat on the Bone"},{"floor":13,"key":"Du-Vu Doll"},{"floor":23,"key":"Happy Flower"},{"floor":26,"key":"Dead Branch"},{"floor":39,"key":"Torii"},{"floor":43,"key":"Boot"}],"event_choices":[{"event_name":"Golden Idol","player_choice":"Take Wound","floor":3,"damage_taken":0},{"event_name":"Living Wall","player_choice":"Grow","floor":4,"damage_taken":0},{"event_name":"Accursed Blacksmith","player_choice":"Rummage","floor":22,"damage_taken":0},{"event_name":"Addict","player_choice":"Ignored","floor":30,"damage_taken":0},{"event_name":"MindBloom","player_choice":"Gold","floor":37,"damage_taken":0},{"event_name":"Mysterious Sphere","player_choice":"Fight","floor":39,"damage_taken":0},{"event_name":"SecretPortal","player_choice":"Took Portal.","floor":48,"damage_taken":0}],"boss_relics":[{"not_picked":["Coffee Dripper","Sozu"],"picked":"Snecko Eye"},{"not_picked":["Velvet Choker","White Beast Statue"],"picked":"Cursed Key"}],"items_purged_floors":[],"is_endless":false,"potions_floor_spawned":[5,6,13,14,16,31,33,35,46],"killed_by":"Awakened One","ascension_level":3}