{"gold_per_floor":[115,135,152,152,162,162,197,197,223,248,248,266,266,266],"floor_reached":14,"playtime":393,"items_purged":[],"score":200,"play_id":"92b43925-a1e1-4aa2-b2ee-182adc606714","local_time":"20190622161406","is_ascension_mode":true,"campfire_choices":[{"data":"Twin Strike","floor":6.0,"key":"SMITH"},{"data":"Sword Boomerang","floor":8,"key":"SMITH"},{"floor":13,"key":"REST"}],"neow_cost":"TEN_PERCENT_HP_LOSS","seed_source_timestamp":944062000194154,"circlet_count":0,"master_deck":["AscendersBane","Strike_R","Strike_R","Strike_R","Strike_R","Strike_R","Defend_R","Defend_R","Defend_R","Defend_R","Bash","Reaper","Iron Wave","Thunderclap","Twin Strike+1","Sword Boomerang+1"],"special_seed":0,"relics":["Burning Blood","Oddly Smooth Stone","Bag of Preparation","Anchor","CultistMask"],"potions_floor_usage":[7,7],"damage_taken":[{"damage":19.0,"enemies":"Small Slimes","floor":1.0,"turns":6.0},{"damage":8.0,"enemies":"Cultist","floor":2.0,"turns":5.0},{"damage":15.0,"enemies":"2 Louse","floor":3.0,"turns":2.0},{"damage":20.0,"enemies":"Blue Slaver","floor":5.0,"turns":8.0},{"damage":30,"enemies":"Lagavulin","floor":7,"turns":5},{"damage":32,"enemies":"Gremlin Nob","floor":10,"turns":4},{"damage":0,"enemies":"Large Slime","floor":12,"turns":4},{"damage":66,"enemies":"Lagavulin","floor":14,"turns":6}],"seed_played":"-4395189821853983627","potions_obtained":[{"floor":1.0,"key":"Explosive Potion"},{"floor":5.0,"key":"FearPotion"}],"is_trial":false,"path_per_floor":["M","M","M","?","M","R","E","R","T","E","?","M","R","E"],"character_chosen":"IRONCLAD","items_purchased":[],"campfire_rested":1,"item_purchase_floors":[],"current_hp_per_floor":[61,65,66,66,58,58,37,37,37,11,11,29,49,0],"gold":266,"neow_bonus":"THREE_RARE_CARDS","is_prod":false,"is_daily":false,"chose_seed":false,"campfire_upgraded":2,"win_rate":0,"timestamp":1561245246,"path_taken":["M","M","M","?","M","R","E","R","T","E","?","M","R","E"],"build_version":"2019-01-23","purchased_purges":0,"victory":false,"max_hp_per_floor":[68,68,68,68,68,68,68,68,68,68,68,68,68,68],"card_choices":[{"not_picked":["Brutality","Demon Form"],"picked":"Reaper","floor":0.0},{"not_picked":["Ghostly Armor","Clothesline"],"picked":"Iron Wave","floor":1.0},{"not_picked":["Havoc","Iron Wave","Perfected Strike"],"picked":"SKIP","floor":2.0},{"not_picked":["Corruption","Rage"],"picked":"Thunderclap","floor":3.0},{"not_picked":["Rupture","Wild Strike"],"picked":"Twin Strike","floor":5.0},{"not_picked":["Rage","Burning Pact"],"picked":"Sword Boomerang","floor":7},{"not_picked":["Reckless Charge","Perfected Strike","Whirlwind"],"picked":"SKIP","floor":10},{"not_picked":["Second Wind","Iron Wave","Body Slam"],"picked":"SKIP","floor":12}],"player_experience":805356,"relics_obtained":[{"floor":7,"key":"Oddly Smooth Stone"},{"floor":9,"key":"Bag of Preparation"},{"floor":10,"key":"Anchor"}],"event_choices":[{"damage_healed":0.0,"max_hp_gain":0.0,"max_hp_loss":0.0,"gold_gain":0.0,"event_name":"Liars Game","player_choice":"Ignored","floor":4.0,"gold_loss":0.0,"damage_taken":0.0},{"damage_healed":0,"gold_gain":0,"player_choice":"Trade","damage_taken":0,"relics_obtained":["CultistMask"],"max_hp_gain":0,"max_hp_loss":0,"event_name":"FaceTrader","floor":11,"gold_loss":0}],"is_beta":false,"boss_relics":[],"items_purged_floors":[],"is_endless":false,"potions_floor_spawned":[1,5],"killed_by":"Lagavulin","ascension_level":20}