{"path_per_floor":["M","?","?","?","M","E","R","M","T","E","R","M","?","M","R","B",null,"M","?","$","?","M","$","M","M","T","R","$","M","M","M","R"],"character_chosen":"IRONCLAD","items_purchased":["Mercury Hourglass","Flex"],"gold_per_floor":[118,68,68,68,79,104,104,121,171,200,200,212,212,236,236,357,357,382,297,49,49,63,16,29,42,42,42,42,57,76,96,96,96],"floor_reached":33,"campfire_rested":3,"playtime":1337,"current_hp_per_floor":[78,78,83,83,84,85,85,85,85,58,83,79,79,78,78,44,85,85,85,85,85,61,61,44,41,41,66,66,66,60,58,83,0],"items_purged":[],"gold":96,"score":284,"play_id":"f7b4ee19-b75a-4288-942c-c6fc7ad957c8","local_time":"20180422185552","is_prod":false,"is_daily":false,"chose_seed":false,"is_ascension_mode":false,"campfire_upgraded":2,"timestamp":1524437752,"path_taken":["M","?","?","?","M","E","R","M","T","E","R","M","?","M","R","BOSS","M","?","?","?","M","$","M","M","T","R","$","M","?","M","R","BOSS"],"build_version":"2018-04-19","seed_source_timestamp":607695503776108,"purchased_purges":0,"victory":false,"master_deck":["Strike_R","Strike_R","Strike_R","Defend_R","Defend_R","Defend_R","Defend_R","Bash","Immolate+1","Shrug It Off","Body Slam","Feel No Pain","Havoc","Limit Break","Burning Pact+1","Thunderclap","Injury","Thunderclap","Demon Form","Thunderclap","Iron Wave","Flex","Shockwave","Feel No Pain","Cleave+1","Iron Wave"],"max_hp_per_floor":[80,80,85,85,85,85,85,85,85,85,85,85,85,85,85,85,85,85,85,85,85,85,85,85,85,85,85,85,85,85,85,85,85],"relics":["Black Blood","Bag of Marbles","Dream Catcher","Bag of Preparation","Golden Idol","Blood Vial","Mercury Hourglass","Blue Candle"],"card_choices":[{"not_picked":["Power Through","Headbutt"],"picked":"Shrug It Off","floor":1},{"not_picked":["Thunderclap","Headbutt"],"picked":"Body Slam","floor":5},{"not_picked":["Twin Strike","Iron Wave"],"picked":"Feel No Pain","floor":6},{"not_picked":["Clash","Searing Blow"],"picked":"Havoc","floor":8},{"not_picked":["Searing Blow","Anger"],"picked":"Limit Break","floor":10},{"not_picked":["Pommel Strike","Fire Breathing"],"picked":"Burning Pact","floor":11},{"not_picked":["Battle Trance","Armaments"],"picked":"Thunderclap","floor":12},{"not_picked":["Hemokinesis","Havoc"],"picked":"Thunderclap","floor":14},{"not_picked":["Impervious","Feed"],"picked":"Demon Form","floor":16},{"not_picked":["Anger","Perfected Strike"],"picked":"Thunderclap","floor":18},{"not_picked":["Corruption","Headbutt"],"picked":"Iron Wave","floor":22},{"not_picked":["Headbutt","Sword Boomerang"],"picked":"Shockwave","floor":25},{"not_picked":["Warcry","Body Slam"],"picked":"Feel No Pain","floor":27},{"not_picked":["Hemokinesis","Offering"],"picked":"Cleave","floor":29},{"not_picked":["Cleave","Anger"],"picked":"Iron Wave","floor":32}],"player_experience":708949,"potions_floor_usage":[6,10,16,18,25,25,31,33],"damage_taken":[{"damage":8,"enemies":"Jaw Worm","floor":1,"turns":3},{"damage":5,"enemies":"Small Slimes","floor":5,"turns":3},{"damage":0,"enemies":"3 Sentries","floor":6,"turns":5},{"damage":6,"enemies":"2 Louse","floor":8,"turns":2},{"damage":33,"enemies":"Lagavulin","floor":10,"turns":7},{"damage":10,"enemies":"Exordium Thugs","floor":12,"turns":2},{"damage":7,"enemies":"Blue Slaver","floor":14,"turns":3},{"damage":40,"enemies":"Slime Boss","floor":16,"turns":10},{"damage":10,"enemies":"3 Byrds","floor":18,"turns":4},{"damage":34,"enemies":"Shell Parasite","floor":22,"turns":4},{"damage":29,"enemies":"Snake Plant","floor":24,"turns":5},{"damage":15,"enemies":"Cultist and Chosen","floor":25,"turns":5},{"damage":12,"enemies":"Centurion and Healer","floor":29,"turns":4},{"damage":18,"enemies":"3 Cultists","floor":30,"turns":3},{"damage":23,"enemies":"Snecko","floor":31,"turns":4},{"damage":85,"enemies":"Collector","floor":33,"turns":8}],"event_choices":[{"event_name":"The Cleric","player_choice":"Card Removal","floor":2,"damage_taken":0},{"event_name":"Big Fish","player_choice":"Donut","floor":3,"damage_taken":0},{"event_name":"Living Wall","player_choice":"Forget","floor":4,"damage_taken":0},{"event_name":"Golden Idol","player_choice":"Take Wound","floor":13,"damage_taken":0},{"event_name":"Addict","player_choice":"Obtained Relic","floor":19,"damage_taken":0},{"event_name":"Drug Dealer","player_choice":"Ignored","floor":21,"damage_taken":0}],"boss_relics":[{"not_picked":["Mark of Pain","Runic Cube"],"picked":"Black Blood"}],"potions_floor_spawned":[1,6,12,16,18,22,30,31],"seed_played":"4631143038377687120","killed_by":"Collector","ascension_level":0,"is_trial":false}