{"gold_per_floor":[109,33,43,121,45,78,160,186,186,212,212,212,212,230,230,303,303,322,247,247,32,46,71,71,99,99,99,428,443,455,467,467,543,543,561,246,256,256,256,256,283,301,326,343,354,381,17,51,51,51],"floor_reached":50,"playtime":1969,"items_purged":["Regret","Strike_R"],"score":1387,"play_id":"1a6c6262-e0f4-40d6-9d7e-b570903d37fe","local_time":"20190531190500","is_ascension_mode":true,"campfire_choices":[{"data":"Immolate","floor":12.0,"key":"SMITH"},{"data":"Dual Wield","floor":15.0,"key":"SMITH"},{"floor":24.0,"key":"RECALL"},{"floor":32.0,"key":"REST"},{"floor":40.0,"key":"REST"},{"floor":49.0,"key":"REST"}],"neow_cost":"NONE","seed_source_timestamp":816260517650455,"circlet_count":0,"master_deck":["AscendersBane","Strike_R","Strike_R+1","Defend_R","Defend_R","Defend_R","Defend_R","Bash+1","Pummel+1","Pummel","Dual Wield+1","Twin Strike","Flex+1","Battle Trance","Dropkick","Immolate+1","Thunderclap","Fiend Fire+1","Armaments+1","Inflame","Warcry+1","Pummel","Spot Weakness"],"special_seed":0,"relics":["Burning Blood","Meat on the Bone","Letter Opener","Bag of Preparation","Oddly Smooth Stone","Anchor","Gremlin Horn","Fusion Hammer","Sling","Centennial Puzzle","Matryoshka","Darkstone Periapt","Blue Candle","Old Coin","Busted Crown","Du-Vu Doll","PreservedInsect","Regal Pillow","Whetstone","Pear","Self Forming Clay","Sundial"],"potions_floor_usage":[50,50],"damage_taken":[{"damage":2.0,"enemies":"Cultist","floor":1.0,"turns":4.0},{"damage":8.0,"enemies":"Jaw Worm","floor":3.0,"turns":6.0},{"damage":45.0,"enemies":"3 Sentries","floor":6.0,"turns":9.0},{"damage":8.0,"enemies":"Gremlin Nob","floor":8.0,"turns":3.0},{"damage":24.0,"enemies":"3 Sentries","floor":10.0,"turns":5.0},{"damage":0.0,"enemies":"Small Slimes","floor":14.0,"turns":1.0},{"damage":12.0,"enemies":"Slime Boss","floor":16.0,"turns":6.0},{"damage":0.0,"enemies":"Spheric Guardian","floor":18.0,"turns":1.0},{"damage":0.0,"enemies":"2 Thieves","floor":22.0,"turns":2.0},{"damage":0.0,"enemies":"Book of Stabbing","floor":23.0,"turns":2.0},{"damage":8.0,"enemies":"Gremlin Leader","floor":25.0,"turns":2.0},{"damage":9.0,"enemies":"Book of Stabbing","floor":28.0,"turns":3.0},{"damage":18.0,"enemies":"Cultist and Chosen","floor":29.0,"turns":4.0},{"damage":2.0,"enemies":"Snake Plant","floor":30.0,"turns":3.0},{"damage":0.0,"enemies":"3 Cultists","floor":31.0,"turns":1.0},{"damage":71.0,"enemies":"Automaton","floor":33.0,"turns":7.0},{"damage":0.0,"enemies":"3 Darklings","floor":35.0,"turns":2.0},{"damage":0.0,"enemies":"Orb Walker","floor":37.0,"turns":1.0},{"damage":6.0,"enemies":"Nemesis","floor":41.0,"turns":3.0},{"damage":6.0,"enemies":"Jaw Worm Horde","floor":42.0,"turns":3.0},{"damage":6.0,"enemies":"Writhing Mass","floor":44.0,"turns":3.0},{"damage":1.0,"enemies":"4 Shapes","floor":45.0,"turns":3.0},{"damage":0.0,"enemies":"Reptomancer","floor":46.0,"turns":2.0},{"damage":0.0,"enemies":"Giant Head","floor":48.0,"turns":4.0},{"damage":115,"enemies":"Awakened One","floor":50,"turns":8}],"seed_played":"-7490392667918748280","potions_obtained":[{"floor":1.0,"key":"GamblersBrew"},{"floor":6.0,"key":"Ancient Potion"},{"floor":8.0,"key":"Ancient Potion"},{"floor":16.0,"key":"Swift Potion"},{"floor":22.0,"key":"LiquidBronze"},{"floor":23.0,"key":"Block Potion"},{"floor":29.0,"key":"Regen Potion"},{"floor":44.0,"key":"EssenceOfSteel"}],"is_trial":false,"path_per_floor":["M","$","M","?","$","E","T","E","T","E","?","R","?","M","R","B",null,"M","$","?","$","M","E","R","E","T","?","E","M","M","M","R","B",null,"M","$","M","?","?","R","E","M","T","M","M","E","$","E","R","B"],"character_chosen":"IRONCLAD","items_purchased":["Pummel","Twin Strike","Flex","Sling","Du-Vu Doll","Self Forming Clay"],"campfire_rested":3,"item_purchase_floors":[2,5,5,21,36,47],"current_hp_per_floor":[72,72,70,70,70,31,31,41,41,35,35,35,35,53,53,47,68,74,74,74,74,75,75,75,73,73,73,70,58,71,75,75,22,62,68,68,74,74,74,75,75,75,75,75,75,85,85,85,85,0],"gold":51,"neow_bonus":"UPGRADE_CARD","is_prod":false,"is_daily":false,"chose_seed":false,"campfire_upgraded":2,"win_rate":0,"timestamp":1559322300,"path_taken":["M","?","?","?","$","E","?","E","T","E","?","R","?","M","R","BOSS","M","$","?","?","M","E","R","E","T","?","E","?","M","M","R","BOSS","M","$","M","?","?","R","E","M","T","?","M","E","$","E","R","BOSS"],"build_version":"2019-01-23","purchased_purges":2,"victory":false,"max_hp_per_floor":[75,75,75,75,75,75,75,75,75,75,75,75,75,75,75,75,75,75,75,75,75,75,75,75,75,75,75,75,75,75,75,75,75,75,75,75,75,75,75,75,75,75,75,75,75,85,85,85,85,85],"card_choices":[{"not_picked":["True Grit","Blood for Blood"],"picked":"Pummel","floor":1.0},{"not_picked":["Power Through","Heavy Blade"],"picked":"Dual Wield","floor":3.0},{"not_picked":["Rage","Berserk"],"picked":"Battle Trance","floor":6.0},{"not_picked":["Carnage","Headbutt"],"picked":"Dropkick","floor":8.0},{"not_picked":["Thunderclap","Anger"],"picked":"Immolate","floor":10.0},{"not_picked":["Shrug It Off","Wild Strike"],"picked":"Thunderclap","floor":14.0},{"not_picked":["Exhume","Offering"],"picked":"Fiend Fire","floor":16.0},{"not_picked":["Spot Weakness","Heavy Blade"],"picked":"Armaments+1","floor":18.0},{"not_picked":["Havoc","True Grit","Cleave"],"picked":"SKIP","floor":22.0},{"not_picked":["Ghostly Armor","Seeing Red","Shrug It Off"],"picked":"SKIP","floor":23.0},{"not_picked":["Flex","Havoc","Clash"],"picked":"SKIP","floor":25.0},{"not_picked":["Reckless Charge","Intimidate","Feel No Pain"],"picked":"SKIP","floor":28.0},{"not_picked":["Cleave","Headbutt","Sword Boomerang"],"picked":"SKIP","floor":29.0},{"not_picked":["Evolve","Corruption"],"picked":"Warcry+1","floor":30.0},{"not_picked":["Body Slam","Shrug It Off"],"picked":"Pummel","floor":31.0},{"not_picked":[],"picked":"Spot Weakness","floor":35.0},{"not_picked":["True Grit"],"picked":"SKIP","floor":37.0},{"not_picked":["Fire Breathing"],"picked":"SKIP","floor":41.0},{"not_picked":["Whirlwind"],"picked":"SKIP","floor":42.0},{"not_picked":["Shrug It Off"],"picked":"SKIP","floor":44.0},{"not_picked":["Clothesline"],"picked":"SKIP","floor":45.0},{"not_picked":["Armaments"],"picked":"SKIP","floor":46.0},{"not_picked":["Armaments+1"],"picked":"SKIP","floor":48.0}],"player_experience":570250,"relics_obtained":[{"floor":6.0,"key":"Meat on the Bone"},{"floor":7.0,"key":"Letter Opener"},{"floor":8.0,"key":"Bag of Preparation"},{"floor":9.0,"key":"Oddly Smooth Stone"},{"floor":10.0,"key":"Anchor"},{"floor":23.0,"key":"Centennial Puzzle"},{"floor":25.0,"key":"Matryoshka"},{"floor":26.0,"key":"Darkstone Periapt"},{"floor":26.0,"key":"Blue Candle"},{"floor":28.0,"key":"Old Coin"},{"floor":41.0,"key":"PreservedInsect"},{"floor":43.0,"key":"Regal Pillow"},{"floor":43.0,"key":"Whetstone"},{"floor":46.0,"key":"Pear"},{"floor":48.0,"key":"Sundial"}],"event_choices":[{"damage_healed":0.0,"max_hp_gain":0.0,"max_hp_loss":0.0,"gold_gain":78.0,"event_name":"Golden Wing","player_choice":"Gained Gold","floor":4.0,"gold_loss":0.0,"damage_taken":0.0},{"damage_healed":0.0,"max_hp_gain":0.0,"max_hp_loss":0.0,"gold_gain":0.0,"event_name":"Big Fish","player_choice":"Box","floor":11.0,"gold_loss":0.0,"damage_taken":0.0,"relics_obtained":["Gremlin Horn"],"cards_obtained":["Regret"]},{"damage_healed":0.0,"max_hp_gain":0.0,"max_hp_loss":0.0,"gold_gain":0.0,"event_name":"Upgrade Shrine","player_choice":"Upgraded","floor":13.0,"gold_loss":0.0,"damage_taken":0.0,"cards_upgraded":["Flex"]},{"damage_healed":0.0,"max_hp_gain":0.0,"max_hp_loss":0.0,"gold_gain":0.0,"cards_transformed":["Strike_R"],"event_name":"Transmorgrifier","player_choice":"Transformed","floor":20.0,"gold_loss":0.0,"damage_taken":0.0,"cards_obtained":["Inflame"]},{"damage_healed":0.0,"max_hp_gain":0.0,"max_hp_loss":0.0,"gold_gain":0.0,"event_name":"Upgrade Shrine","player_choice":"Upgraded","floor":27.0,"gold_loss":0.0,"damage_taken":0.0,"cards_upgraded":["Fiend Fire"]},{"cards_removed":["Strike_R"],"damage_healed":0.0,"max_hp_gain":0.0,"max_hp_loss":0.0,"gold_gain":0.0,"event_name":"Falling","player_choice":"Removed Attack","floor":38.0,"gold_loss":0.0,"damage_taken":0.0},{"damage_healed":0.0,"max_hp_gain":0.0,"max_hp_loss":0.0,"gold_gain":0.0,"event_name":"SecretPortal","player_choice":"Ignored","floor":39.0,"gold_loss":0.0,"damage_taken":0.0}],"is_beta":false,"boss_relics":[{"not_picked":["Runic Cube","Cursed Key"],"picked":"Fusion Hammer"},{"not_picked":["Black Blood","Coffee Dripper"],"picked":"Busted Crown"}],"items_purged_floors":[19,47],"is_endless":false,"potions_floor_spawned":[1,6,8,16,22,23,25,29,44,45,46,48],"killed_by":"Awakened One","ascension_level":20}