{"gold_per_floor":[114,129,144,2,17,47,47,77,77,107,107,33,48,378,378,478,478,493,493,493,508,423,453,453,354,379,70,85,115,115,145,145,245,245,260,32,47,47,1046,1076,1076,1091,1116,1131,1146,1146,1161,1191,1191,1191],"floor_reached":50,"playtime":3087,"items_purged":[],"score":838,"play_id":"b0660694-2a4b-46b9-baca-e5d850c5fc7c","local_time":"20180712210151","daily_mods":["Heirloom","Elite Swarm","Binary"],"is_ascension_mode":false,"campfire_choices":[{"floor":7,"key":"REST"},{"floor":15,"key":"REST"},{"floor":24,"key":"REST"},{"floor":30,"key":"REST"},{"floor":32,"key":"REST"},{"floor":41,"key":"REST"},{"floor":49,"key":"REST"}],"neow_cost":"","seed_source_timestamp":0,"circlet_count":0,"master_deck":["Defend_G","Defend_G","Defend_G+1","Defend_G+1","Defend_G","Strike_G","Strike_G","Strike_G","Strike_G","Strike_G","Survivor","Neutralize","Dagger Spray","Dagger Throw","PiercingWail","Die Die Die","Terror","After Image","Storm of Steel","Die Die Die","Parasite","Infinite Blades","Malaise","Die Die Die","Phantasmal Killer","Parasite","Injury","Shame","Noxious Fumes","Noxious Fumes","Endless Agony","Setup","Storm of Steel","Deadly Poison","Mind Blast","Panache","Dash","Slice","Flying Knee+1","Tools of the Trade","Infinite Blades","Storm of Steel","PiercingWail+1","Predator","Magnetism","Choke","Blade Dance+1","Normality","Normality","A Thousand Cuts","Accuracy+1","Reflex+1","Calculated Gamble+1","Dagger Spray+1","Mayhem","Deep Breath","Magnetism","Reflex","After Image","Outmaneuver"],"special_seed":17725,"relics":["Ring of the Snake","Bird Faced Urn","Regal Pillow","Bag of Preparation","Shuriken","Ginger","Old Coin","Calling Bell","Dream Catcher","Matryoshka","The Specimen","Gremlin Horn","Darkstone Periapt","Centennial Puzzle","War Paint","Anchor","Oddly Smooth Stone","HoveringKite","Dodecahedron","Boot","Snake Skull","Ninja Scroll"],"potions_floor_usage":[5,10,14,16,28,29,33,40,42,44,48,48,50],"damage_taken":[{"damage":0,"enemies":"2 Louse","floor":1,"turns":3},{"damage":0,"enemies":"Jaw Worm","floor":2,"turns":4},{"damage":0,"enemies":"Cultist","floor":3,"turns":4},{"damage":5,"enemies":"Large Slime","floor":5,"turns":8},{"damage":20,"enemies":"Lagavulin","floor":6,"turns":9},{"damage":30,"enemies":"Gremlin Nob","floor":8,"turns":4},{"damage":8,"enemies":"3 Sentries","floor":10,"turns":3},{"damage":10,"enemies":"2 Fungi Beasts","floor":13,"turns":3},{"damage":14,"enemies":"Lagavulin","floor":14,"turns":5},{"damage":16,"enemies":"Hexaghost","floor":16,"turns":9},{"damage":17,"enemies":"Shell Parasite","floor":18,"turns":5},{"damage":16,"enemies":"3 Byrds","floor":21,"turns":4},{"damage":0,"enemies":"Gremlin Leader","floor":23,"turns":5},{"damage":10,"enemies":"Sentry and Sphere","floor":28,"turns":4},{"damage":62,"enemies":"Book of Stabbing","floor":29,"turns":6},{"damage":47,"enemies":"Slavers","floor":31,"turns":4},{"damage":45,"enemies":"Champ","floor":33,"turns":11},{"damage":23,"enemies":"3 Darklings","floor":35,"turns":6},{"damage":20,"enemies":"3 Shapes","floor":37,"turns":2},{"damage":31,"enemies":"Nemesis","floor":40,"turns":5},{"damage":28,"enemies":"3 Darklings","floor":42,"turns":3},{"damage":0,"enemies":"Sphere and 2 Shapes","floor":44,"turns":3},{"damage":11,"enemies":"4 Shapes","floor":45,"turns":2},{"damage":23,"enemies":"3 Darklings","floor":47,"turns":3},{"damage":9,"enemies":"Giant Head","floor":48,"turns":7},{"damage":66,"enemies":"Awakened One","floor":50,"turns":6}],"seed_played":"5986081896675769642","potions_obtained":[{"floor":1,"key":"Ancient Potion"},{"floor":2,"key":"Weak Potion"},{"floor":8,"key":"AttackPotion"},{"floor":10,"key":"Ancient Potion"},{"floor":13,"key":"Regen Potion"},{"floor":14,"key":"SpeedPotion"},{"floor":21,"key":"GhostInAJar"},{"floor":28,"key":"Poison Potion"},{"floor":31,"key":"AttackPotion"},{"floor":40,"key":"EssenceOfSteel"},{"floor":42,"key":"Block Potion"},{"floor":44,"key":"GhostInAJar"},{"floor":47,"key":"SkillPotion"}],"is_trial":false,"path_per_floor":["M","M","M","$","M","E","R","E","T","E","?","$","M","E","R","B",null,"M","?","?","M","?","E","R","$","T","$","M","E","R","E","R","B",null,"M","$","M","?","?","E","R","M","T","M","M","?","M","E","R"],"character_chosen":"THE_SILENT","items_purchased":["Die Die Die","Infinite Blades","Mind Blast","Panache","Dash","Slice","Magnetism","Choke"],"campfire_rested":7,"item_purchase_floors":[4,12,25,27,27,27,36,36],"current_hp_per_floor":[70,70,70,70,65,45,70,40,40,34,51,51,43,47,70,54,70,55,55,55,43,43,51,70,70,70,70,64,8,44,1,37,4,70,53,53,35,35,47,30,69,47,47,47,42,32,13,18,57,0],"gold":1191,"neow_bonus":"","is_prod":false,"is_daily":true,"chose_seed":false,"campfire_upgraded":0,"win_rate":0,"timestamp":1531443711,"path_taken":["M","M","M","$","M","E","R","E","T","E","?","$","?","E","R","BOSS","M","?","?","M","?","E","R","?","T","$","M","E","R","E","R","BOSS","M","$","M","?","?","E","R","M","T","M","?","?","M","E","R","BOSS"],"build_version":"2018-07-12","purchased_purges":0,"victory":false,"max_hp_per_floor":[70,70,70,70,70,70,70,70,70,70,70,70,70,70,70,70,70,70,70,70,70,70,70,70,70,70,70,70,70,70,70,70,70,70,70,70,70,70,82,82,82,82,82,82,82,82,82,82,82,82],"card_choices":[{"not_picked":["Accuracy"],"picked":"Dagger Spray","floor":1},{"not_picked":["Masterful Stab"],"picked":"Dagger Throw","floor":2},{"not_picked":["Poisoned Stab"],"picked":"PiercingWail","floor":3},{"not_picked":["Dodge and Roll"],"picked":"Terror","floor":5},{"not_picked":["Burst"],"picked":"After Image","floor":6},{"not_picked":["Bullet Time"],"picked":"Storm of Steel","floor":8},{"not_picked":["Phantasmal Killer"],"picked":"Die Die Die","floor":10},{"not_picked":["Finisher"],"picked":"Malaise","floor":13},{"not_picked":["Wraith Form v2"],"picked":"Die Die Die","floor":14},{"not_picked":["Bullet Time"],"picked":"Phantasmal Killer","floor":16},{"not_picked":["Dagger Throw"],"picked":"Noxious Fumes","floor":18},{"not_picked":["Masterful Stab"],"picked":"Setup","floor":21},{"not_picked":["Tactician"],"picked":"Storm of Steel","floor":23},{"not_picked":["Deflect"],"picked":"Deadly Poison","floor":24},{"not_picked":["Riddle With Holes"],"picked":"Flying Knee+1","floor":28},{"not_picked":["Unload"],"picked":"Tools of the Trade","floor":29},{"not_picked":["Dagger Spray+1"],"picked":"Infinite Blades","floor":30},{"not_picked":["Tools of the Trade"],"picked":"Storm of Steel","floor":31},{"not_picked":["Choke"],"picked":"PiercingWail+1","floor":32},{"not_picked":["Tools of the Trade"],"picked":"Burst","floor":33},{"not_picked":["Dagger Spray+1"],"picked":"Predator","floor":35},{"not_picked":["Backstab+1"],"picked":"Blade Dance+1","floor":37},{"not_picked":["Storm of Steel"],"picked":"A Thousand Cuts","floor":40},{"not_picked":["Quick Slash+1"],"picked":"Accuracy+1","floor":41},{"not_picked":["Skewer"],"picked":"Reflex+1","floor":42},{"not_picked":["Terror+1"],"picked":"Calculated Gamble+1","floor":44},{"not_picked":["Expertise+1"],"picked":"Dagger Spray+1","floor":45},{"not_picked":["Dark Shackles"],"picked":"Mayhem","floor":46},{"not_picked":["Apotheosis"],"picked":"Deep Breath","floor":46},{"not_picked":["Blind"],"picked":"Magnetism","floor":46},{"not_picked":["Sucker Punch"],"picked":"Reflex","floor":47},{"not_picked":["Night Terror"],"picked":"After Image","floor":48},{"not_picked":["Quick Slash"],"picked":"Outmaneuver","floor":49}],"player_experience":407131,"relics_obtained":[{"floor":6,"key":"Regal Pillow"},{"floor":8,"key":"Bag of Preparation"},{"floor":9,"key":"Shuriken"},{"floor":10,"key":"Ginger"},{"floor":14,"key":"Old Coin"},{"floor":17,"key":"Dream Catcher"},{"floor":17,"key":"Matryoshka"},{"floor":17,"key":"The Specimen"},{"floor":23,"key":"Darkstone Periapt"},{"floor":26,"key":"Centennial Puzzle"},{"floor":26,"key":"War Paint"},{"floor":29,"key":"Anchor"},{"floor":31,"key":"Oddly Smooth Stone"},{"floor":40,"key":"Dodecahedron"},{"floor":43,"key":"Boot"},{"floor":43,"key":"Snake Skull"},{"floor":48,"key":"Ninja Scroll"}],"event_choices":[{"event_name":"Mushrooms","player_choice":"Healed and dodged fight","floor":11,"damage_taken":0},{"event_name":"The Library","player_choice":"Read","floor":19,"damage_taken":0},{"event_name":"Match and Keep!","player_choice":"1 cards matched","floor":20,"damage_taken":0},{"event_name":"Addict","player_choice":"Obtained Relic","floor":22,"damage_taken":0},{"event_name":"Falling","player_choice":"Removed Skill","floor":38,"damage_taken":0},{"event_name":"MindBloom","player_choice":"Gold","floor":39,"damage_taken":0},{"event_name":"SensoryStone","player_choice":"Memory 3","floor":46,"damage_taken":0}],"boss_relics":[{"not_picked":["Pandora\u0027s Box","Fusion Hammer"],"picked":"Calling Bell"},{"not_picked":["Snecko Eye","Sozu"],"picked":"HoveringKite"}],"items_purged_floors":[],"is_endless":false,"potions_floor_spawned":[1,2,8,10,13,14,21,28,31,40,42,44,47],"killed_by":"Awakened One","ascension_level":0}