{"gold_per_floor":[115,37,37,212,224,224,255,255,334,284,314,314,331,61,61,61],"floor_reached":16,"playtime":298,"items_purged":[],"score":164,"play_id":"9a20b686-358c-4519-91ff-b81ada19ab88","local_time":"20190506044357","is_ascension_mode":true,"campfire_choices":[{"data":"Rupture","floor":6,"key":"SMITH"},{"data":"Searing Blow+1","floor":8,"key":"SMITH"},{"data":"Corruption","floor":15,"key":"SMITH"}],"neow_cost":"NONE","seed_source_timestamp":1667770830066600,"circlet_count":0,"master_deck":["Strike_R","Strike_R","Strike_R","Strike_R","Strike_R","Defend_R","Defend_R","Defend_R","Defend_R","Bash","Body Slam+1","Searing Blow+2","Rupture+1","Burning Pact","Sentinel","Fiend Fire","Corruption+1"],"relics":["Burning Blood","NeowsBlessing","Bronze Scales","Sundial","Meat on the Bone","Dodecahedron","Strange Spoon"],"potions_floor_usage":[11],"damage_taken":[{"damage":0,"enemies":"Cultist","floor":1,"turns":1},{"damage":0,"enemies":"Small Slimes","floor":5,"turns":1},{"damage":0,"enemies":"Gremlin Nob","floor":7,"turns":1},{"damage":30,"enemies":"Lagavulin","floor":11,"turns":5},{"damage":1,"enemies":"2 Louse","floor":13,"turns":3},{"damage":63,"enemies":"Slime Boss","floor":16,"turns":6}],"seed_played":"216605829347673709","potions_obtained":[{"floor":5,"key":"Poison Potion"},{"floor":11,"key":"Ancient Potion"}],"is_trial":false,"path_per_floor":["M","$","?","?","M","R","E","R","T","?","E","T","M","$","R","B"],"character_chosen":"IRONCLAD","items_purchased":["Searing Blow","Strange Spoon","Corruption"],"campfire_rested":0,"item_purchase_floors":[2,14,14],"current_hp_per_floor":[80,80,64,64,70,70,76,76,76,76,52,52,57,57,57,0],"gold":61,"neow_bonus":"THREE_ENEMY_KILL","is_prod":false,"is_daily":false,"chose_seed":false,"campfire_upgraded":3,"win_rate":0,"timestamp":1557132237,"path_taken":["M","$","?","?","M","R","E","R","T","?","E","?","?","$","R","BOSS"],"build_version":"2019-04-23","purchased_purges":0,"victory":false,"max_hp_per_floor":[80,80,80,80,80,80,80,80,80,80,80,80,80,80,80,80],"card_choices":[{"not_picked":["Headbutt","Armaments"],"picked":"Body Slam","floor":1},{"not_picked":["Shrug It Off","Pommel Strike"],"picked":"Rupture","floor":5},{"not_picked":["Pommel Strike","Battle Trance"],"picked":"Burning Pact","floor":7},{"not_picked":["Rage","Shockwave"],"picked":"Sentinel","floor":11},{"not_picked":["Wild Strike","Anger"],"picked":"Fiend Fire","floor":13}],"player_experience":848634,"relics_obtained":[{"floor":7,"key":"Bronze Scales"},{"floor":9,"key":"Sundial"},{"floor":11,"key":"Meat on the Bone"},{"floor":12,"key":"Dodecahedron"}],"event_choices":[{"damage_healed":0,"gold_gain":0,"player_choice":"Entered Light","damage_taken":16,"max_hp_gain":0,"max_hp_loss":0,"event_name":"Shining Light","floor":3,"gold_loss":0,"cards_upgraded":["Body Slam","Searing Blow"]},{"damage_healed":0,"gold_gain":175,"player_choice":"AGREE","damage_taken":0,"max_hp_gain":0,"max_hp_loss":0,"event_name":"Liars Game","floor":4,"gold_loss":0,"cards_obtained":["Doubt"]},{"cards_removed":["Doubt"],"damage_healed":0,"gold_gain":0,"player_choice":"Card Removal","damage_taken":0,"max_hp_gain":0,"max_hp_loss":0,"event_name":"The Cleric","floor":10,"gold_loss":50}],"is_beta":true,"boss_relics":[],"items_purged_floors":[],"is_endless":false,"potions_floor_spawned":[5,11],"killed_by":"Slime Boss","ascension_level":5}