{"gold_per_floor":[113,10,20,20,38,38,65,65,65,78,88,88,107,37,37,138,138,108,108,108,23,40,40],"floor_reached":23,"playtime":994,"items_purged":[],"score":314,"play_id":"0f79a1ca-5761-47ed-939a-11bdf3dbef40","local_time":"20190606174302","is_ascension_mode":true,"campfire_choices":[{"data":"Zap","floor":6,"key":"SMITH"},{"data":"Aggregate","floor":8,"key":"SMITH"},{"floor":12,"key":"REST"},{"floor":15,"key":"RECALL"}],"neow_cost":"NONE","seed_source_timestamp":1382022735124200,"circlet_count":0,"master_deck":["Strike_B","Strike_B","Strike_B","Strike_B","Defend_B","Defend_B","Defend_B","Defend_B","Zap+1","Dualcast","Aggregate+1","Capacitor","Hologram","Echo Form","Defragment","Gash","Glacier","Melter","Amplify","Ghostly","Ghostly","Ghostly","Ghostly","Ghostly","Consume","Beam Cell"],"relics":["Cracked Core","NeowsBlessing","Pear","FossilizedHelix","Pen Nib","Philosopher\u0027s Stone","Oddly Smooth Stone"],"potions_floor_usage":[7,13,18],"damage_taken":[{"damage":0,"enemies":"Jaw Worm","floor":1,"turns":1},{"damage":0,"enemies":"Cultist","floor":3,"turns":1},{"damage":0,"enemies":"2 Louse","floor":5,"turns":1},{"damage":25,"enemies":"Lagavulin","floor":7,"turns":6},{"damage":0,"enemies":"Looter","floor":10,"turns":4},{"damage":12,"enemies":"Large Slime","floor":11,"turns":5},{"damage":0,"enemies":"Red Slaver","floor":13,"turns":2},{"damage":0,"enemies":"The Guardian","floor":16,"turns":11},{"damage":12,"enemies":"2 Thieves","floor":18,"turns":2},{"damage":0,"enemies":"Spheric Guardian","floor":22,"turns":3},{"damage":44,"enemies":"Gremlin Leader","floor":23,"turns":12}],"seed_played":"-8699861445748050451","potions_obtained":[{"floor":5,"key":"AttackPotion"},{"floor":11,"key":"SpeedPotion"},{"floor":16,"key":"SmokeBomb"}],"is_trial":false,"path_per_floor":["M","?","M","$","M","R","E","R","T","M","M","R","M","$","R","B",null,"M","?","?","?","M","E"],"character_chosen":"DEFECT","items_purchased":["Melter"],"campfire_rested":1,"item_purchase_floors":[14],"current_hp_per_floor":[75,85,85,85,85,85,60,60,60,60,48,73,73,73,73,73,85,73,42,42,42,42,0],"gold":40,"neow_bonus":"THREE_ENEMY_KILL","is_prod":false,"is_daily":false,"chose_seed":false,"campfire_upgraded":2,"win_rate":0,"timestamp":1559857382,"path_taken":["M","?","M","$","?","R","E","R","T","M","M","R","M","?","R","BOSS","M","?","?","?","M","E"],"build_version":"2019-06-05","purchased_purges":0,"victory":false,"max_hp_per_floor":[75,85,85,85,85,85,85,85,85,85,85,85,85,85,85,85,85,85,42,42,42,42,42],"card_choices":[{"not_picked":["Conserve Battery","Coolheaded"],"picked":"Aggregate","floor":1},{"not_picked":["Beam Cell","Storm"],"picked":"Capacitor","floor":3},{"not_picked":["Compile Driver","Tempest"],"picked":"Hologram","floor":5},{"not_picked":["Heatsinks","Cold Snap"],"picked":"Echo Form","floor":7},{"not_picked":["Turbo","Coolheaded"],"picked":"Defragment","floor":10},{"not_picked":["Aggregate","Beam Cell"],"picked":"Gash","floor":11},{"not_picked":["Gash","Chaos"],"picked":"Glacier","floor":13},{"not_picked":["Machine Learning","Buffer"],"picked":"Amplify","floor":16},{"not_picked":["Turbo","Conserve Battery"],"picked":"Beam Cell","floor":22}],"player_experience":1000728,"relics_obtained":[{"floor":7,"key":"FossilizedHelix"},{"floor":9,"key":"Pen Nib"}],"event_choices":[{"damage_healed":0,"gold_gain":0,"player_choice":"Paid Gold","damage_taken":0,"relics_obtained":["Pear"],"max_hp_gain":0,"max_hp_loss":0,"event_name":"WeMeetAgain","floor":2,"gold_loss":103},{"damage_healed":0,"gold_gain":0,"player_choice":"Became a Ghost","damage_taken":0,"max_hp_gain":0,"max_hp_loss":43,"event_name":"Ghosts","floor":19,"gold_loss":0,"cards_obtained":["Ghostly","Ghostly","Ghostly","Ghostly","Ghostly"]},{"damage_healed":0,"gold_gain":0,"player_choice":"Read","damage_taken":0,"max_hp_gain":0,"max_hp_loss":0,"event_name":"The Library","floor":20,"gold_loss":0,"cards_obtained":["Consume"]},{"damage_healed":0,"gold_gain":0,"player_choice":"Obtained Relic","damage_taken":0,"relics_obtained":["Oddly Smooth Stone"],"max_hp_gain":0,"max_hp_loss":0,"event_name":"Addict","floor":21,"gold_loss":85}],"is_beta":true,"boss_relics":[{"not_picked":["White Beast Statue","Black Star"],"picked":"Philosopher\u0027s Stone"}],"items_purged_floors":[],"is_endless":false,"potions_floor_spawned":[5,11,16],"killed_by":"Gremlin Leader","ascension_level":4}