{"path_per_floor":["M","?","?","M","?","R","M","M","T","R","M","R","M","M","R","B",null,"M","M"],"character_chosen":"IRONCLAD","items_purchased":[],"gold_per_floor":[119,294,294,314,379,379,392,408,456,456,468,468,480,493,493,590,590,602,617],"floor_reached":20,"campfire_rested":0,"playtime":1439,"current_hp_per_floor":[80,80,77,80,80,80,80,76,76,76,77,77,71,61,61,39,84,45,33],"items_purged":[],"gold":617,"score":168,"play_id":"ad5c6c2e-f3f6-47e9-af0a-c02baa27ea9e","local_time":"20180307022054","is_prod":false,"is_daily":false,"is_ascension_mode":false,"campfire_upgraded":4,"timestamp":1520407254,"path_taken":["M","?","?","?","?","R","M","M","T","R","M","R","M","M","R","BOSS","M","M","?"],"build_version":"2018-03-01-PROD1","purchased_purges":0,"victory":false,"master_deck":["Strike_R","Strike_R","Strike_R","Strike_R","Strike_R","Defend_R","Defend_R","Defend_R","Defend_R","Bash","Wild Strike","Doubt","Spot Weakness+1","Flex+1","Wild Strike","Feed+1","Infernal Blade+1","Pommel Strike","Demon Form","Sever Soul","Pummel"],"max_hp_per_floor":[80,80,80,80,80,80,80,80,80,80,80,80,80,84,84,84,84,84,84],"relics":["Burning Blood","Shuriken","Prayer Wheel","Mark of Pain"],"card_choices":[{"not_picked":["Headbutt","Twin Strike"],"picked":"Wild Strike"},{"not_picked":["Hemokinesis","Headbutt"],"picked":"Spot Weakness"},{"not_picked":["Seeing Red","Cleave"],"picked":"Flex"},{"not_picked":["Cleave","Twin Strike"],"picked":"Wild Strike"},{"not_picked":["Heavy Blade","Corruption"],"picked":"Feed"},{"not_picked":["Flame Barrier","Shrug It Off"],"picked":"Infernal Blade"},{"not_picked":["Dropkick","Second Wind"],"picked":"Pommel Strike"},{"not_picked":["Exhume","Fiend Fire"],"picked":"Demon Form"},{"not_picked":["Warcry","True Grit"],"picked":"Sever Soul"},{"not_picked":["Dropkick","Warcry"],"picked":"Pummel"}],"player_experience":293353,"potions_floor_usage":[7,13,16,19],"damage_taken":[{"damage":3,"enemies":"Small Slimes","floor":1,"turns":4},{"damage":2,"enemies":"2 Louse","floor":4,"turns":2},{"damage":3,"enemies":"Jaw Worm","floor":7,"turns":3},{"damage":10,"enemies":"3 Louse","floor":8,"turns":5},{"damage":5,"enemies":"Looter","floor":11,"turns":3},{"damage":12,"enemies":"Blue Slaver","floor":13,"turns":2},{"damage":20,"enemies":"Gremlin Gang","floor":14,"turns":4},{"damage":28,"enemies":"Slime Boss","floor":16,"turns":8},{"damage":45,"enemies":"3 Byrds","floor":18,"turns":7},{"damage":18,"enemies":"Chosen","floor":19,"turns":3},{"damage":39,"enemies":"Slaver and Parasite","floor":20,"turns":3}],"event_choices":[{"event_name":"Liars Game","player_choice":"agreed","floor":2,"damage_taken":0},{"event_name":"Scrap Ooze","player_choice":"success","floor":3,"damage_taken":3},{"event_name":"Golden Wing","player_choice":"Gained Gold","floor":5,"damage_taken":0}],"boss_relics":[{"not_picked":["Philosopher\u0027s Stone","Black Blood"],"picked":"Mark of Pain"}],"potions_floor_spawned":[4,11,14,18],"seed_played":"5810195860186828112","killed_by":"Slaver and Parasite","ascension_level":0,"is_trial":false}