{"gold_per_floor":[116,133,133,133,148,178,191,205,252,266,292,292],"floor_reached":12,"playtime":330,"items_purged":[],"score":86,"play_id":"2cad0203-0aff-4668-917a-2e0a576db036","local_time":"20180705052146","is_ascension_mode":true,"campfire_choices":[],"neow_cost":"FIFTY_PERCENT_DAMAGE","seed_source_timestamp":279521569951418,"circlet_count":0,"master_deck":["Strike_B","Strike_B","Strike_B","Strike_B","Defend_B","Defend_B","Defend_B","Zap","Dualcast","Electrodynamics","Turbo","Heatsinks","Reboot","Redo","Sunder","White Noise","Lockon","Self Repair"],"relics":["Cracked Core","Bronze Scales","Bottled Flame","Regal Pillow","Art of War"],"potions_floor_usage":[6,8,10],"damage_taken":[{"damage":0,"enemies":"2 Louse","floor":1,"turns":2},{"damage":12,"enemies":"Small Slimes","floor":2,"turns":3},{"damage":1,"enemies":"Jaw Worm","floor":5,"turns":2},{"damage":3,"enemies":"3 Sentries","floor":6,"turns":2},{"damage":0,"enemies":"Exordium Wildlife","floor":7,"turns":2},{"damage":18,"enemies":"Exordium Thugs","floor":8,"turns":3},{"damage":0,"enemies":"2 Fungi Beasts","floor":10,"turns":2},{"damage":32,"enemies":"Gremlin Nob","floor":12,"turns":3}],"seed_played":"-6649630718234973385","potions_obtained":[{"floor":2,"key":"FairyPotion"},{"floor":5,"key":"Explosive Potion"},{"floor":6,"key":"SpeedPotion"},{"floor":8,"key":"Swift Potion"}],"is_trial":false,"path_per_floor":["M","M","?","?","M","E","M","M","T","M","T"],"character_chosen":"DEFECT","items_purchased":[],"campfire_rested":0,"item_purchase_floors":[],"current_hp_per_floor":[38,26,23,23,22,19,19,1,1,1,1,0],"gold":292,"neow_bonus":"THREE_RARE_CARDS","is_prod":false,"is_daily":false,"chose_seed":false,"campfire_upgraded":0,"win_rate":0,"timestamp":1530782506,"path_taken":["M","M","?","?","?","E","M","M","T","M","?","E"],"build_version":"2018-07-04","purchased_purges":0,"victory":false,"max_hp_per_floor":[75,75,75,75,75,75,75,75,75,75,75,75],"card_choices":[{"not_picked":["Meteor Strike","Biased Cognition"],"picked":"Electrodynamics","floor":0},{"not_picked":["Beam Cell","Streamline"],"picked":"Turbo","floor":1},{"not_picked":["Go for the Eyes","Hello World"],"picked":"Heatsinks","floor":2},{"not_picked":["Reinforced Body","Barrage"],"picked":"Redo","floor":5},{"not_picked":["Barrage","Hello World"],"picked":"Sunder","floor":6},{"not_picked":["Coolheaded","Barrage"],"picked":"White Noise","floor":7},{"not_picked":["Reinforced Body","Turbo"],"picked":"Lockon","floor":8},{"not_picked":["Blizzard","Sweeping Beam"],"picked":"Self Repair","floor":10}],"player_experience":388236,"relics_obtained":[{"floor":6,"key":"Bottled Flame"},{"floor":9,"key":"Regal Pillow"},{"floor":11,"key":"Art of War"}],"event_choices":[{"event_name":"Scrap Ooze","player_choice":"success","floor":3,"damage_taken":3},{"event_name":"Living Wall","player_choice":"Change","floor":4,"damage_taken":0}],"boss_relics":[],"items_purged_floors":[],"is_endless":false,"potions_floor_spawned":[2,5,6,8],"killed_by":"Gremlin Nob","ascension_level":1}