{"gold_per_floor":[109,74,74,249,16,16,16,16,16,26,42,42,72,91,91,193,193,210,210,112,112,122,122,122],"floor_reached":24,"playtime":1317,"items_purged":[],"score":221,"play_id":"57ce8d16-d97a-4c08-baeb-7f8b015851d8","local_time":"20190305183213","is_ascension_mode":true,"campfire_choices":[{"data":"Consume","floor":6,"key":"SMITH"},{"floor":8,"key":"REST"},{"data":"Gash","floor":15,"key":"SMITH"},{"floor":23,"key":"REST"}],"neow_cost":"NONE","seed_source_timestamp":161520172555500,"circlet_count":0,"master_deck":["Strike_B","Strike_B","Strike_B","Strike_B","Defend_B","Defend_B","Defend_B","Defend_B","Zap","Dualcast","Consume+1","Doubt","Gash","Cold Snap","Pain","Rebound","Beam Cell","Gash+1","Self Repair","Creative AI","Storm+1","Injury","Storm","Cold Snap","Leap"],"relics":["White Beast Statue","Pen Nib","Blood Vial","WarpedTongs","Pantograph","Bronze Scales","Cursed Key","Kunai"],"potions_floor_usage":[11,13,13,14,16,18,21,24],"damage_taken":[{"damage":18,"enemies":"Small Slimes","floor":1,"turns":4},{"damage":2,"enemies":"2 Louse","floor":10,"turns":3},{"damage":3,"enemies":"Cultist","floor":11,"turns":3},{"damage":26,"enemies":"Lagavulin","floor":13,"turns":7},{"damage":10,"enemies":"Looter","floor":14,"turns":3},{"damage":50,"enemies":"Hexaghost","floor":16,"turns":9},{"damage":23,"enemies":"Spheric Guardian","floor":18,"turns":4},{"damage":36,"enemies":"Colosseum Slavers","floor":21,"turns":4},{"damage":23,"enemies":"Chosen","floor":22,"turns":4},{"damage":50,"enemies":"Masked Bandits","floor":24,"turns":3}],"seed_played":"8299547330279536569","potions_obtained":[{"floor":1,"key":"FocusPotion"},{"floor":10,"key":"Swift Potion"},{"floor":11,"key":"SkillPotion"},{"floor":13,"key":"Dexterity Potion"},{"floor":14,"key":"Energy Potion"},{"floor":16,"key":"Regen Potion"},{"floor":18,"key":"FearPotion"},{"floor":22,"key":"FearPotion"}],"is_trial":false,"path_per_floor":["M","?","?","?","$","R","?","R","T","M","M","?","E","M","R","B",null,"M","T","$","?","M","R","?"],"character_chosen":"DEFECT","items_purchased":["Blood Vial","Gash","Cold Snap","Storm","Cold Snap"],"campfire_rested":2,"item_purchase_floors":[5,5,5,20,20],"current_hp_per_floor":[57,75,50,50,50,50,50,72,72,72,71,71,47,39,39,23,75,64,64,64,37,16,38,0],"gold":122,"neow_bonus":"BOSS_RELIC","is_prod":false,"is_daily":false,"chose_seed":false,"campfire_upgraded":2,"win_rate":0,"timestamp":1551828733,"path_taken":["M","?","?","?","$","R","?","R","T","?","M","?","E","M","R","BOSS","M","?","$","?","M","R","?"],"build_version":"2019-02-06","purchased_purges":0,"victory":false,"max_hp_per_floor":[75,75,75,75,75,75,75,75,75,75,75,75,75,75,75,75,75,75,75,75,75,75,75,75],"card_choices":[{"not_picked":["Rebound","Streamline"],"picked":"Consume","floor":1},{"not_picked":["Turbo","Coolheaded"],"picked":"Rebound","floor":10},{"not_picked":["Steam","Barrage"],"picked":"Beam Cell","floor":11},{"not_picked":["Hologram","Beam Cell"],"picked":"Gash","floor":13},{"not_picked":["Hyperbeam","Leap"],"picked":"Self Repair","floor":14},{"not_picked":["Meteor Strike","Thunder Strike"],"picked":"Creative AI","floor":16},{"not_picked":["Streamline","Conserve Battery"],"picked":"Storm+1","floor":18},{"not_picked":["Redo","Turbo"],"picked":"Leap","floor":22}],"player_experience":749645,"relics_obtained":[{"floor":9,"key":"Pantograph"},{"floor":13,"key":"Bronze Scales"},{"floor":19,"key":"Kunai"}],"event_choices":[{"damage_healed":18,"gold_gain":0,"player_choice":"Healed","damage_taken":0,"max_hp_gain":0,"max_hp_loss":0,"event_name":"The Cleric","floor":2,"gold_loss":35},{"damage_healed":0,"gold_gain":0,"player_choice":"Success","damage_taken":25,"relics_obtained":["Pen Nib"],"max_hp_gain":0,"max_hp_loss":0,"event_name":"Scrap Ooze","floor":3,"gold_loss":0},{"damage_healed":0,"gold_gain":175,"player_choice":"AGREE","damage_taken":0,"max_hp_gain":0,"max_hp_loss":0,"event_name":"Liars Game","floor":4,"gold_loss":0,"cards_obtained":["Doubt"]},{"damage_healed":0,"gold_gain":0,"player_choice":"Rummage","damage_taken":0,"relics_obtained":["WarpedTongs"],"max_hp_gain":0,"max_hp_loss":0,"event_name":"Accursed Blacksmith","floor":7,"gold_loss":0,"cards_obtained":["Pain"]},{"damage_healed":0,"gold_gain":0,"player_choice":"Leave","damage_taken":0,"max_hp_gain":0,"max_hp_loss":0,"event_name":"FaceTrader","floor":12,"gold_loss":0},{"damage_healed":0,"gold_gain":0,"player_choice":"Fight","damage_taken":0,"max_hp_gain":0,"max_hp_loss":0,"event_name":"Colosseum","floor":21,"gold_loss":0},{"damage_healed":0,"gold_gain":0,"player_choice":"Fled From Nobs","damage_taken":0,"max_hp_gain":0,"max_hp_loss":0,"event_name":"Colosseum","floor":21,"gold_loss":0},{"damage_healed":0,"gold_gain":0,"player_choice":"Fought Bandits","damage_taken":0,"max_hp_gain":0,"max_hp_loss":0,"event_name":"Masked Bandits","floor":24,"gold_loss":0}],"is_beta":true,"boss_relics":[{"not_picked":["Runic Dome","Empty Cage"],"picked":"Cursed Key"}],"items_purged_floors":[],"is_endless":false,"potions_floor_spawned":[1,10,11,13,14,16,18,21,22],"killed_by":"Masked Bandits","ascension_level":3}