{"gold_per_floor":[112,127,147,297,297,297,331,331,354,354,377,377,38,54,54,144,144,168,87,102,102,118,118,159,180,180,180,216,216,240,279,279,373,373,388,451,784,884,896,929,929,929,929,929,929,140,140,151,151,151],"floor_reached":51,"playtime":2830,"items_purged":["Doubt","Injury"],"score":1276,"play_id":"56ee3aac-a79d-407f-924a-56d4dae305e2","local_time":"20190324155525","is_ascension_mode":true,"campfire_choices":[{"data":"Hyperbeam","floor":6.0,"key":"SMITH"},{"floor":12.0,"key":"REST"},{"data":"Loop","floor":15.0,"key":"SMITH"},{"floor":23.0,"key":"REST"},{"floor":27.0,"key":"REST"},{"data":"Self Repair","floor":29.0,"key":"SMITH"},{"data":"Auto Shields","floor":32.0,"key":"SMITH"},{"floor":41.0,"key":"DIG"},{"floor":42.0,"key":"DIG"},{"floor":44.0,"key":"DIG"},{"floor":47.0,"key":"REST"},{"floor":49.0,"key":"DIG"}],"neow_cost":"NONE","seed_source_timestamp":321022739751770,"circlet_count":0,"master_deck":["AscendersBane","Strike_B","Strike_B","Strike_B","Strike_B","Defend_B","Defend_B+1","Defend_B","Defend_B","Zap","Dualcast","Rebound+1","Conserve Battery","Hyperbeam+1","Leap+1","Loop+1","Echo Form","Self Repair+1","Auto Shields+1","Skim","Go for the Eyes+1","Reinforced Body+1","Steam+1","Echo Form","Conserve Battery+1","Seek","Secret Weapon"],"special_seed":0,"relics":["Nuclear Battery","Bronze Scales","Question Card","Art of War","Letter Opener","Sozu","Bottled Tornado","Darkstone Periapt","Strawberry","Turnip","Fusion Hammer","WingedGreaves","Shovel","Bottled Flame","The Courier","Ancient Tea Set","Whetstone","Bird Faced Urn","Kunai","Emotion Chip","Dodecahedron"],"potions_floor_usage":[],"damage_taken":[{"damage":3.0,"enemies":"2 Louse","floor":1.0,"turns":3.0},{"damage":7.0,"enemies":"Small Slimes","floor":2.0,"turns":4.0},{"damage":0.0,"enemies":"Jaw Worm","floor":3.0,"turns":4.0},{"damage":8.0,"enemies":"3 Sentries","floor":7.0,"turns":6.0},{"damage":0.0,"enemies":"Blue Slaver","floor":11.0,"turns":3.0},{"damage":5.0,"enemies":"Gremlin Gang","floor":14.0,"turns":3.0},{"damage":21.0,"enemies":"The Guardian","floor":16.0,"turns":10.0},{"damage":10.0,"enemies":"Spheric Guardian","floor":18.0,"turns":4.0},{"damage":24.0,"enemies":"2 Thieves","floor":20.0,"turns":4.0},{"damage":19.0,"enemies":"Chosen and Byrds","floor":22.0,"turns":6.0},{"damage":35.0,"enemies":"Slavers","floor":24.0,"turns":4.0},{"damage":4.0,"enemies":"Shelled Parasite and Fungi","floor":25.0,"turns":3.0},{"damage":2.0,"enemies":"Gremlin Leader","floor":28.0,"turns":5.0},{"damage":2.0,"enemies":"Snecko","floor":30.0,"turns":5.0},{"damage":23.0,"enemies":"Book of Stabbing","floor":31.0,"turns":7.0},{"damage":48.0,"enemies":"Collector","floor":33.0,"turns":14.0},{"damage":24.0,"enemies":"3 Darklings","floor":35.0,"turns":6.0},{"damage":29.0,"enemies":"2 Orb Walkers","floor":36.0,"turns":4.0},{"damage":0.0,"enemies":"Mind Bloom Boss Battle","floor":38.0,"turns":9.0},{"damage":11.0,"enemies":"3 Shapes","floor":39.0,"turns":4.0},{"damage":35.0,"enemies":"Giant Head","floor":40.0,"turns":13.0},{"damage":16.0,"enemies":"Spire Growth","floor":48.0,"turns":8.0},{"damage":68,"enemies":"Awakened One","floor":50,"turns":16}],"seed_played":"3172296355275778809","potions_obtained":[{"floor":1.0,"key":"PowerPotion"},{"floor":3.0,"key":"SkillPotion"},{"floor":11.0,"key":"LiquidBronze"},{"floor":14.0,"key":"PowerPotion"}],"is_trial":false,"path_per_floor":["M","M","M","?","?","R","E","?","T","?","M","R","$","M","R","B",null,"M","$","M","?","M","R","E","M","T","R","E","R","M","E","R","B",null,"M","?","?","?","M","E","R","R","T","R","?","$","R","M","R","B",null],"character_chosen":"DEFECT","items_purchased":["Letter Opener","Self Repair","Bird Faced Urn","Kunai","Emotion Chip"],"campfire_rested":4,"item_purchase_floors":[13,19,46,46,46],"current_hp_per_floor":[61,54,54,54,49,49,41,20,20,20,20,41,41,36,36,15,57,47,47,30,30,18,39,11,14,14,35,47,47,65,62,62,24,65,61,52,52,62,71,46,46,46,46,46,46,46,69,78,78,42],"gold":151,"neow_bonus":"BOSS_RELIC","is_prod":false,"is_daily":false,"chose_seed":false,"campfire_upgraded":4,"win_rate":0,"timestamp":1553439325,"path_taken":["M","M","M","?","?","R","E","?","T","?","?","R","$","M","R","BOSS","M","$","M","?","M","R","E","?","T","R","E","R","M","E","R","BOSS","M","?","?","?","?","E","R","R","T","R","?","$","R","M","R","BOSS"],"build_version":"2019-01-23","purchased_purges":2,"victory":true,"max_hp_per_floor":[71,71,71,71,71,71,71,71,71,71,71,71,71,71,71,71,71,71,71,71,71,71,71,71,71,71,71,78,78,78,78,78,78,78,78,78,78,78,78,78,78,78,78,78,78,78,78,78,78,78],"card_choices":[{"not_picked":["Conserve Battery","Fusion"],"picked":"Rebound","floor":1.0},{"not_picked":["Streamline","Turbo"],"picked":"Conserve Battery","floor":2.0},{"not_picked":["Doom and Gloom","Stack"],"picked":"Hyperbeam","floor":3.0},{"not_picked":["Streamline","Doom and Gloom"],"picked":"Leap","floor":7.0},{"not_picked":["Leap","Chaos","Consume"],"picked":"Loop","floor":11.0},{"not_picked":["Coolheaded","Sunder","Sweeping Beam","Redo"],"picked":"SKIP","floor":14.0},{"not_picked":["Reboot","Core Surge","Electrodynamics"],"picked":"Echo Form","floor":16.0},{"not_picked":["Blizzard+1","Compile Driver","Cold Snap","Streamline"],"picked":"SKIP","floor":18.0},{"not_picked":["Cold Snap","Rebound","Loop"],"picked":"Auto Shields","floor":20.0},{"not_picked":["Beam Cell","Sweeping Beam","Ball Lightning"],"picked":"Skim","floor":22.0},{"not_picked":["Lockon","Conserve Battery","Sweeping Beam"],"picked":"Go for the Eyes","floor":24.0},{"not_picked":["Force Field","Gash","Coolheaded+1"],"picked":"Reinforced Body+1","floor":25.0},{"not_picked":["Beam Cell","Multi-Cast","Ball Lightning","Doom and Gloom"],"picked":"SKIP","floor":28.0},{"not_picked":["Turbo","Conserve Battery","Sweeping Beam"],"picked":"Steam+1","floor":30.0},{"not_picked":["Genetic Algorithm","Fusion","Rebound","Barrage"],"picked":"SKIP","floor":31.0},{"not_picked":["Seek","Fission","Meteor Strike"],"picked":"Echo Form","floor":33.0},{"not_picked":["Conserve Battery+1","Beam Cell","Darkness","Barrage"],"picked":"SKIP","floor":35.0},{"not_picked":["Hello World","Go for the Eyes","Stack"],"picked":"Conserve Battery+1","floor":36.0},{"not_picked":["Hologram","Coolheaded+1","Storm"],"picked":"Seek","floor":38.0},{"not_picked":["Sweeping Beam","Darkness+1","Aggregate","Gash"],"picked":"SKIP","floor":39.0},{"not_picked":["Force Field","Rebound","Glacier","Thunder Strike"],"picked":"SKIP","floor":40.0},{"not_picked":["Impatience","Sadistic Nature","Violence"],"picked":"Secret Weapon","floor":45.0},{"not_picked":["Barrage","Doom and Gloom","Beam Cell+1","Glacier+1"],"picked":"SKIP","floor":48.0}],"player_experience":532350,"relics_obtained":[{"floor":7.0,"key":"Question Card"},{"floor":9.0,"key":"Art of War"},{"floor":24.0,"key":"Bottled Tornado"},{"floor":26.0,"key":"Darkstone Periapt"},{"floor":28.0,"key":"Strawberry"},{"floor":31.0,"key":"Turnip"},{"floor":36.0,"key":"WingedGreaves"},{"floor":38.0,"key":"Shovel"},{"floor":40.0,"key":"Bottled Flame"},{"floor":41.0,"key":"The Courier"},{"floor":43.0,"key":"Ancient Tea Set"},{"floor":44.0,"key":"Whetstone"},{"floor":49.0,"key":"Dodecahedron"}],"event_choices":[{"damage_healed":0.0,"max_hp_gain":0.0,"max_hp_loss":0.0,"gold_gain":150.0,"event_name":"Liars Game","player_choice":"AGREE","floor":4.0,"gold_loss":0.0,"damage_taken":0.0,"cards_obtained":["Doubt"]},{"damage_healed":0.0,"max_hp_gain":0.0,"max_hp_loss":0.0,"gold_gain":0.0,"event_name":"Scrap Ooze","player_choice":"Success","floor":5.0,"gold_loss":0.0,"damage_taken":5.0,"relics_obtained":["Bronze Scales"]},{"damage_healed":0.0,"max_hp_gain":0.0,"max_hp_loss":0.0,"gold_gain":0.0,"event_name":"Shining Light","player_choice":"Entered Light","floor":8.0,"gold_loss":0.0,"damage_taken":21.0,"cards_upgraded":["Defend_B","Leap"]},{"damage_healed":0.0,"max_hp_gain":0.0,"max_hp_loss":0.0,"gold_gain":0.0,"event_name":"Golden Idol","player_choice":"Take Wound","floor":10.0,"gold_loss":0.0,"damage_taken":0.0,"relics_obtained":["Golden Idol"],"cards_obtained":["Injury"]},{"damage_healed":0.0,"max_hp_gain":0.0,"max_hp_loss":0.0,"gold_gain":0.0,"event_name":"N\u0027loth","player_choice":"Ignored","floor":21.0,"gold_loss":0.0,"damage_taken":0.0},{"damage_healed":0.0,"max_hp_gain":0.0,"max_hp_loss":0.0,"gold_gain":0.0,"event_name":"Mysterious Sphere","player_choice":"Fight","floor":36.0,"gold_loss":0.0,"damage_taken":0.0},{"damage_healed":0.0,"max_hp_gain":0.0,"max_hp_loss":0.0,"gold_gain":333.0,"event_name":"The Moai Head","player_choice":"Gave Idol","floor":37.0,"relics_lost":["Golden Idol"],"gold_loss":0.0,"damage_taken":0.0},{"damage_healed":0.0,"max_hp_gain":0.0,"max_hp_loss":0.0,"gold_gain":0.0,"event_name":"MindBloom","player_choice":"Fight","floor":38.0,"gold_loss":0.0,"damage_taken":0.0},{"damage_healed":0.0,"max_hp_gain":0.0,"max_hp_loss":0.0,"gold_gain":0.0,"event_name":"SensoryStone","player_choice":"Memory 1","floor":45.0,"gold_loss":0.0,"damage_taken":0.0}],"is_beta":false,"boss_relics":[{"not_picked":["Coffee Dripper","Black Star"],"picked":"Sozu"},{"not_picked":["Pandora\u0027s Box","Cursed Key"],"picked":"Fusion Hammer"}],"items_purged_floors":[13,46],"is_endless":false,"potions_floor_spawned":[1,3,11,14,18,24,31,35,38,40],"ascension_level":16}