{"path_per_floor":["M","M","?","M","?","R","M","R","T","R","E","M","$","?","R"],"character_chosen":"DEFECT","items_purchased":["Toolbox","Aggregate","Redo"],"gold_per_floor":[113,133,133,144,319,319,333,333,333,333,366,384,3,3,3,3],"floor_reached":16,"campfire_rested":1,"playtime":630,"current_hp_per_floor":[75,75,63,63,63,63,61,61,61,61,16,8,8,8,30,0],"items_purged":[],"gold":3,"score":100,"play_id":"b0505e54-f8ad-4d73-ad09-81967e4dc7c3","local_time":"20180513175625","is_prod":false,"is_daily":false,"chose_seed":false,"is_ascension_mode":false,"campfire_upgraded":3,"timestamp":1526248585,"path_taken":["M","M","?","M","?","R","M","R","T","R","E","M","$","?","R","BOSS"],"build_version":"2018-05-12v2","seed_source_timestamp":10961579288918,"purchased_purges":0,"victory":false,"master_deck":["Strike_B","Strike_B","Strike_B","Strike_B","Defend_B","Defend_B","Defend_B","Defend_B","Zap","Dualcast","Amplify","Double Energy+1","Genetic Algorithm+1","Consume","Doubt","Genetic Algorithm+1","Hyperbeam","Steam","Aggregate","Redo","Biased Cognition","Consume"],"max_hp_per_floor":[75,75,75,75,75,75,75,75,75,75,75,75,75,75,75,75],"relics":["Cracked Core","Gambling Chip","Peace Pipe","Shovel","Toolbox"],"card_choices":[{"not_picked":["Cold Snap","Streamline"],"picked":"Double Energy","floor":1},{"not_picked":["Go for the Eyes","Hologram"],"picked":"Genetic Algorithm","floor":2},{"not_picked":["Hologram","Steam"],"picked":"Consume","floor":4},{"not_picked":["Leap","Hologram"],"picked":"Genetic Algorithm","floor":7},{"not_picked":["Axe Kick","Redo"],"picked":"Hyperbeam","floor":11},{"not_picked":["Redo","Turbo"],"picked":"Steam","floor":12}],"player_experience":228992,"potions_floor_usage":[2,11,16],"damage_taken":[{"damage":0,"enemies":"2 Louse","floor":1,"turns":2},{"damage":0,"enemies":"Small Slimes","floor":2,"turns":2},{"damage":0,"enemies":"Cultist","floor":4,"turns":4},{"damage":2,"enemies":"Looter","floor":7,"turns":5},{"damage":45,"enemies":"3 Sentries","floor":11,"turns":11},{"damage":8,"enemies":"Gremlin Gang","floor":12,"turns":4},{"damage":35,"enemies":"The Guardian","floor":16,"turns":7}],"event_choices":[{"event_name":"Scrap Ooze","player_choice":"success","floor":3,"damage_taken":12},{"event_name":"Liars Game","player_choice":"agreed","floor":5,"damage_taken":0},{"event_name":"Match and Keep!","player_choice":"2 cards matched","floor":14,"damage_taken":0}],"boss_relics":[],"potions_floor_spawned":[1,2,12],"seed_played":"-4374200469259931631","killed_by":"The Guardian","ascension_level":0,"is_trial":false}