{"path_per_floor":["M","?","?","M","M","R","M","M","T","R","E","M","M","M","R","B",null,"M","M","$","?","?","R","M","R","T","R","?","$","$","?","R"],"character_chosen":"DEFECT","items_purchased":["Thread and Needle","Bandage Up"],"gold_per_floor":[119,119,119,133,150,150,170,181,204,204,235,254,269,287,287,387,387,399,417,110,110,110,110,124,124,124,124,124,124,22,22,22,22],"floor_reached":33,"campfire_rested":5,"playtime":1375,"current_hp_per_floor":[25,25,25,25,25,47,45,45,45,75,56,55,53,52,75,23,75,59,55,55,55,55,75,71,71,71,71,55,55,55,55,75,0],"items_purged":[],"gold":22,"score":247,"play_id":"6e380f71-3133-4233-ae63-c6760663c968","local_time":"20180504205014","is_prod":false,"is_daily":false,"chose_seed":false,"is_ascension_mode":false,"campfire_upgraded":2,"timestamp":1525481414,"path_taken":["M","?","?","M","M","R","M","M","T","R","E","?","M","M","R","BOSS","M","M","$","?","?","R","M","R","T","R","?","?","$","?","R","BOSS"],"build_version":"2018-05-03","seed_source_timestamp":1651307727805629,"purchased_purges":0,"victory":false,"master_deck":["Strike_B","Strike_B","Strike_B","Defend_B","Defend_B","Defend_B","Zap","Dualcast","Genetic Algorithm+1","Capacitor","Streamline","Hello World","Auto Shields","White Noise+1","Cold Snap","Chill","Chaos","Redo","Beam Cell+1","Writhe","Rainbow+1","Necronomicurse","Bandage Up","Rainbow+1"],"max_hp_per_floor":[75,75,75,75,75,75,75,75,75,75,75,75,75,75,75,75,75,75,75,75,75,75,75,75,75,75,75,75,75,75,75,75,75],"relics":["Cracked Core","Regal Pillow","Lantern","Inserter","Thread and Needle","Oddly Smooth Stone","Mercury Hourglass","Necronomicon"],"card_choices":[{"not_picked":["Go for the Eyes","Aggregate"],"picked":"Genetic Algorithm","floor":1},{"not_picked":["Skim","Turbo"],"picked":"Capacitor","floor":4},{"not_picked":["Sweeping Beam","Cold Snap"],"picked":"Streamline","floor":5},{"not_picked":["Capacitor","Beam Cell"],"picked":"Hello World","floor":7},{"not_picked":["Cold Snap","Leap"],"picked":"Auto Shields","floor":8},{"not_picked":["Buffer","Fission"],"picked":"White Noise","floor":11},{"not_picked":["Rebound","Capacitor"],"picked":"Cold Snap","floor":12},{"not_picked":["Chaos","Cold Snap"],"picked":"Chill","floor":13},{"not_picked":["Ball Lightning","Leap"],"picked":"Chaos","floor":14},{"not_picked":["Multi-Cast","Seek"],"picked":"Redo","floor":16},{"not_picked":["Turbo","Axe Kick"],"picked":"Beam Cell","floor":18},{"not_picked":["Turbo","Go for the Eyes"],"picked":"Rainbow","floor":24}],"player_experience":143900,"potions_floor_usage":[5,12,14],"damage_taken":[{"damage":13,"enemies":"2 Louse","floor":1,"turns":2},{"damage":0,"enemies":"Cultist","floor":4,"turns":3},{"damage":0,"enemies":"Small Slimes","floor":5,"turns":2},{"damage":2,"enemies":"Blue Slaver","floor":7,"turns":3},{"damage":0,"enemies":"Exordium Wildlife","floor":8,"turns":2},{"damage":19,"enemies":"Gremlin Nob","floor":11,"turns":4},{"damage":1,"enemies":"Large Slime","floor":12,"turns":4},{"damage":2,"enemies":"2 Fungi Beasts","floor":13,"turns":4},{"damage":1,"enemies":"Looter","floor":14,"turns":3},{"damage":59,"enemies":"The Guardian","floor":16,"turns":13},{"damage":16,"enemies":"Chosen","floor":18,"turns":6},{"damage":4,"enemies":"3 Byrds","floor":19,"turns":6},{"damage":4,"enemies":"Centurion and Healer","floor":24,"turns":8},{"damage":81,"enemies":"Automaton","floor":33,"turns":10}],"event_choices":[{"event_name":"Golden Wing","player_choice":"Ignored","floor":2,"damage_taken":0},{"event_name":"Accursed Blacksmith","player_choice":"Forge","floor":3,"damage_taken":0},{"event_name":"The Mausoleum","player_choice":"Yes","floor":21,"damage_taken":0},{"event_name":"Drug Dealer","player_choice":"Ignored","floor":22,"damage_taken":0},{"event_name":"Cursed Tome","player_choice":"Obtained Book","floor":28,"damage_taken":0},{"event_name":"Duplicator","player_choice":"One dupe","floor":31,"damage_taken":0}],"boss_relics":[{"not_picked":["Runic Pyramid","Cursed Key"],"picked":"Inserter"}],"potions_floor_spawned":[1,7,8],"seed_played":"-6871542786823146891","killed_by":"Automaton","ascension_level":0,"is_trial":false}