{"gold_per_floor":[113,126,126,146,146,146,176,195,220,220,220,282,150,150,150,255,255,274,274,274],"floor_reached":20,"playtime":518,"items_purged":["Strike_B"],"score":196,"play_id":"c0cd905c-1983-40db-b4a4-1d42c08f2b50","local_time":"20180906031449","is_ascension_mode":true,"campfire_choices":[{"data":"Sunder","floor":6,"key":"SMITH"},{"floor":10,"key":"REST"},{"floor":15,"key":"REST"}],"neow_cost":"","seed_source_timestamp":823448425210815,"circlet_count":0,"master_deck":["Strike_B","Defend_B","Defend_B","Defend_B","Zap","Dualcast","Rebound","Sunder+1","Beam Cell","Sunder","Amplify","Redo","Heatsinks+1","Loop+1","Leap","Parasite","Cold Snap","Electrodynamics+1","Hologram"],"relics":["Cracked Core","Oddly Smooth Stone","Smiling Mask","Dream Catcher","Frozen Egg 2","Empty Cage","Ornamental Fan"],"potions_floor_usage":[12,20,20],"damage_taken":[{"damage":7,"enemies":"Jaw Worm","floor":1,"turns":3},{"damage":12,"enemies":"Small Slimes","floor":2,"turns":2},{"damage":0,"enemies":"Cultist","floor":4,"turns":2},{"damage":18,"enemies":"Gremlin Nob","floor":7,"turns":3},{"damage":8,"enemies":"Blue Slaver","floor":8,"turns":2},{"damage":16,"enemies":"Gremlin Nob","floor":12,"turns":3},{"damage":32,"enemies":"Slime Boss","floor":16,"turns":8},{"damage":28,"enemies":"2 Thieves","floor":18,"turns":3},{"damage":0,"enemies":"Colosseum Slavers","floor":20,"turns":2},{"damage":68,"enemies":"Colosseum Nobs","floor":20,"turns":3}],"seed_played":"671188032354861336","potions_obtained":[{"floor":2,"key":"FairyPotion"},{"floor":8,"key":"FearPotion"},{"floor":16,"key":"SteroidPotion"},{"floor":18,"key":"AttackPotion"}],"is_trial":false,"path_per_floor":["M","M","?","M","?","R","E","M","T","R","?","?","$","?","R","B",null,"M","T"],"character_chosen":"DEFECT","items_purchased":["Loop+1","Leap"],"campfire_rested":2,"item_purchase_floors":[13,13],"current_hp_per_floor":[68,56,31,31,56,56,38,30,30,52,45,29,29,47,69,37,75,47,47,0],"gold":274,"neow_bonus":"","is_prod":false,"is_daily":false,"chose_seed":false,"campfire_upgraded":1,"win_rate":0,"timestamp":1536218089,"path_taken":["M","M","?","?","?","R","E","M","T","R","?","?","$","?","R","BOSS","M","?","?"],"build_version":"2018-09-04-v2","purchased_purges":1,"victory":false,"max_hp_per_floor":[75,75,75,75,75,75,75,75,75,75,75,75,75,75,75,75,75,75,75,75],"card_choices":[{"not_picked":["Steam","Cold Snap"],"picked":"Rebound","floor":1},{"not_picked":["Cold Snap","Steam"],"picked":"Sunder","floor":2},{"not_picked":["Hologram","Compile Driver"],"picked":"Beam Cell","floor":4},{"not_picked":["Gash","Beam Cell"],"picked":"Sunder","floor":7},{"not_picked":["Sunder","Self Repair"],"picked":"Amplify","floor":8},{"not_picked":["Stack","Conserve Battery"],"picked":"Redo","floor":10},{"not_picked":["Ball Lightning","Compile Driver"],"picked":"Heatsinks","floor":12},{"not_picked":["Coolheaded","Barrage"],"picked":"Cold Snap","floor":15},{"not_picked":["Meteor Strike","Hyperbeam"],"picked":"Electrodynamics+1","floor":16},{"not_picked":["Rebound","Beam Cell"],"picked":"Hologram","floor":18}],"player_experience":580620,"relics_obtained":[{"floor":7,"key":"Smiling Mask"},{"floor":9,"key":"Dream Catcher"},{"floor":12,"key":"Frozen Egg 2"},{"floor":19,"key":"Ornamental Fan"}],"event_choices":[{"event_name":"Scrap Ooze","player_choice":"success","floor":3,"damage_taken":25},{"event_name":"Big Fish","player_choice":"Banana","floor":5,"damage_taken":0},{"event_name":"Golden Wing","player_choice":"Card Removal","floor":11,"damage_taken":0},{"event_name":"Dead Adventurer","player_choice":"Searched \u00273\u0027 times","floor":12,"damage_taken":0},{"event_name":"Mushrooms","player_choice":"Healed and dodged fight","floor":14,"damage_taken":0},{"event_name":"Colosseum","player_choice":"Fight","floor":20,"damage_taken":0},{"event_name":"Colosseum","player_choice":"Fought Nobs","floor":20,"damage_taken":0}],"is_beta":true,"boss_relics":[{"not_picked":["Runic Dome","Philosopher\u0027s Stone"],"picked":"Empty Cage"}],"items_purged_floors":[13],"is_endless":false,"potions_floor_spawned":[2,8,16,18],"killed_by":"Colosseum Nobs","ascension_level":3}