{"gold_per_floor":[118,134,152,152,170,170,345,358,385,396,406,424,424,451,451,548,548,560,230,230,241,241,340,11,25,73,83,98,98,98,113,113,218,218,233,233,245,52,67,67,90,102,114,126,153,179,27,46,46,46],"floor_reached":50,"playtime":4863,"items_purged":["Doubt"],"score":502,"play_id":"581d215e-1454-441e-84c8-c09848ef1114","local_time":"20190706151846","is_ascension_mode":false,"campfire_choices":[{"floor":6,"key":"DIG"},{"floor":13,"key":"REST"},{"floor":15,"key":"REST"},{"floor":29,"key":"REST"},{"floor":32,"key":"REST"},{"floor":40,"key":"DIG"},{"floor":42,"key":"REST"},{"floor":44,"key":"DIG"},{"floor":49,"key":"DIG"}],"neow_cost":"PERCENT_DAMAGE","seed_source_timestamp":877652002426006,"circlet_count":0,"master_deck":["Strike_B+1","Strike_B+1","Strike_B+1","Strike_B+1","Defend_B+1","Defend_B+1","Defend_B+1","Defend_B+1","Zap","Dualcast","Blizzard","Storm","Conserve Battery","Ball Lightning","Gash","Cold Snap","Echo Form","Gash","Genetic Algorithm","Biased Cognition","Hologram","Sunder+1","FTL","Undo+1","Auto Shields+1","Coolheaded+1","White Noise+1","Biased Cognition+1","Hologram+1","FTL","Cold Snap+1","White Noise+1","Glacier+1","Chill+1","Loop+1","Finesse+1","Glacier+1"],"relics":["Cracked Core","Shovel","Blood Vial","Omamori","Happy Flower","Fusion Hammer","Frozen Egg 2","Ancient Tea Set","Toxic Egg 2","Regal Pillow","Nuclear Battery","TheAbacus","MawBank","Gremlin Horn","Centennial Puzzle","Bottled Lightning"],"potions_floor_usage":[16,16,33,33,33,50,50,50],"damage_taken":[{"damage":1,"enemies":"2 Louse","floor":1,"turns":2},{"damage":0,"enemies":"Small Slimes","floor":2,"turns":3},{"damage":6,"enemies":"Jaw Worm","floor":3,"turns":4},{"damage":11,"enemies":"2 Fungi Beasts","floor":5,"turns":4},{"damage":14,"enemies":"Blue Slaver","floor":8,"turns":4},{"damage":12,"enemies":"Gremlin Gang","floor":10,"turns":6},{"damage":15,"enemies":"Lots of Slimes","floor":11,"turns":5},{"damage":0,"enemies":"Large Slime","floor":12,"turns":5},{"damage":34,"enemies":"Lagavulin","floor":14,"turns":7},{"damage":21,"enemies":"Hexaghost","floor":16,"turns":8},{"damage":21,"enemies":"Spheric Guardian","floor":18,"turns":5},{"damage":27,"enemies":"2 Thieves","floor":21,"turns":4},{"damage":4,"enemies":"Centurion and Healer","floor":25,"turns":5},{"damage":22,"enemies":"3 Cultists","floor":27,"turns":6},{"damage":6,"enemies":"Shelled Parasite and Fungi","floor":28,"turns":6},{"damage":19,"enemies":"Sentry and Sphere","floor":31,"turns":5},{"damage":25,"enemies":"Champ","floor":33,"turns":11},{"damage":0,"enemies":"Orb Walker","floor":35,"turns":4},{"damage":7,"enemies":"3 Shapes","floor":37,"turns":4},{"damage":20,"enemies":"Writhing Mass","floor":39,"turns":7},{"damage":19,"enemies":"4 Shapes","floor":41,"turns":5},{"damage":20,"enemies":"Jaw Worm Horde","floor":45,"turns":6},{"damage":11,"enemies":"Maw","floor":46,"turns":9},{"damage":0,"enemies":"3 Darklings","floor":48,"turns":6},{"damage":76,"enemies":"Time Eater","floor":50,"turns":13}],"seed_played":"-2776278321797228417","potions_obtained":[{"floor":1,"key":"Ancient Potion"},{"floor":2,"key":"SteroidPotion"},{"floor":3,"key":"PowerPotion"},{"floor":10,"key":"Strength Potion"},{"floor":27,"key":"SpeedPotion"},{"floor":28,"key":"Dexterity Potion"},{"floor":31,"key":"Weak Potion"},{"floor":33,"key":"Regen Potion"},{"floor":35,"key":"Swift Potion"},{"floor":39,"key":"SpeedPotion"},{"floor":41,"key":"Poison Potion"},{"floor":45,"key":"FocusPotion"}],"is_trial":false,"path_per_floor":["M","M","M","?","M","R","?","M","T","M","M","M","R","E","R","B",null,"M","$","?","M","?","?","$","M","T","M","M","R","?","M","R","B",null,"M","?","M","$","M","R","M","R","T","R","M","M","$","M","R","B"],"character_chosen":"DEFECT","items_purchased":["Frozen Egg 2","Toxic Egg 2","FTL","TheAbacus","Loop+1","Finesse+1"],"campfire_rested":5,"item_purchase_floors":[19,24,24,38,47,47],"current_hp_per_floor":[53,53,47,72,61,61,61,49,49,39,26,28,50,18,40,21,75,54,54,54,29,29,29,29,27,27,7,3,40,26,9,48,25,80,80,80,73,73,55,55,38,77,77,77,59,50,50,52,52,0],"gold":46,"neow_bonus":"ONE_RARE_RELIC","is_prod":false,"is_daily":false,"chose_seed":false,"campfire_upgraded":0,"win_rate":0.0,"timestamp":1562440726,"path_taken":["M","M","M","?","M","R","?","M","T","M","M","M","R","E","R","BOSS","M","$","?","M","?","?","$","M","T","M","M","R","?","M","R","BOSS","M","?","M","$","M","R","M","R","T","R","M","M","$","M","R","BOSS"],"build_version":"2019-07-05","purchased_purges":1,"victory":false,"max_hp_per_floor":[75,75,75,75,75,75,75,75,75,75,75,75,75,75,75,75,75,75,75,75,75,75,75,75,75,75,75,75,75,80,80,80,80,80,80,80,80,80,80,80,80,80,80,80,80,80,80,80,80,80],"card_choices":[{"not_picked":["Storm","Darkness"],"picked":"Blizzard","floor":1},{"not_picked":["Aggregate","Streamline"],"picked":"Storm","floor":2},{"not_picked":["Scrape","Redo"],"picked":"Conserve Battery","floor":3},{"not_picked":["Steam","Rebound"],"picked":"Ball Lightning","floor":5},{"not_picked":["Streamline","Conserve Battery"],"picked":"Gash","floor":8},{"not_picked":["Capacitor","Steam"],"picked":"Cold Snap","floor":10},{"not_picked":["Redo","Beam Cell"],"picked":"Echo Form","floor":11},{"not_picked":["Rebound","Sweeping Beam"],"picked":"Gash","floor":12},{"not_picked":["Coolheaded","Static Discharge"],"picked":"Genetic Algorithm","floor":14},{"not_picked":["Core Surge","Thunder Strike"],"picked":"Biased Cognition","floor":16},{"not_picked":["Steam Power+1","Stack"],"picked":"Hologram","floor":18},{"not_picked":["Go for the Eyes+1","Barrage"],"picked":"Sunder+1","floor":21},{"not_picked":["Turbo+1","Beam Cell+1"],"picked":"Undo+1","floor":25},{"not_picked":["Beam Cell+1","Steam+1"],"picked":"Auto Shields+1","floor":27},{"not_picked":["Auto Shields+1","Leap+1"],"picked":"Coolheaded+1","floor":28},{"not_picked":["Chaos+1","Storm+1"],"picked":"White Noise+1","floor":31},{"not_picked":["All For One","Core Surge"],"picked":"Biased Cognition+1","floor":33},{"not_picked":["Heatsinks+1","Rebound"],"picked":"Hologram+1","floor":35},{"not_picked":["Sunder","Compile Driver"],"picked":"FTL","floor":37},{"not_picked":["Melter+1","Go for the Eyes+1"],"picked":"Cold Snap+1","floor":39},{"not_picked":["Reprogram+1","Beam Cell"],"picked":"White Noise+1","floor":41},{"not_picked":["Leap+1","Turbo+1"],"picked":"Glacier+1","floor":45},{"not_picked":["Buffer+1","Rip and Tear"],"picked":"Chill+1","floor":46},{"not_picked":["Gash","Turbo+1"],"picked":"Glacier+1","floor":48}],"player_experience":65732,"relics_obtained":[{"floor":6,"key":"Blood Vial"},{"floor":9,"key":"Omamori"},{"floor":14,"key":"Happy Flower"},{"floor":26,"key":"Regal Pillow"},{"floor":40,"key":"MawBank"},{"floor":43,"key":"Gremlin Horn"},{"floor":44,"key":"Centennial Puzzle"},{"floor":49,"key":"Bottled Lightning"}],"event_choices":[{"damage_healed":25,"gold_gain":0,"player_choice":"Banana","damage_taken":0,"max_hp_gain":0,"max_hp_loss":0,"event_name":"Big Fish","floor":4,"gold_loss":0},{"damage_healed":0,"gold_gain":175,"player_choice":"AGREE","damage_taken":0,"max_hp_gain":0,"max_hp_loss":0,"event_name":"Liars Game","floor":7,"gold_loss":0,"cards_obtained":["Doubt"]},{"damage_healed":0,"gold_gain":0,"player_choice":"Simplicity","damage_taken":0,"max_hp_gain":0,"max_hp_loss":0,"event_name":"Back to Basics","floor":20,"gold_loss":0,"cards_upgraded":["Strike_B","Strike_B","Strike_B","Strike_B","Defend_B","Defend_B","Defend_B","Defend_B"]},{"damage_healed":0,"gold_gain":0,"player_choice":"Opened","damage_taken":0,"relics_obtained":["Ancient Tea Set"],"max_hp_gain":0,"max_hp_loss":0,"event_name":"The Mausoleum","floor":22,"gold_loss":0},{"damage_healed":0,"gold_gain":99,"player_choice":"Stole From Cult","damage_taken":0,"max_hp_gain":0,"max_hp_loss":0,"event_name":"Nest","floor":23,"gold_loss":0},{"damage_healed":0,"gold_gain":0,"player_choice":"Shed Blood","damage_taken":19,"max_hp_gain":5,"max_hp_loss":0,"event_name":"Forgotten Altar","floor":30,"gold_loss":0},{"damage_healed":0,"gold_gain":0,"player_choice":"Ignored","damage_taken":0,"max_hp_gain":0,"max_hp_loss":0,"event_name":"Tomb of Lord Red Mask","floor":36,"gold_loss":0}],"is_beta":false,"boss_relics":[{"not_picked":["Inserter","White Beast Statue"],"picked":"Fusion Hammer"},{"not_picked":["Eternal Feather","Lizard Tail"],"picked":"Nuclear Battery"}],"items_purged_floors":[19],"is_endless":false,"potions_floor_spawned":[1,2,3,10,27,28,31,33,35,39,41,45,46],"killed_by":"Time Eater","ascension_level":0}