{"gold_per_floor":[119,139,139,158,158,158,173,173,173,213,234,265,265,48,48,146,146,146,146,146,146],"floor_reached":21,"playtime":711,"items_purged":["Strike_B"],"score":358,"play_id":"b313a37c-d12d-4b59-b44c-219859042b7b","local_time":"20190526125703","is_ascension_mode":true,"campfire_choices":[{"data":"Zap","floor":6.0,"key":"SMITH"},{"data":"Biased Cognition","floor":8.0,"key":"SMITH"},{"floor":15.0,"key":"REST"}],"neow_cost":"TEN_PERCENT_HP_LOSS","seed_source_timestamp":0,"circlet_count":0,"master_deck":["AscendersBane","Strike_B","Strike_B","Strike_B","Defend_B","Defend_B","Defend_B","Defend_B","Zap+1","Dualcast","Biased Cognition+1","Rebound","Glacier","Genetic Algorithm","Core Surge","Hologram","Capacitor+1","Coolheaded","Echo Form+1","Compile Driver"],"special_seed":0,"relics":["Cracked Core","Golden Idol","Frozen Egg 2","Odd Mushroom","Ectoplasm"],"potions_floor_usage":[21],"damage_taken":[{"damage":0.0,"enemies":"2 Louse","floor":1.0,"turns":2.0},{"damage":4.0,"enemies":"Small Slimes","floor":2.0,"turns":4.0},{"damage":9.0,"enemies":"Jaw Worm","floor":4.0,"turns":3.0},{"damage":0.0,"enemies":"3 Louse","floor":7.0,"turns":4.0},{"damage":23.0,"enemies":"Lagavulin","floor":10.0,"turns":8.0},{"damage":6.0,"enemies":"Exordium Wildlife","floor":11.0,"turns":5.0},{"damage":10.0,"enemies":"The Mushroom Lair","floor":12.0,"turns":5.0},{"damage":13.0,"enemies":"Slime Boss","floor":16.0,"turns":8.0},{"damage":9,"enemies":"3 Byrds","floor":18,"turns":7},{"damage":19,"enemies":"Shell Parasite","floor":20,"turns":5},{"damage":19,"enemies":"Masked Bandits","floor":21,"turns":2}],"seed_played":"-104729560074554301","potions_obtained":[{"floor":2.0,"key":"Energy Potion"},{"floor":7.0,"key":"Block Potion"},{"floor":16.0,"key":"Strength Potion"}],"is_trial":false,"path_per_floor":["M","M","?","M","?","R","M","R","T","E","M","?","?","$","R","B",null,"M","?","M","?"],"character_chosen":"DEFECT","items_purchased":["Capacitor+1","Coolheaded"],"campfire_rested":1,"item_purchase_floors":[14,14],"current_hp_per_floor":[64,60,58,49,49,49,49,49,49,26,20,10,10,10,27,14,47,38,38,19,0],"gold":146,"neow_bonus":"THREE_RARE_CARDS","is_prod":false,"is_daily":false,"chose_seed":false,"campfire_upgraded":2,"win_rate":0,"timestamp":1558900623,"path_taken":["M","M","?","M","?","R","M","R","T","E","M","?","?","?","R","BOSS","M","?","M","?"],"build_version":"2019-01-23","purchased_purges":1,"victory":false,"max_hp_per_floor":[64,64,58,58,58,58,58,58,58,58,58,58,58,58,58,58,58,58,58,58,58],"card_choices":[{"not_picked":["Amplify","Thunder Strike"],"picked":"Biased Cognition","floor":0.0},{"not_picked":["Beam Cell","Fusion"],"picked":"Rebound","floor":1.0},{"not_picked":["Barrage","Beam Cell","Force Field"],"picked":"SKIP","floor":2.0},{"not_picked":["Darkness","Chaos"],"picked":"Glacier","floor":4.0},{"not_picked":["Double Energy","Gash"],"picked":"Genetic Algorithm","floor":7.0},{"not_picked":["Conserve Battery","Tempest"],"picked":"Core Surge","floor":10.0},{"not_picked":["Steam","Stack"],"picked":"Hologram","floor":11.0},{"not_picked":["Seek","Core Surge"],"picked":"Echo Form+1","floor":16.0},{"not_picked":["Doom and Gloom","Fusion"],"picked":"Compile Driver","floor":18},{"not_picked":["Auto Shields","Turbo","Stack"],"picked":"SKIP","floor":20}],"player_experience":735995,"relics_obtained":[{"floor":10.0,"key":"Frozen Egg 2"},{"floor":12.0,"key":"Odd Mushroom"}],"event_choices":[{"damage_healed":0.0,"max_hp_gain":0.0,"max_hp_loss":6.0,"gold_gain":0.0,"event_name":"Golden Idol","player_choice":"Lose Max HP","floor":3.0,"gold_loss":0.0,"damage_taken":0.0,"relics_obtained":["Golden Idol"]},{"damage_healed":0.0,"max_hp_gain":0.0,"max_hp_loss":0.0,"gold_gain":0.0,"event_name":"Liars Game","player_choice":"Ignored","floor":5.0,"gold_loss":0.0,"damage_taken":0.0},{"damage_healed":0.0,"max_hp_gain":0.0,"max_hp_loss":0.0,"gold_gain":0.0,"event_name":"Mushrooms","player_choice":"Fought Mushrooms","floor":12.0,"gold_loss":0.0,"damage_taken":0.0},{"damage_healed":0.0,"max_hp_gain":0.0,"max_hp_loss":0.0,"gold_gain":0.0,"event_name":"Shining Light","player_choice":"Ignored","floor":13.0,"gold_loss":0.0,"damage_taken":0.0},{"damage_healed":0,"gold_gain":0,"player_choice":"Ignored","damage_taken":0,"max_hp_gain":0,"max_hp_loss":0,"event_name":"Vampires","floor":19,"gold_loss":0},{"damage_healed":0,"gold_gain":0,"player_choice":"Fought Bandits","damage_taken":0,"max_hp_gain":0,"max_hp_loss":0,"event_name":"Masked Bandits","floor":21,"gold_loss":0}],"is_beta":false,"boss_relics":[{"not_picked":["Busted Crown","Eternal Feather"],"picked":"Ectoplasm"}],"items_purged_floors":[14],"is_endless":false,"potions_floor_spawned":[2,7,11,12,16],"killed_by":"Masked Bandits","ascension_level":20}