{"gold_per_floor":[116,116,41,116,41,72,72,72,72,103,115,141,170,200,212,296,308,332,319,343,355],"floor_reached":21,"playtime":606,"items_purged":["Defend_R"],"score":353,"play_id":"0ea3f5da-bf48-4823-941e-c68c632899ab","local_time":"20190531155052","is_ascension_mode":true,"campfire_choices":[{"data":"Rampage","floor":7.0,"key":"SMITH"},{"floor":11.0,"key":"REST"},{"data":"Defend_R","floor":15.0,"key":"SMITH"}],"neow_cost":"PERCENT_DAMAGE","seed_source_timestamp":807173992233011,"circlet_count":0,"master_deck":["AscendersBane","Strike_R","Strike_R","Strike_R","Defend_R+1","Defend_R","Bash","Rampage+1","Evolve"],"special_seed":0,"relics":["Burning Blood","Bag of Marbles","MawBank","Philosopher\u0027s Stone"],"potions_floor_usage":[16,16,16,18,19],"damage_taken":[{"damage":1.0,"enemies":"Cultist","floor":1.0,"turns":3.0},{"damage":32.0,"enemies":"Gremlin Nob","floor":6.0,"turns":4.0},{"damage":7.0,"enemies":"Jaw Worm","floor":10.0,"turns":4.0},{"damage":3.0,"enemies":"Small Slimes","floor":12.0,"turns":3.0},{"damage":0.0,"enemies":"Looter","floor":13.0,"turns":1.0},{"damage":22.0,"enemies":"Gremlin Gang","floor":14.0,"turns":5.0},{"damage":12,"enemies":"Slime Boss","floor":16,"turns":7},{"damage":26,"enemies":"Shell Parasite","floor":18,"turns":4},{"damage":23,"enemies":"2 Thieves","floor":19,"turns":4},{"damage":25,"enemies":"Snecko","floor":20,"turns":4},{"damage":15,"enemies":"Snake Plant","floor":21,"turns":2}],"seed_played":"-8198136903532829787","potions_obtained":[{"floor":10.0,"key":"FearPotion"},{"floor":12.0,"key":"Fire Potion"},{"floor":14.0,"key":"EntropicBrew"},{"floor":18,"key":"Block Potion"}],"is_trial":false,"path_per_floor":["M","?","$","?","?","E","R","$","T","M","R","M","M","M","R","B",null,"M","M","M","M"],"character_chosen":"IRONCLAD","items_purchased":[],"campfire_rested":1,"item_purchase_floors":[],"current_hp_per_floor":[55,55,55,44,44,18,18,18,18,17,39,42,48,32,32,26,63,43,26,7,0],"gold":355,"neow_bonus":"REMOVE_TWO","is_prod":false,"is_daily":false,"chose_seed":false,"campfire_upgraded":2,"win_rate":0,"timestamp":1559310652,"path_taken":["M","?","$","?","?","E","R","$","T","M","R","M","M","M","R","BOSS","M","M","M","M"],"build_version":"2019-01-23","purchased_purges":1,"victory":false,"max_hp_per_floor":[75,75,75,75,75,75,75,75,75,75,75,75,75,75,75,75,75,75,75,75,75],"card_choices":[{"not_picked":["Body Slam","Feel No Pain","Combust"],"picked":"SKIP","floor":1.0},{"not_picked":["Pummel","Heavy Blade"],"picked":"Rampage","floor":6.0},{"not_picked":["Cleave","Uppercut","Intimidate"],"picked":"SKIP","floor":10.0},{"not_picked":["Sword Boomerang","Twin Strike","Spot Weakness"],"picked":"SKIP","floor":12.0},{"not_picked":["Clothesline","Flame Barrier","Twin Strike"],"picked":"SKIP","floor":13.0},{"not_picked":["Headbutt","Havoc","Searing Blow"],"picked":"SKIP","floor":14.0},{"not_picked":["Pommel Strike","Twin Strike"],"picked":"Evolve","floor":18},{"not_picked":["Armaments","Perfected Strike","Havoc"],"picked":"SKIP","floor":19},{"not_picked":["Clothesline","Clash","Wild Strike"],"picked":"SKIP","floor":20}],"player_experience":563530,"relics_obtained":[{"floor":6.0,"key":"Bag of Marbles"},{"floor":9.0,"key":"MawBank"}],"event_choices":[{"damage_healed":0.0,"max_hp_gain":0.0,"max_hp_loss":0.0,"gold_gain":0.0,"event_name":"Liars Game","player_choice":"Ignored","floor":2.0,"gold_loss":0.0,"damage_taken":0.0},{"damage_healed":0.0,"max_hp_gain":0.0,"max_hp_loss":0.0,"gold_gain":75.0,"event_name":"World of Goop","player_choice":"Gather Gold","floor":4.0,"gold_loss":0.0,"damage_taken":11.0},{"cards_removed":["Strike_R"],"damage_healed":0.0,"max_hp_gain":0.0,"max_hp_loss":0.0,"gold_gain":0.0,"event_name":"The Cleric","player_choice":"Card Removal","floor":5.0,"gold_loss":75.0,"damage_taken":0.0}],"is_beta":false,"boss_relics":[{"not_picked":["Runic Dome","Tiny House"],"picked":"Philosopher\u0027s Stone"}],"items_purged_floors":[3],"is_endless":false,"potions_floor_spawned":[10,12,14,18],"killed_by":"Snake Plant","ascension_level":19}