{"gold_per_floor":[14,28,45,60,77,112,112,138,138,172,172,20,31,16],"floor_reached":14,"playtime":681,"items_purged":[],"score":134,"play_id":"ce2db289-ee46-420b-a36c-29c74dc931f4","local_time":"20190518164521","is_ascension_mode":true,"campfire_choices":[{"floor":7,"key":"REST"}],"neow_cost":"NO_GOLD","seed_source_timestamp":123704432275100,"circlet_count":0,"master_deck":["Strike_B","Strike_B","Strike_B","Strike_B","Defend_B","Defend_B","Defend_B","Zap","Dualcast","Impatience","Madness","Genetic Algorithm","Melter","Steam","Steam","Core Surge","Scrape","Seek","Multi-Cast","Lockon","Steam"],"relics":["Cracked Core","Juzu Bracelet","Art of War","Orichalcum","PreservedInsect","Dream Catcher"],"potions_floor_usage":[2,3,8,8,13],"damage_taken":[{"damage":7,"enemies":"Small Slimes","floor":1,"turns":2},{"damage":2,"enemies":"Jaw Worm","floor":2,"turns":3},{"damage":1,"enemies":"2 Louse","floor":3,"turns":2},{"damage":6,"enemies":"Looter","floor":4,"turns":3},{"damage":4,"enemies":"Red Slaver","floor":5,"turns":3},{"damage":30,"enemies":"3 Sentries","floor":6,"turns":9},{"damage":20,"enemies":"Lagavulin","floor":8,"turns":3},{"damage":24,"enemies":"3 Sentries","floor":10,"turns":6},{"damage":0,"enemies":"2 Fungi Beasts","floor":13,"turns":3},{"damage":5,"enemies":"Looter","floor":14,"turns":1}],"seed_played":"-4204343440157254695","potions_obtained":[{"floor":1,"key":"SkillPotion"},{"floor":2,"key":"Energy Potion"},{"floor":5,"key":"FearPotion"},{"floor":6,"key":"SteroidPotion"},{"floor":10,"key":"SteroidPotion"}],"is_trial":false,"path_per_floor":["M","M","M","M","M","E","R","E","T","E","?","$","M","M"],"character_chosen":"DEFECT","items_purchased":["Dream Catcher"],"campfire_rested":1,"item_purchase_floors":[12],"current_hp_per_floor":[68,66,65,59,55,25,47,27,27,3,3,3,3,0],"gold":16,"neow_bonus":"RANDOM_COLORLESS_2","is_prod":false,"is_daily":false,"chose_seed":false,"campfire_upgraded":0,"win_rate":0,"timestamp":1558212321,"path_taken":["M","M","M","M","M","E","R","E","T","E","?","?","M","M"],"build_version":"2019-05-07","purchased_purges":0,"victory":false,"max_hp_per_floor":[75,75,75,75,75,75,75,75,75,75,75,75,75,75],"card_choices":[{"not_picked":["Defragment","Turbo"],"picked":"Genetic Algorithm","floor":1},{"not_picked":["Sweeping Beam","Turbo"],"picked":"Melter","floor":2},{"not_picked":["Sweeping Beam","Go for the Eyes"],"picked":"Steam","floor":3},{"not_picked":["Force Field","Leap"],"picked":"Steam","floor":4},{"not_picked":["White Noise","Heatsinks"],"picked":"Core Surge","floor":5},{"not_picked":["Steam Power","Redo"],"picked":"Scrape","floor":6},{"not_picked":["Barrage","Stack"],"picked":"Seek","floor":8},{"not_picked":["Blizzard","Steam Power"],"picked":"Multi-Cast","floor":10},{"not_picked":["Sweeping Beam","Stack"],"picked":"Steam","floor":13}],"player_experience":887074,"relics_obtained":[{"floor":6,"key":"Juzu Bracelet"},{"floor":8,"key":"Art of War"},{"floor":9,"key":"Orichalcum"},{"floor":10,"key":"PreservedInsect"}],"event_choices":[{"damage_healed":0,"gold_gain":0,"cards_transformed":["Defend_B"],"player_choice":"Change","damage_taken":0,"max_hp_gain":0,"max_hp_loss":0,"event_name":"Living Wall","floor":11,"gold_loss":0,"cards_obtained":["Lockon"]}],"is_beta":true,"boss_relics":[],"items_purged_floors":[],"is_endless":false,"potions_floor_spawned":[1,2,5,6,10],"killed_by":"Looter","ascension_level":4}