{"gold_per_floor":[166,176,176,351,351,384,404,42,42,42,57,57,57,75,75,178,178,162,87,87,5,5,5],"floor_reached":23,"playtime":937,"items_purged":[],"score":231,"play_id":"97427c6c-4bb6-46cf-a884-4f035f2ad4cc","local_time":"20180722025215","is_ascension_mode":true,"campfire_choices":[{"floor":10,"key":"REST"},{"floor":12,"key":"REST"},{"floor":15,"key":"REST"}],"neow_cost":"NONE","seed_source_timestamp":1120856943565732,"circlet_count":0,"master_deck":["Strike_B","Strike_B","Strike_B","Defend_B","Defend_B","Defend_B","Defend_B","Zap","Dualcast+1","Lockon","Rebound","Undo","Meteor Strike","BootSequence+1","Static Discharge","Sunder","Forethought+1","Storm","Chill+1","Rainbow+1","Loop","Coolheaded+1","Rebound","All For One","Recycle+1","Conserve Battery+1","Necronomicurse","Force Field+1","Ghostly+1","Ghostly+1","Ghostly+1","Ghostly+1","Ghostly+1"],"relics":["Tiny House","Toxic Egg 2","Mummified Hand","Boot","Potion Belt","Orrery","Necronomicon"],"potions_floor_usage":[1,11,16,18],"damage_taken":[{"damage":7,"enemies":"Jaw Worm","floor":1,"turns":2},{"damage":15,"enemies":"Small Slimes","floor":2,"turns":3},{"damage":34,"enemies":"3 Sentries","floor":6,"turns":10},{"damage":1,"enemies":"Cultist","floor":7,"turns":4},{"damage":11,"enemies":"Looter","floor":11,"turns":3},{"damage":13,"enemies":"Blue Slaver","floor":14,"turns":3},{"damage":55,"enemies":"Hexaghost","floor":16,"turns":11},{"damage":21,"enemies":"2 Thieves","floor":18,"turns":4},{"damage":42,"enemies":"Gremlin Leader","floor":23,"turns":9}],"seed_played":"-7395888137019268845","potions_obtained":[{"floor":0,"key":"Poison Potion"},{"floor":7,"key":"Strength Potion"},{"floor":14,"key":"Swift Potion"},{"floor":16,"key":"Swift Potion"}],"is_trial":false,"path_per_floor":["M","M","?","?","?","E","M","$","T","R","M","R","?","M","R","B",null,"M","?","?","$","?"],"character_chosen":"DEFECT","items_purchased":["Static Discharge","Sunder","Forethought+1","Boot","Force Field+1"],"campfire_rested":3,"item_purchase_floors":[8,8,8,8,21],"current_hp_per_floor":[73,58,58,58,51,17,16,16,16,40,29,53,53,40,64,9,80,59,59,43,43,40,0],"gold":5,"neow_bonus":"BOSS_RELIC","is_prod":false,"is_daily":false,"chose_seed":false,"campfire_upgraded":0,"win_rate":0,"timestamp":1532242335,"path_taken":["M","M","?","?","?","E","M","$","T","R","?","R","?","?","R","BOSS","M","?","?","?","?","E"],"build_version":"2018-07-19","purchased_purges":0,"victory":false,"max_hp_per_floor":[80,80,80,80,80,80,80,80,80,80,80,80,80,80,80,80,80,80,80,80,80,40,40],"card_choices":[{"not_picked":["Leap","Stack"],"picked":"Lockon","floor":0},{"not_picked":["Steam","Ball Lightning"],"picked":"Rebound","floor":1},{"not_picked":["Compile Driver","Cold Snap"],"picked":"Undo","floor":2},{"not_picked":["Beam Cell","Cold Snap"],"picked":"Meteor Strike","floor":6},{"not_picked":["Aggregate+1","Scrape"],"picked":"BootSequence+1","floor":7},{"not_picked":["Stack+1","Ball Lightning"],"picked":"Storm","floor":11},{"not_picked":["Streamline","Steam Power+1"],"picked":"Chill+1","floor":14},{"not_picked":["Multi-Cast+1","Hyperbeam"],"picked":"Rainbow+1","floor":16},{"not_picked":["Steam+1","Hologram+1"],"picked":"Loop","floor":17},{"not_picked":["Hologram+1","Cold Snap"],"picked":"Coolheaded+1","floor":17},{"not_picked":["Beam Cell","Ball Lightning"],"picked":"Rebound","floor":17},{"not_picked":["Beam Cell","Turbo+1"],"picked":"All For One","floor":17},{"not_picked":["Rebound","Skim+1"],"picked":"Recycle+1","floor":17},{"not_picked":["Skim+1","Lockon+1"],"picked":"Conserve Battery+1","floor":18}],"player_experience":472950,"relics_obtained":[{"floor":6,"key":"Mummified Hand"},{"floor":9,"key":"Potion Belt"},{"floor":20,"key":"Necronomicon"}],"event_choices":[{"event_name":"Big Fish","player_choice":"Box","floor":3,"damage_taken":0},{"event_name":"Liars Game","player_choice":"agreed","floor":4,"damage_taken":0},{"event_name":"Golden Wing","player_choice":"Card Removal","floor":5,"damage_taken":0},{"event_name":"Fountain of Cleansing","player_choice":"Removed Curse","floor":13,"damage_taken":0},{"event_name":"Beggar","player_choice":"Gave Gold","floor":19,"damage_taken":0},{"event_name":"Cursed Tome","player_choice":"Obtained Book","floor":20,"damage_taken":0},{"event_name":"Ghosts","player_choice":"Became a Ghost","floor":22,"damage_taken":0}],"is_beta":true,"boss_relics":[{"not_picked":["Calling Bell","Sozu"],"picked":"Orrery"}],"items_purged_floors":[],"is_endless":false,"potions_floor_spawned":[7,14,16],"killed_by":"Gremlin Leader","ascension_level":2}