{"gold_per_floor":[20,38,288,308,324,324,357,367,367,367,377,377,377,396,396,496,496,509,509,527,575,589,589],"floor_reached":23,"playtime":821,"items_purged":[],"score":224,"play_id":"e72ea260-f411-425f-915a-d62ca48dde2a","local_time":"20180702034620","is_ascension_mode":true,"campfire_choices":[{"data":"Infernal Blade","floor":6,"key":"SMITH"},{"floor":10,"key":"REST"},{"data":"Spot Weakness","floor":12,"key":"SMITH"},{"data":"Evolve","floor":15,"key":"SMITH"}],"neow_cost":"NO_GOLD","seed_source_timestamp":14103235068702,"circlet_count":0,"master_deck":["Strike_R","Strike_R","Strike_R","Strike_R","Strike_R","Defend_R","Defend_R","Defend_R","Defend_R","Bash","Evolve+1","Dropkick","Infernal Blade+1","Spot Weakness+1","Flex","Flame Barrier+1","Dropkick","Feed","Feed"],"relics":["Black Blood","Torii","Singing Bowl","Ornamental Fan","Dream Catcher"],"potions_floor_usage":[2,5,8,22],"damage_taken":[{"damage":14,"enemies":"Cultist","floor":1,"turns":5},{"damage":0,"enemies":"2 Louse","floor":2,"turns":3},{"damage":16,"enemies":"Jaw Worm","floor":4,"turns":3},{"damage":6,"enemies":"Gremlin Gang","floor":5,"turns":6},{"damage":28,"enemies":"Lagavulin","floor":7,"turns":7},{"damage":18,"enemies":"3 Louse","floor":8,"turns":3},{"damage":1,"enemies":"Looter","floor":11,"turns":2},{"damage":12,"enemies":"Exordium Wildlife","floor":14,"turns":3},{"damage":15,"enemies":"Hexaghost","floor":16,"turns":7},{"damage":26,"enemies":"Shell Parasite","floor":18,"turns":5},{"damage":11,"enemies":"3 Byrds","floor":20,"turns":2},{"damage":34,"enemies":"Snake Plant","floor":22,"turns":4},{"damage":54,"enemies":"Book of Stabbing","floor":23,"turns":5}],"seed_played":"-4165077269798809069","potions_obtained":[{"floor":1,"key":"SkillPotion"},{"floor":4,"key":"Block Potion"},{"floor":7,"key":"SteroidPotion"},{"floor":11,"key":"Ancient Potion"},{"floor":14,"key":"BloodPotion"}],"is_trial":false,"path_per_floor":["M","M","?","M","M","R","E","M","T","R","M","R","?","M","R","B",null,"M","?","M","T","M"],"character_chosen":"IRONCLAD","items_purchased":[],"campfire_rested":1,"item_purchase_floors":[],"current_hp_per_floor":[72,78,78,68,68,68,46,34,34,58,63,63,63,59,59,50,82,68,68,69,69,53,0],"gold":589,"neow_bonus":"ONE_RARE_RELIC","is_prod":false,"is_daily":false,"chose_seed":false,"campfire_upgraded":3,"win_rate":0,"timestamp":1530517580,"path_taken":["M","?","?","?","M","R","E","M","T","R","M","R","?","M","R","BOSS","M","?","?","?","M","E"],"build_version":"2018-06-29","purchased_purges":0,"victory":false,"max_hp_per_floor":[80,80,80,80,80,80,80,80,80,80,80,80,80,82,82,82,82,84,84,86,86,86,86],"card_choices":[{"not_picked":["Disarm","Havoc"],"picked":"Evolve","floor":1},{"not_picked":["Wild Strike","Shockwave"],"picked":"Dropkick","floor":2},{"not_picked":["Evolve","Sword Boomerang"],"picked":"Infernal Blade","floor":4},{"not_picked":["Havoc","Perfected Strike"],"picked":"Spot Weakness","floor":5},{"not_picked":["Pommel Strike","Rampage"],"picked":"Flex","floor":7},{"not_picked":["Armaments","Havoc"],"picked":"Flame Barrier","floor":8},{"not_picked":["Heavy Blade","True Grit"],"picked":"Dropkick","floor":11},{"not_picked":["Clash","Second Wind","Wild Strike"],"picked":"Singing Bowl","floor":14},{"not_picked":["Demon Form","Berserk"],"picked":"Feed","floor":16},{"not_picked":["Warcry","Body Slam","Uppercut"],"picked":"Singing Bowl","floor":18},{"not_picked":["Sword Boomerang","Wild Strike","Perfected Strike"],"picked":"Singing Bowl","floor":20},{"not_picked":["Wild Strike+1","Heavy Blade"],"picked":"Feed","floor":22}],"player_experience":368207,"relics_obtained":[{"floor":7,"key":"Singing Bowl"},{"floor":9,"key":"Ornamental Fan"},{"floor":21,"key":"Dream Catcher"}],"event_choices":[{"event_name":"Golden Shrine","player_choice":"Desecrate","floor":3,"damage_taken":0},{"event_name":"Living Wall","player_choice":"Grow","floor":13,"damage_taken":0},{"event_name":"Purifier","player_choice":"One Purge","floor":19,"damage_taken":0}],"boss_relics":[{"not_picked":["Philosopher\u0027s Stone","Calling Bell"],"picked":"Black Blood"}],"items_purged_floors":[],"is_endless":false,"potions_floor_spawned":[1,4,7,11,14],"killed_by":"Book of Stabbing","ascension_level":3}