{"gold_per_floor":[167,56,70,20,195,224,224,299,367,380,380,1,20,32,32,127,127,137,152,152,38,51,51,51,51,51,51],"floor_reached":27,"playtime":1418,"items_purged":["Doubt"],"score":256,"play_id":"1f97c3a2-86c7-4cec-adc2-dc20414b0714","local_time":"20190624170716","is_ascension_mode":false,"campfire_choices":[{"floor":7.0,"key":"REST"},{"floor":15.0,"key":"REST"},{"data":"Buffer","floor":23.0,"key":"SMITH"},{"floor":25.0,"key":"RECALL"}],"neow_cost":"NONE","seed_source_timestamp":0,"circlet_count":0,"master_deck":["Defend_B","Defend_B","Defend_B","Defend_B","Zap","Dualcast","Sunder","Gash","Defragment","Double Energy","Buffer+1","Streamline","Leap+1","The Bomb+1","Gash","Seek+1","Buffer","Force Field+1","Redo+1","Bite","Bite","Bite","Bite","Bite","Undo+1","Scrape"],"special_seed":0,"relics":["Tiny House","Happy Flower","Toxic Egg 2","Torii","MealTicket","Lizard Tail","Regal Pillow"],"potions_floor_usage":[],"damage_taken":[{"damage":0.0,"enemies":"2 Louse","floor":1.0,"turns":2.0},{"damage":0.0,"enemies":"Small Slimes","floor":3.0,"turns":2.0},{"damage":47.0,"enemies":"3 Sentries","floor":6.0,"turns":12.0},{"damage":1.0,"enemies":"Cultist","floor":10.0,"turns":3.0},{"damage":1.0,"enemies":"Gremlin Gang","floor":13.0,"turns":4.0},{"damage":4.0,"enemies":"Lots of Slimes","floor":14.0,"turns":5.0},{"damage":22.0,"enemies":"Hexaghost","floor":16.0,"turns":9.0},{"damage":1.0,"enemies":"Chosen","floor":18.0,"turns":4.0},{"damage":17.0,"enemies":"3 Byrds","floor":19.0,"turns":4.0},{"damage":2.0,"enemies":"Snake Plant","floor":22.0,"turns":5.0},{"damage":0.0,"enemies":"Slavers","floor":24.0,"turns":1.0},{"damage":106,"enemies":"Gremlin Leader","floor":27,"turns":8}],"seed_played":"-2227088735321207816","potions_obtained":[{"floor":0.0,"key":"SpeedPotion"},{"floor":1.0,"key":"FocusPotion"},{"floor":10.0,"key":"FearPotion"},{"floor":14.0,"key":"Energy Potion"},{"floor":19.0,"key":"Weak Potion"},{"floor":22.0,"key":"SmokeBomb"}],"is_trial":false,"path_per_floor":["M","$","M","?","?","E","R","?","T","M","?","$","M","M","R","B",null,"M","M","?","$","M","R","E","R","T","E"],"character_chosen":"DEFECT","items_purchased":["Defragment","Double Energy","MealTicket","The Bomb+1","Undo+1"],"campfire_rested":2,"item_purchase_floors":[2,2,12,12,21],"current_hp_per_floor":[80,80,80,80,80,33,57,46,46,45,45,45,44,40,64,42,80,79,62,56,56,55,55,55,55,55,0],"gold":51,"neow_bonus":"BOSS_RELIC","is_prod":false,"is_daily":false,"chose_seed":false,"campfire_upgraded":1,"win_rate":0,"timestamp":1561410436,"path_taken":["M","$","M","?","?","E","R","?","T","M","?","$","?","?","R","BOSS","M","?","?","$","M","R","E","R","T","E"],"build_version":"2019-06-21","purchased_purges":1,"victory":false,"max_hp_per_floor":[80,80,80,80,80,80,80,80,80,80,80,80,80,80,80,80,80,80,80,56,56,56,56,56,56,56,56],"card_choices":[{"not_picked":["Static Discharge","Chaos"],"picked":"Sunder","floor":0.0},{"not_picked":["Hologram","Leap"],"picked":"Gash","floor":1.0},{"not_picked":["Undo","Stack"],"picked":"Buffer","floor":3.0},{"not_picked":["Coolheaded","Tempest"],"picked":"Streamline","floor":6.0},{"not_picked":["Go for the Eyes","Rebound"],"picked":"Leap+1","floor":10.0},{"not_picked":["Cold Snap","Barrage"],"picked":"Gash","floor":13.0},{"not_picked":["Conserve Battery+1","Streamline"],"picked":"Seek+1","floor":14.0},{"not_picked":["Creative AI","Thunder Strike"],"picked":"Buffer","floor":16.0},{"not_picked":["Ball Lightning","Capacitor"],"picked":"Force Field+1","floor":18.0},{"not_picked":["Go for the Eyes","Ball Lightning"],"picked":"Redo+1","floor":19.0},{"not_picked":["Melter","Loop"],"picked":"Scrape","floor":22.0}],"player_experience":1123527,"relics_obtained":[{"floor":6.0,"key":"Happy Flower"},{"floor":9.0,"key":"Toxic Egg 2"},{"floor":26,"key":"Regal Pillow"}],"event_choices":[{"cards_removed":["Strike_B"],"damage_healed":0.0,"max_hp_gain":0.0,"max_hp_loss":0.0,"gold_gain":0.0,"event_name":"The Cleric","player_choice":"Card Removal","floor":4.0,"gold_loss":50.0,"damage_taken":0.0},{"damage_healed":0.0,"max_hp_gain":0.0,"max_hp_loss":0.0,"gold_gain":175.0,"event_name":"Liars Game","player_choice":"AGREE","floor":5.0,"gold_loss":0.0,"damage_taken":0.0,"cards_obtained":["Doubt"]},{"damage_healed":0.0,"max_hp_gain":0.0,"max_hp_loss":0.0,"gold_gain":75.0,"event_name":"World of Goop","player_choice":"Gather Gold","floor":8.0,"gold_loss":0.0,"damage_taken":11.0},{"damage_healed":0.0,"max_hp_gain":0.0,"max_hp_loss":0.0,"gold_gain":0.0,"event_name":"WeMeetAgain","player_choice":"Gave Potion","floor":11.0,"gold_loss":0.0,"damage_taken":0.0,"relics_obtained":["Torii"]},{"damage_healed":0.0,"max_hp_gain":0.0,"max_hp_loss":24.0,"gold_gain":0.0,"event_name":"Vampires","player_choice":"Became a vampire","floor":20.0,"gold_loss":0.0,"damage_taken":0.0,"cards_obtained":["Bite","Bite","Bite","Bite","Bite"]}],"is_beta":true,"boss_relics":[{"not_picked":["Velvet Choker","Ectoplasm"],"picked":"Lizard Tail"}],"items_purged_floors":[21],"is_endless":false,"potions_floor_spawned":[1,10,14,19,22],"killed_by":"Gremlin Leader","ascension_level":0}