{"gold_per_floor":[117,117,48,67,79,79,6,38,38,58,58,58,58,74,74,172,172,190,190,190,207,221,221],"floor_reached":23,"playtime":730,"items_purged":[],"score":239,"play_id":"63a0bb75-b5ee-426e-92fe-493620d337ec","local_time":"20190606051204","is_ascension_mode":true,"campfire_choices":[{"data":"Juggernaut","floor":6,"key":"SMITH"},{"floor":15,"key":"REST"}],"neow_cost":"NONE","seed_source_timestamp":1337230280164500,"circlet_count":0,"master_deck":["Strike_R","Strike_R+1","Defend_R","Defend_R","Defend_R","Defend_R","Bash+1","Juggernaut+1","Body Slam","Inflame","Dual Wield+1","Feel No Pain","Iron Wave","Iron Wave","Uppercut","Infernal Blade","Reaper","Pommel Strike+1","Limit Break+1","Fire Breathing","Entrench","Ghostly Armor"],"relics":["Burning Blood","Gremlin Horn","Pen Nib","Question Card","Mummified Hand","Eternal Feather"],"potions_floor_usage":[10,14,14,14,16,16,18,22],"damage_taken":[{"damage":7,"enemies":"Jaw Worm","floor":1,"turns":4},{"damage":5,"enemies":"Cultist","floor":4,"turns":4},{"damage":8,"enemies":"2 Louse","floor":5,"turns":4},{"damage":52,"enemies":"Gremlin Nob","floor":8,"turns":6},{"damage":10,"enemies":"Lots of Slimes","floor":10,"turns":3},{"damage":6,"enemies":"Blue Slaver","floor":14,"turns":2},{"damage":13,"enemies":"Hexaghost","floor":16,"turns":3},{"damage":22,"enemies":"Spheric Guardian","floor":18,"turns":4},{"damage":19,"enemies":"3 Byrds","floor":21,"turns":5},{"damage":16,"enemies":"Shelled Parasite and Fungi","floor":22,"turns":4},{"damage":64,"enemies":"Slavers","floor":23,"turns":4}],"seed_played":"7615145371292119531","potions_obtained":[{"floor":8,"key":"Energy Potion"},{"floor":10,"key":"EntropicBrew"},{"floor":14,"key":"Poison Potion"},{"floor":16,"key":"Fruit Juice"},{"floor":21,"key":"EssenceOfSteel"}],"is_trial":false,"path_per_floor":["M","?","$","M","M","R","?","E","T","M","?","T","?","M","R","B",null,"M","?","?","M","M","E"],"character_chosen":"IRONCLAD","items_purchased":["Dual Wield"],"campfire_rested":1,"item_purchase_floors":[3],"current_hp_per_floor":[79,79,79,80,78,78,78,32,32,28,12,12,12,12,36,29,67,56,56,56,43,33,0],"gold":221,"neow_bonus":"ONE_RANDOM_RARE_CARD","is_prod":false,"is_daily":false,"chose_seed":false,"campfire_upgraded":1,"win_rate":0,"timestamp":1559812324,"path_taken":["M","?","$","?","M","R","?","E","T","?","?","?","?","M","R","BOSS","M","?","?","?","M","E"],"build_version":"2019-06-05","purchased_purges":0,"victory":false,"max_hp_per_floor":[80,80,80,80,80,80,80,80,80,80,80,80,80,80,80,80,80,85,85,85,85,85,85],"card_choices":[{"not_picked":["Headbutt","Armaments"],"picked":"Body Slam","floor":1},{"not_picked":["Warcry","Disarm"],"picked":"Feel No Pain","floor":4},{"not_picked":["Disarm","Perfected Strike"],"picked":"Iron Wave","floor":5},{"not_picked":["Clash","Shrug It Off"],"picked":"Iron Wave","floor":8},{"not_picked":["Anger","Brutality","Reckless Charge"],"picked":"Uppercut","floor":10},{"not_picked":["Twin Strike","Headbutt","Pommel Strike"],"picked":"Infernal Blade","floor":14},{"not_picked":["Fiend Fire","Exhume","Feed"],"picked":"Reaper","floor":16},{"not_picked":["Intimidate","Power Through","Sword Boomerang"],"picked":"Pommel Strike+1","floor":18},{"not_picked":["Dropkick","Seeing Red","True Grit"],"picked":"Entrench","floor":21},{"not_picked":["Pommel Strike","Anger","Warcry"],"picked":"Ghostly Armor","floor":22}],"player_experience":984259,"relics_obtained":[{"floor":8,"key":"Pen Nib"},{"floor":9,"key":"Question Card"},{"floor":12,"key":"Mummified Hand"}],"event_choices":[{"damage_healed":0,"gold_gain":0,"cards_transformed":["Strike_R"],"player_choice":"Transformed","damage_taken":0,"max_hp_gain":0,"max_hp_loss":0,"event_name":"Transmorgrifier","floor":2,"gold_loss":0,"cards_obtained":["Inflame"]},{"damage_healed":0,"gold_gain":0,"player_choice":"Paid Gold","damage_taken":0,"relics_obtained":["Gremlin Horn"],"max_hp_gain":0,"max_hp_loss":0,"event_name":"WeMeetAgain","floor":7,"gold_loss":73},{"damage_healed":0,"gold_gain":0,"player_choice":"Entered Light","damage_taken":16,"max_hp_gain":0,"max_hp_loss":0,"event_name":"Shining Light","floor":11,"gold_loss":0,"cards_upgraded":["Strike_R","Bash"]},{"damage_healed":0,"gold_gain":0,"player_choice":"Upgraded","damage_taken":0,"max_hp_gain":0,"max_hp_loss":0,"event_name":"Upgrade Shrine","floor":13,"gold_loss":0,"cards_upgraded":["Dual Wield"]},{"damage_healed":0,"gold_gain":0,"cards_transformed":["Strike_R","Strike_R"],"player_choice":"Became Test Subject","damage_taken":0,"max_hp_gain":0,"max_hp_loss":0,"event_name":"Drug Dealer","floor":19,"gold_loss":0,"cards_obtained":["Limit Break","Fire Breathing"]},{"damage_healed":0,"gold_gain":0,"player_choice":"Upgraded","damage_taken":0,"max_hp_gain":0,"max_hp_loss":0,"event_name":"Upgrade Shrine","floor":20,"gold_loss":0,"cards_upgraded":["Limit Break"]}],"is_beta":true,"boss_relics":[{"not_picked":["Tiny House","Black Star"],"picked":"Eternal Feather"}],"items_purged_floors":[],"is_endless":false,"potions_floor_spawned":[8,10,14,16,21],"killed_by":"Slavers","ascension_level":5}