{"gold_per_floor":[114,114,124,399,410,437,437,453,453,478,490,472,484,515,527,539],"floor_reached":16,"playtime":557,"items_purged":[],"score":102,"play_id":"771286ea-c9d2-46d7-9792-8f993910883c","local_time":"20190623200126","is_ascension_mode":false,"campfire_choices":[{"floor":7,"key":"REST"},{"floor":11,"key":"REST"},{"floor":15,"key":"REST"}],"neow_cost":"TEN_PERCENT_HP_LOSS","seed_source_timestamp":198951697832900,"circlet_count":0,"master_deck":["Strike_B","Strike_B","Strike_B","Strike_B","Defend_B","Defend_B","Defend_B","Defend_B","Zap","Dualcast","Gash","Hyperbeam","Regret","Go for the Eyes","Consume","Steam","Defragment","Zap","Redo","Melter"],"relics":["Cracked Core","FossilizedHelix","Happy Flower","MawBank"],"potions_floor_usage":[6,8,14],"damage_taken":[{"damage":0,"enemies":"Jaw Worm","floor":1,"turns":3},{"damage":0,"enemies":"Cultist","floor":3,"turns":3},{"damage":0,"enemies":"2 Louse","floor":5,"turns":1},{"damage":42,"enemies":"Lagavulin","floor":6,"turns":8},{"damage":20,"enemies":"Exordium Thugs","floor":8,"turns":3},{"damage":11,"enemies":"Large Slime","floor":10,"turns":3},{"damage":0,"enemies":"Blue Slaver","floor":14,"turns":2},{"damage":57,"enemies":"The Guardian","floor":16,"turns":9}],"seed_played":"-7135970711023234751","potions_obtained":[{"floor":5,"key":"Weak Potion"},{"floor":6,"key":"SteroidPotion"},{"floor":10,"key":"AttackPotion"}],"is_trial":false,"path_per_floor":["M","?","M","?","M","E","R","M","T","M","R","?","?","M","R","B"],"character_chosen":"DEFECT","items_purchased":[],"campfire_rested":3,"item_purchase_floors":[],"current_hp_per_floor":[68,68,68,68,68,26,46,26,26,15,35,35,35,35,55,0],"gold":539,"neow_bonus":"ONE_RARE_RELIC","is_prod":false,"is_daily":false,"chose_seed":false,"campfire_upgraded":0,"win_rate":0,"timestamp":1561334486,"path_taken":["M","?","?","?","M","E","R","M","T","?","R","?","?","?","R","BOSS"],"build_version":"2019-06-21","purchased_purges":0,"victory":false,"max_hp_per_floor":[68,68,68,68,68,68,68,68,68,68,68,68,68,68,68,68],"card_choices":[{"not_picked":["Beam Cell","Hologram"],"picked":"Gash","floor":1},{"not_picked":["Static Discharge","Go for the Eyes"],"picked":"Hyperbeam","floor":3},{"not_picked":["Recycle","Self Repair"],"picked":"Go for the Eyes","floor":5},{"not_picked":["Compile Driver","Sweeping Beam"],"picked":"Consume","floor":6},{"not_picked":["Undo","Barrage"],"picked":"Steam","floor":8},{"not_picked":["Undo","Compile Driver"],"picked":"Defragment","floor":10},{"not_picked":["Lockon","Ball Lightning"],"picked":"Melter","floor":14}],"player_experience":1115321,"relics_obtained":[{"floor":6,"key":"Happy Flower"},{"floor":9,"key":"MawBank"}],"event_choices":[{"cards_removed":["Offering"],"damage_healed":0,"gold_gain":0,"player_choice":"Took Card","damage_taken":0,"max_hp_gain":0,"max_hp_loss":0,"event_name":"NoteForYourself","floor":2,"gold_loss":0,"cards_obtained":["Offering"]},{"damage_healed":0,"gold_gain":275,"player_choice":"Desecrate","damage_taken":0,"max_hp_gain":0,"max_hp_loss":0,"event_name":"Golden Shrine","floor":4,"gold_loss":0,"cards_obtained":["Regret"]},{"damage_healed":0,"gold_gain":0,"player_choice":"Left Gold","damage_taken":0,"max_hp_gain":0,"max_hp_loss":0,"event_name":"World of Goop","floor":12,"gold_loss":30},{"damage_healed":0,"gold_gain":0,"player_choice":"2 cards matched","damage_taken":0,"max_hp_gain":0,"max_hp_loss":0,"event_name":"Match and Keep!","floor":13,"gold_loss":0,"cards_obtained":["Zap","Redo"]}],"is_beta":true,"boss_relics":[],"items_purged_floors":[],"is_endless":false,"potions_floor_spawned":[5,6,10],"killed_by":"The Guardian","ascension_level":0}