{"gold_per_floor":[117,132,132,6,31,31,31,65,65,96,117,148,33,33,33,127,127,143,193,6,6,27,27,58,58,82,103,103,147,168,212,212,302,302,326,342,72,72,72,116,116,160,231,564,564,582,612,628,628,628,628,628,628,24,51,51],"floor_reached":57,"playtime":2710,"items_purged":["Strike_R","Strike_R","Writhe"],"score":3003,"play_id":"d54a9477-e73a-481b-b2fb-1c531792cecc","local_time":"20190706141028","is_ascension_mode":true,"campfire_choices":[{"data":"Battle Trance","floor":6.0,"key":"SMITH"},{"data":"Evolve","floor":15.0,"key":"SMITH"},{"data":"Fiend Fire","floor":23.0,"key":"SMITH"},{"data":"Uppercut","floor":25.0,"key":"SMITH"},{"data":"Burning Pact","floor":28.0,"key":"SMITH"},{"floor":32.0,"key":"REST"},{"floor":41.0,"key":"RECALL"},{"floor":49.0,"key":"REST"},{"data":"Uppercut","floor":53.0,"key":"SMITH"}],"neow_cost":"PERCENT_DAMAGE","seed_source_timestamp":64725152929376,"circlet_count":0,"master_deck":["AscendersBane","Defend_R","Defend_R","Defend_R","Bash","Battle Trance+1","Shrug It Off","Metallicize","Fiend Fire+1","Inflame","Evolve+1","Combust","Burning Pact+1","Inflame","Dark Embrace","Feel No Pain","Uppercut+1","Pommel Strike","Shrug It Off","Uppercut+1","Infernal Blade","Limit Break","Sentinel+1","Impervious","Metallicize+1","Limit Break","Feel No Pain+1","Feel No Pain","Burning Pact","Feel No Pain","Intimidate","Metallicize+1"],"special_seed":0,"relics":["Burning Blood","Charon\u0027s Ashes","Pantograph","Ancient Tea Set","Bag of Marbles","Snecko Eye","Darkstone Periapt","Pen Nib","Bronze Scales","Bird Faced Urn","Mark of Pain","Kunai","Prayer Wheel","Dream Catcher","Lantern","Medical Kit","Happy Flower"],"potions_floor_usage":[56,56],"damage_taken":[{"damage":4.0,"enemies":"Small Slimes","floor":1.0,"turns":4.0},{"damage":2.0,"enemies":"Jaw Worm","floor":2.0,"turns":5.0},{"damage":0.0,"enemies":"Cultist","floor":5.0,"turns":3.0},{"damage":13.0,"enemies":"Gremlin Nob","floor":8.0,"turns":4.0},{"damage":0.0,"enemies":"3 Sentries","floor":10.0,"turns":4.0},{"damage":0.0,"enemies":"2 Fungi Beasts","floor":11.0,"turns":3.0},{"damage":0.0,"enemies":"Lagavulin","floor":12.0,"turns":4.0},{"damage":2.0,"enemies":"Slime Boss","floor":16.0,"turns":3.0},{"damage":4.0,"enemies":"Chosen","floor":18.0,"turns":3.0},{"damage":8.0,"enemies":"3 Byrds","floor":22.0,"turns":2.0},{"damage":15.0,"enemies":"Gremlin Leader","floor":24.0,"turns":5.0},{"damage":1.0,"enemies":"Snecko","floor":27.0,"turns":3.0},{"damage":25.0,"enemies":"Slavers","floor":29.0,"turns":4.0},{"damage":1.0,"enemies":"Centurion and Healer","floor":30.0,"turns":3.0},{"damage":26.0,"enemies":"Book of Stabbing","floor":31.0,"turns":4.0},{"damage":44.0,"enemies":"Collector","floor":33.0,"turns":8.0},{"damage":21.0,"enemies":"3 Darklings","floor":35.0,"turns":5.0},{"damage":17.0,"enemies":"3 Shapes","floor":36.0,"turns":3.0},{"damage":24.0,"enemies":"Giant Head","floor":40.0,"turns":6.0},{"damage":29.0,"enemies":"Reptomancer","floor":42.0,"turns":3.0},{"damage":9.0,"enemies":"Transient","floor":46.0,"turns":6.0},{"damage":56.0,"enemies":"Nemesis","floor":47.0,"turns":5.0},{"damage":16.0,"enemies":"Jaw Worm Horde","floor":48.0,"turns":3.0},{"damage":41.0,"enemies":"Donu and Deca","floor":50.0,"turns":7.0},{"damage":70.0,"enemies":"Time Eater","floor":51.0,"turns":9.0},{"damage":37.0,"enemies":"Shield and Spear","floor":55.0,"turns":6.0},{"damage":34,"enemies":"The Heart","floor":56,"turns":9}],"seed_played":"-1429487851198511987","potions_obtained":[{"floor":2.0,"key":"Dexterity Potion"},{"floor":5.0,"key":"Block Potion"},{"floor":8.0,"key":"Block Potion"},{"floor":11.0,"key":"SteroidPotion"},{"floor":14.0,"key":"Fire Potion"},{"floor":35.0,"key":"PowerPotion"},{"floor":42.0,"key":"AttackPotion"},{"floor":47.0,"key":"Block Potion"}],"is_trial":false,"path_per_floor":["M","M","?","$","M","R","?","E","T","E","M","E","$","?","R","B",null,"M","?","$","?","M","R","E","R","T","M","R","E","M","E","R","B",null,"M","M","$","?","?","E","R","E","T","?","?","M","E","M","R","B","B",null,"R","$","E","B",null],"character_chosen":"IRONCLAD","items_purchased":["Shrug It Off","Burning Pact","Inflame","Feel No Pain","Kunai","Medical Kit","Burning Pact","Feel No Pain","Intimidate","PowerPotion"],"campfire_rested":2,"item_purchase_floors":[4,13,13,20,37,54,54,54,54,54],"current_hp_per_floor":[52,56,56,56,62,62,62,55,55,61,67,68,68,68,68,68,68,68,68,68,68,66,66,57,57,57,62,62,43,48,28,48,30,59,56,55,55,55,55,51,51,42,42,42,62,73,33,35,57,51,28,63,63,63,54,66],"gold":51,"neow_bonus":"REMOVE_TWO","is_prod":false,"is_daily":false,"chose_seed":false,"campfire_upgraded":6,"win_rate":0,"timestamp":1562447428,"path_taken":["M","M","?","$","M","R","?","E","T","E","?","E","$","?","R","BOSS","M","?","?","?","M","R","E","R","T","M","R","E","?","E","R","BOSS","M","M","$","?","?","E","R","E","T","?","?","M","E","M","R","BOSS","BOSS","R","$","E","BOSS"],"build_version":"2019-07-05","purchased_purges":3,"victory":true,"max_hp_per_floor":[75,75,68,68,68,68,68,68,68,68,68,68,68,68,68,68,68,68,68,68,68,68,68,68,68,68,68,68,68,68,68,68,68,68,68,68,68,68,68,68,68,68,68,68,74,74,74,74,74,74,74,74,74,74,74,74],"card_choices":[{"not_picked":["Havoc","Flex"],"picked":"Anger","floor":1.0},{"not_picked":["Intimidate","Wild Strike"],"picked":"Battle Trance","floor":2.0},{"not_picked":["Perfected Strike","Cleave"],"picked":"Metallicize","floor":5.0},{"not_picked":["Corruption","Hemokinesis","Twin Strike"],"picked":"SKIP","floor":8.0},{"not_picked":["Infernal Blade","Warcry"],"picked":"Inflame","floor":10.0},{"not_picked":["Anger","Entrench"],"picked":"Evolve","floor":11.0},{"not_picked":["Body Slam","Blood for Blood"],"picked":"Combust","floor":12.0},{"not_picked":["Berserk","Juggernaut"],"picked":"Dark Embrace","floor":16.0},{"not_picked":["Wild Strike","Spot Weakness","Body Slam"],"picked":"SKIP","floor":18.0},{"not_picked":["Sentinel","Thunderclap","Iron Wave"],"picked":"SKIP","floor":22.0},{"not_picked":["Heavy Blade","Pommel Strike"],"picked":"Uppercut","floor":24.0},{"not_picked":["Rampage","Anger"],"picked":"Pommel Strike","floor":27.0},{"not_picked":["Inflame","Fiend Fire"],"picked":"Shrug It Off","floor":29.0},{"not_picked":["Body Slam","True Grit"],"picked":"Uppercut","floor":30.0},{"not_picked":["True Grit","Flex"],"picked":"Infernal Blade","floor":31.0},{"not_picked":["Immolate","Juggernaut"],"picked":"Limit Break","floor":33.0},{"not_picked":["Wild Strike","Sword Boomerang"],"picked":"Sentinel+1","floor":35.0},{"not_picked":["Cleave+1","Flex+1","Thunderclap+1"],"picked":"SKIP","floor":36.0},{"not_picked":["Clothesline+1","Heavy Blade"],"picked":"Impervious","floor":40.0},{"not_picked":["Anger","Heavy Blade+1","Body Slam+1"],"picked":"SKIP","floor":42.0},{"not_picked":["Clash","Twin Strike"],"picked":"Metallicize+1","floor":46.0},{"not_picked":["Headbutt","Carnage","Flex"],"picked":"SKIP","floor":46.0},{"not_picked":["Pommel Strike+1","Body Slam+1"],"picked":"Limit Break","floor":47.0},{"not_picked":["Sword Boomerang","Headbutt"],"picked":"Feel No Pain+1","floor":48.0},{"not_picked":["Searing Blow","Perfected Strike+1"],"picked":"Feel No Pain","floor":48.0},{"not_picked":["Pommel Strike+1","Anger"],"picked":"Metallicize+1","floor":55.0}],"player_experience":838407,"relics_obtained":[{"floor":8.0,"key":"Charon\u0027s Ashes"},{"floor":9.0,"key":"Pantograph"},{"floor":10.0,"key":"Ancient Tea Set"},{"floor":12.0,"key":"Bag of Marbles"},{"floor":24.0,"key":"Darkstone Periapt"},{"floor":26.0,"key":"Pen Nib"},{"floor":29.0,"key":"Bronze Scales"},{"floor":31.0,"key":"Bird Faced Urn"},{"floor":40.0,"key":"Prayer Wheel"},{"floor":42.0,"key":"Dream Catcher"},{"floor":47.0,"key":"Lantern"},{"floor":55.0,"key":"Happy Flower"}],"event_choices":[{"damage_healed":0.0,"max_hp_gain":0.0,"max_hp_loss":7.0,"gold_gain":0.0,"event_name":"Golden Idol","player_choice":"Lose Max HP","floor":3.0,"gold_loss":0.0,"damage_taken":0.0,"relics_obtained":["Golden Idol"]},{"damage_healed":0.0,"max_hp_gain":0.0,"max_hp_loss":0.0,"gold_gain":0.0,"cards_transformed":["Strike_R"],"event_name":"Transmorgrifier","player_choice":"Transformed","floor":7.0,"gold_loss":0.0,"damage_taken":0.0,"cards_obtained":["Fiend Fire"]},{"damage_healed":0.0,"max_hp_gain":0.0,"max_hp_loss":0.0,"gold_gain":0.0,"event_name":"Lab","player_choice":"Got Potions","floor":14.0,"gold_loss":0.0,"damage_taken":0.0},{"damage_healed":0.0,"max_hp_gain":0.0,"max_hp_loss":0.0,"gold_gain":100.0,"event_name":"The Joust","player_choice":"Bet on Murderer","floor":19.0,"gold_loss":50.0,"damage_taken":0.0},{"cards_removed":["Anger"],"damage_healed":0.0,"max_hp_gain":0.0,"max_hp_loss":0.0,"gold_gain":0.0,"event_name":"Purifier","player_choice":"Purged","floor":21.0,"gold_loss":0.0,"damage_taken":0.0},{"cards_removed":["Defend_R"],"damage_healed":0.0,"max_hp_gain":0.0,"max_hp_loss":0.0,"gold_gain":0.0,"event_name":"Falling","player_choice":"Removed Skill","floor":38.0,"gold_loss":0.0,"damage_taken":0.0},{"damage_healed":0.0,"max_hp_gain":0.0,"max_hp_loss":0.0,"gold_gain":0.0,"event_name":"SensoryStone","player_choice":"Memory 1","floor":39.0,"gold_loss":0.0,"damage_taken":0.0},{"damage_healed":0.0,"max_hp_gain":0.0,"max_hp_loss":0.0,"gold_gain":333.0,"event_name":"The Moai Head","player_choice":"Gave Idol","floor":44.0,"relics_lost":["Golden Idol"],"gold_loss":0.0,"damage_taken":0.0},{"damage_healed":14.0,"max_hp_gain":0.0,"max_hp_loss":0.0,"gold_gain":0.0,"event_name":"Winding Halls","player_choice":"Writhe","floor":45.0,"gold_loss":0.0,"damage_taken":0.0,"cards_obtained":["Writhe"]}],"is_beta":false,"boss_relics":[{"not_picked":["Pandora\u0027s Box","Orrery"],"picked":"Snecko Eye"},{"not_picked":["Coffee Dripper","Calling Bell"],"picked":"Mark of Pain"}],"items_purged_floors":[4,20,54],"is_endless":false,"potions_floor_spawned":[2,5,8,11,22,24,29,30,35,42,47,55],"ascension_level":20}