{"path_per_floor":["M","?","M","M","?","R","M","M","T","M","$","?","?","M","R","B",null,"M","?","?","?","M","R","E","R","T","M"],"character_chosen":"IRONCLAD","items_purchased":[],"gold_per_floor":[20,95,108,124,124,124,134,147,147,159,84,184,184,199,199,294,324,336,336,336,336,349,349,382,382,382,395,395],"floor_reached":28,"campfire_rested":2,"playtime":1480,"current_hp_per_floor":[80,69,75,80,68,68,67,73,73,72,72,72,72,78,78,31,85,85,85,69,53,54,81,13,40,40,35,0],"items_purged":["Strike_R"],"gold":395,"score":230,"play_id":"54838041-9f79-4559-ac77-14417204d0ad","local_time":"20180416193503","is_prod":false,"is_daily":false,"chose_seed":false,"is_ascension_mode":false,"campfire_upgraded":2,"timestamp":1523921703,"path_taken":["M","?","?","M","?","R","M","M","T","M","?","?","?","M","R","BOSS","M","?","?","?","M","R","E","R","T","M","E"],"build_version":"2018-04-12","seed_source_timestamp":91517944232996,"purchased_purges":1,"victory":false,"master_deck":["Strike_R","Strike_R","Defend_R+1","Defend_R","Defend_R","Defend_R","Bash","Body Slam+1","Shrug It Off","Body Slam+1","Body Slam","Armaments"],"max_hp_per_floor":[80,80,80,80,80,80,80,80,80,80,80,80,80,80,80,80,85,85,85,90,90,90,90,90,90,90,90,90],"relics":["Burning Blood","Juzu Bracelet","Centennial Puzzle","Tiny House","Nilry\u0027s Codex","Bag of Preparation","Bird Faced Urn"],"card_choices":[{"not_picked":["Headbutt","Perfected Strike"],"picked":"Body Slam","floor":1},{"not_picked":["Shockwave","Sword Boomerang"],"picked":"Shrug It Off","floor":3},{"not_picked":["Carnage","Disarm"],"picked":"Body Slam","floor":4},{"not_picked":["Intimidate","Feel No Pain"],"picked":"Body Slam","floor":14},{"not_picked":["Anger","Wild Strike"],"picked":"Armaments","floor":17}],"player_experience":668783,"potions_floor_usage":[7,10,14,16,16,18,22,24],"damage_taken":[{"damage":5,"enemies":"Small Slimes","floor":1,"turns":4},{"damage":0,"enemies":"2 Louse","floor":3,"turns":4},{"damage":0,"enemies":"Cultist","floor":4,"turns":5},{"damage":7,"enemies":"2 Fungi Beasts","floor":7,"turns":4},{"damage":0,"enemies":"Blue Slaver","floor":8,"turns":5},{"damage":7,"enemies":"Gremlin Gang","floor":10,"turns":4},{"damage":0,"enemies":"Exordium Thugs","floor":14,"turns":7},{"damage":53,"enemies":"The Guardian","floor":16,"turns":14},{"damage":2,"enemies":"2 Thieves","floor":18,"turns":3},{"damage":5,"enemies":"3 Byrds","floor":22,"turns":8},{"damage":74,"enemies":"Slavers","floor":24,"turns":9},{"damage":13,"enemies":"Centurion and Healer","floor":27,"turns":6},{"damage":41,"enemies":"Gremlin Leader","floor":28,"turns":5}],"event_choices":[{"event_name":"World of Goop","player_choice":"Gather Gold","floor":2,"damage_taken":0},{"event_name":"Scrap Ooze","player_choice":"success","floor":5,"damage_taken":12},{"event_name":"Golden Shrine","player_choice":"Pray","floor":12,"damage_taken":0},{"event_name":"The Lab","player_choice":"Got Potions","floor":13,"damage_taken":0},{"event_name":"Vampires","player_choice":"Ignored","floor":19,"damage_taken":0},{"event_name":"Forgotten Altar","player_choice":"Shed Blood","floor":20,"damage_taken":0},{"event_name":"Cursed Tome","player_choice":"Obtained Book","floor":21,"damage_taken":0}],"boss_relics":[{"not_picked":["Philosopher\u0027s Stone","Mark of Pain"],"picked":"Tiny House"}],"potions_floor_spawned":[3,8,10,16,18],"seed_played":"-7078961637738334714","killed_by":"Gremlin Leader","ascension_level":0,"is_trial":false}