{"path_per_floor":["M","?","M","M","?","R","E","?","T","?","R","M","M","$","R"],"character_chosen":"IRONCLAD","items_purchased":["Bag of Marbles","Panacea"],"gold_per_floor":[99,99,114,129,129,129,159,159,209,231,231,246,261,15,15,15],"floor_reached":16,"campfire_rested":0,"playtime":765,"current_hp_per_floor":[78,71,65,65,53,60,59,59,65,67,67,69,71,71,71,0],"items_purged":[],"gold":15,"score":100,"play_id":"cbd2d340-5d99-485d-9022-eb6d3308fba2","local_time":"20180420135427","daily_mods":["Heirloom","Cursed Run","Terminal"],"is_prod":false,"is_daily":true,"chose_seed":false,"is_ascension_mode":false,"campfire_upgraded":0,"timestamp":1524246867,"path_taken":["M","?","M","M","?","R","E","?","T","?","R","M","M","$","R","BOSS"],"build_version":"2018-04-19","seed_source_timestamp":417344117770415,"purchased_purges":0,"victory":false,"master_deck":["Strike_R","Strike_R","Strike_R","Defend_R","Defend_R","Defend_R","Defend_R","Bash","Thunderclap","Iron Wave","Injury","Ghostly Armor","Thunderclap","Panacea"],"max_hp_per_floor":[78,77,76,75,74,80,79,78,83,82,81,80,79,78,77,77],"relics":["Cursed Key","Darkstone Periapt","Du-Vu Doll","Shovel","Blood Vial","Strawberry","Mummified Hand","Regal Pillow","Odd Mushroom","Self Forming Clay","Bag of Marbles","Lantern"],"card_choices":[{"not_picked":["Shockwave","Corruption"],"picked":"Thunderclap","floor":3},{"not_picked":["Thunderclap","Rupture"],"picked":"Iron Wave","floor":7},{"not_picked":["Evolve","Wild Strike"],"picked":"Ghostly Armor","floor":10},{"not_picked":["Cleave","Flex"],"picked":"Thunderclap","floor":13}],"player_experience":687906,"potions_floor_usage":[7,16],"damage_taken":[{"damage":0,"enemies":"2 Louse","floor":1,"turns":4},{"damage":6,"enemies":"Jaw Worm","floor":3,"turns":3},{"damage":0,"enemies":"Cultist","floor":4,"turns":3},{"damage":3,"enemies":"Lagavulin","floor":7,"turns":8},{"damage":0,"enemies":"The Mushroom Lair","floor":10,"turns":4},{"damage":0,"enemies":"2 Fungi Beasts","floor":12,"turns":3},{"damage":0,"enemies":"Blue Slaver","floor":13,"turns":3},{"damage":74,"enemies":"Hexaghost","floor":16,"turns":9}],"event_choices":[{"event_name":"Golden Wing","player_choice":"Card Removal","floor":2,"damage_taken":0},{"event_name":"Scrap Ooze","player_choice":"success","floor":5,"damage_taken":12},{"event_name":"Living Wall","player_choice":"Forget","floor":8,"damage_taken":0},{"event_name":"Mushrooms","player_choice":"Fought Mushrooms","floor":10,"damage_taken":0}],"boss_relics":[],"potions_floor_spawned":[3,7,10,13],"seed_played":"8167839930029530236","killed_by":"Hexaghost","ascension_level":0,"is_trial":false}