{"path_per_floor":["M","?","?","$","M","R","M","R","T","R","$","M","M","M","R"],"character_chosen":"THE_SILENT","items_purchased":["Slice","Outmaneuver","Quick Slash"],"gold_per_floor":[114,114,114,16,31,31,46,46,71,71,2,17,32,47,47],"floor_reached":16,"campfire_rested":1,"playtime":534,"current_hp_per_floor":[70,70,70,70,64,64,61,61,61,61,61,61,43,12,33],"items_purged":["Strike_G"],"gold":47,"score":92,"play_id":"327f0da6-2abe-4f12-ab30-a68b34061ca7","local_time":"20180304041033","daily_mods":[{"name":"Diverse","description":"Start with 2 cards from another class.","modID":"Diverse","img":{"data":{"file":{"file":{"path":"images\\ui\\run_mods\\diverse.png"},"type":"Internal"},"width":64,"height":64,"format":"RGBA8888","useMipMaps":false,"isPrepared":false},"glTarget":3553,"glHandle":685,"minFilter":"Linear","magFilter":"Linear","uWrap":"ClampToEdge","vWrap":"ClampToEdge"},"positive":true},{"name":"Lethal Enemies","description":"All enemies start with +3 Strength.","modID":"Lethal Enemies","img":{"data":{"file":{"file":{"path":"images\\ui\\run_mods\\lethal_enemies.png"},"type":"Internal"},"width":64,"height":64,"format":"RGBA8888","useMipMaps":false,"isPrepared":false},"glTarget":3553,"glHandle":675,"minFilter":"Linear","magFilter":"Linear","uWrap":"ClampToEdge","vWrap":"ClampToEdge"},"positive":false},{"name":"Restless Journey","description":"You no longer heal when entering new acts.","modID":"Restless Journey","img":{"data":{"file":{"file":{"path":"images\\ui\\run_mods\\restless_journey.png"},"type":"Internal"},"width":64,"height":64,"format":"RGBA8888","useMipMaps":false,"isPrepared":false},"glTarget":3553,"glHandle":676,"minFilter":"Linear","magFilter":"Linear","uWrap":"ClampToEdge","vWrap":"ClampToEdge"},"positive":false},{"name":"Binary","description":"Card rewards contain only 2 cards.","modID":"Binary","img":{"data":{"file":{"file":{"path":"images\\ui\\run_mods\\binary.png"},"type":"Internal"},"width":64,"height":64,"format":"RGBA8888","useMipMaps":false,"isPrepared":false},"glTarget":3553,"glHandle":680,"minFilter":"Linear","magFilter":"Linear","uWrap":"ClampToEdge","vWrap":"ClampToEdge"},"positive":false}],"is_prod":false,"is_daily":true,"is_ascension_mode":false,"campfire_upgraded":3,"timestamp":1520154633,"path_taken":["M","?","?","?","M","R","M","R","T","R","$","M","M","M","R","BOSS"],"build_version":"2018-03-01-PROD1","purchased_purges":1,"victory":false,"master_deck":["Defend_G","Defend_G","Defend_G","Defend_G","Defend_G","Strike_G","Strike_G","Survivor","Neutralize","Sever Soul+1","Limit Break+1","PiercingWail+1","Noxious Fumes","Slice","Outmaneuver","Dagger Spray","Outmaneuver","Quick Slash","Sucker Punch","Catalyst","Deflect"],"max_hp_per_floor":[70,70,70,70,70,70,70,70,70,70,70,70,70,70,70],"relics":["Ring of the Snake","Vajra"],"card_choices":[{"not_picked":["Noxious Fumes"],"picked":"PiercingWail"},{"not_picked":["Poisoned Stab"],"picked":"Outmaneuver"},{"not_picked":["Backflip"],"picked":"Dagger Spray"},{"not_picked":["Acrobatics"],"picked":"Sucker Punch"},{"not_picked":["Deflect"],"picked":"Catalyst"},{"not_picked":["Masterful Stab"],"picked":"Deflect"}],"player_experience":229370,"potions_floor_usage":[7,13,16],"damage_taken":[{"damage":0,"enemies":"Small Slimes","floor":1,"turns":3},{"damage":6,"enemies":"Cultist","floor":5,"turns":3},{"damage":3,"enemies":"2 Louse","floor":7,"turns":3},{"damage":0,"enemies":"Exordium Wildlife","floor":12,"turns":3},{"damage":18,"enemies":"Exordium Thugs","floor":13,"turns":4},{"damage":31,"enemies":"3 Louse","floor":14,"turns":3},{"damage":41,"enemies":"Slime Boss","floor":16,"turns":7}],"event_choices":[{"event_name":"Transmorgrifier","player_choice":"Transform","floor":2,"damage_taken":0},{"event_name":"Bonfire Elementals","player_choice":"BASIC","floor":3,"damage_taken":0}],"boss_relics":[],"potions_floor_spawned":[1,12,13],"seed_played":"2393319582917663715","killed_by":"Slime Boss","ascension_level":0,"is_trial":false}