{"path_per_floor":["M","?","M","T","?","R","M","R","T","E","R","?","$","?","R","B",null,"M","M","?","?","M","R","M","R","T","M","$","$","E","M","R"],"character_chosen":"IRONCLAD","items_purchased":["Limit Break","Shovel"],"gold_per_floor":[118,177,194,194,144,144,161,161,186,211,211,211,211,211,211,316,316,330,345,345,345,362,362,378,378,405,424,55,55,86,100,100],"floor_reached":33,"campfire_rested":2,"playtime":1017,"current_hp_per_floor":[72,72,70,70,70,70,72,72,72,57,57,72,72,72,72,48,72,72,52,36,60,25,61,46,46,46,52,52,52,35,28,64],"items_purged":[],"gold":100,"score":363,"play_id":"ac4ca0cc-dc56-4509-88c7-2754b8b1d0b5","local_time":"20180306004324","is_prod":false,"is_daily":false,"is_ascension_mode":false,"campfire_upgraded":5,"timestamp":1520315004,"path_taken":["M","?","?","?","?","R","M","R","T","E","R","?","$","?","R","BOSS","M","M","?","?","M","R","M","R","T","M","?","$","E","M","R","BOSS"],"build_version":"2018-03-01-PROD1","purchased_purges":0,"victory":false,"master_deck":["Strike_R","Strike_R","Strike_R","Strike_R","Defend_R","Defend_R+1","Defend_R","Bludgeon+1","Whirlwind","Perfected Strike+1","Limit Break+1","Parasite","Juggernaut+1","Bludgeon+1","Pain","Doubt","Normality","Perfected Strike+1","Battle Trance+1","Necronomicurse","Battle Trance+1","Perfected Strike","Limit Break","Headbutt"],"max_hp_per_floor":[72,72,72,72,72,72,72,72,72,72,72,72,72,72,72,72,72,72,72,72,72,72,72,72,72,72,72,72,72,72,72,72],"relics":["Burning Blood","Unceasing Top","Bronze Scales","Regal Pillow","Calling Bell","Vajra","The Courier","Art of War","Necronomicon","War Paint","Shovel","Blood Vial"],"card_choices":[{"not_picked":["Clothesline","Perfected Strike"],"picked":"Bludgeon"},{"not_picked":["Flame Barrier","Warcry"],"picked":"Whirlwind"},{"not_picked":["Ghostly Armor","Pommel Strike"],"picked":"Perfected Strike"},{"not_picked":["Anger","Combust"],"picked":"Limit Break"},{"not_picked":["Double Tap","Brutality"],"picked":"Bludgeon"},{"not_picked":["Iron Wave","Wild Strike"],"picked":"Perfected Strike"},{"not_picked":["Armaments","Evolve"],"picked":"Battle Trance"},{"not_picked":["Armaments","True Grit"],"picked":"Battle Trance"},{"not_picked":["Clash","Sword Boomerang"],"picked":"Perfected Strike"},{"not_picked":["Metallicize","Feel No Pain"],"picked":"Headbutt"}],"player_experience":273565,"potions_floor_usage":[16,16,19,22,24,27],"damage_taken":[{"damage":0,"enemies":"Small Slimes","floor":1,"turns":3},{"damage":8,"enemies":"2 Louse","floor":3,"turns":2},{"damage":0,"enemies":"Cultist","floor":7,"turns":2},{"damage":21,"enemies":"Lagavulin","floor":10,"turns":5},{"damage":30,"enemies":"Slime Boss","floor":16,"turns":11},{"damage":2,"enemies":"Spheric Guardian","floor":18,"turns":3},{"damage":32,"enemies":"2 Thieves","floor":19,"turns":4},{"damage":47,"enemies":"Slaver and Parasite","floor":22,"turns":3},{"damage":21,"enemies":"Snake Plant","floor":24,"turns":2},{"damage":0,"enemies":"Snecko","floor":27,"turns":2},{"damage":23,"enemies":"Book of Stabbing","floor":30,"turns":3},{"damage":15,"enemies":"Centurion and Healer","floor":31,"turns":3},{"damage":69,"enemies":"Collector","floor":33,"turns":5}],"event_choices":[{"event_name":"Golden Wing","player_choice":"Gained Gold","floor":2,"damage_taken":0},{"event_name":"The Cleric","player_choice":"Card Removal","floor":5,"damage_taken":0},{"event_name":"Mushrooms","player_choice":"Healed and dodged fight","floor":12,"damage_taken":0},{"event_name":"Match and Keep!","player_choice":"1 cards matched","floor":14,"damage_taken":0},{"event_name":"Cursed Tome","player_choice":"Obtained Book","floor":20,"damage_taken":0},{"event_name":"The Library","player_choice":"Heal","floor":21,"damage_taken":0}],"boss_relics":[{"not_picked":["Ectoplasm","Astrolabe"],"picked":"Calling Bell"}],"potions_floor_spawned":[7,10,16,18,22,24],"seed_played":"2548581653084913746","killed_by":"Collector","ascension_level":0,"is_trial":false}