{"path_per_floor":["M","M","$","M","M","R","E","R","T","?","M","E","M","M","R","B",null,"M","?","?","M","?","R","M","R","T","R","M","M","M","M","R"],"character_chosen":"THE_SILENT","items_purchased":["Backstab"],"gold_per_floor":[114,129,39,54,69,69,99,99,99,99,114,144,159,174,174,274,274,289,289,289,304,204,204,219,219,219,219,234,249,264,279,279],"floor_reached":33,"campfire_rested":6,"playtime":2112,"current_hp_per_floor":[70,65,65,65,61,61,32,53,53,35,35,29,29,29,50,23,23,19,19,19,22,22,43,29,50,50,70,52,46,43,39,60],"items_purged":[],"gold":279,"score":288,"play_id":"02852927-4156-4eca-9154-e2c1024bc2ee","local_time":"20180304193841","daily_mods":[{"name":"All Star","description":"Start with 2 colorless cards.","modID":"Allstar","img":{"data":{"file":{"file":{"path":"images\\ui\\run_mods\\all_star.png"},"type":"Internal"},"width":64,"height":64,"format":"RGBA8888","useMipMaps":false,"isPrepared":false},"glTarget":3553,"glHandle":684,"minFilter":"Linear","magFilter":"Linear","uWrap":"ClampToEdge","vWrap":"ClampToEdge"},"positive":true},{"name":"Lethal Enemies","description":"All enemies start with +3 Strength.","modID":"Lethal Enemies","img":{"data":{"file":{"file":{"path":"images\\ui\\run_mods\\lethal_enemies.png"},"type":"Internal"},"width":64,"height":64,"format":"RGBA8888","useMipMaps":false,"isPrepared":false},"glTarget":3553,"glHandle":675,"minFilter":"Linear","magFilter":"Linear","uWrap":"ClampToEdge","vWrap":"ClampToEdge"},"positive":false},{"name":"Restless Journey","description":"You no longer heal when entering new acts.","modID":"Restless Journey","img":{"data":{"file":{"file":{"path":"images\\ui\\run_mods\\restless_journey.png"},"type":"Internal"},"width":64,"height":64,"format":"RGBA8888","useMipMaps":false,"isPrepared":false},"glTarget":3553,"glHandle":676,"minFilter":"Linear","magFilter":"Linear","uWrap":"ClampToEdge","vWrap":"ClampToEdge"},"positive":false},{"name":"Vintage","description":"The Merchant\u0027s prices are increased by 25%.","modID":"Vintage","img":{"data":{"file":{"file":{"path":"images\\ui\\run_mods\\vintage.png"},"type":"Internal"},"width":64,"height":64,"format":"RGBA8888","useMipMaps":false,"isPrepared":false},"glTarget":3553,"glHandle":677,"minFilter":"Linear","magFilter":"Linear","uWrap":"ClampToEdge","vWrap":"ClampToEdge"},"positive":false}],"is_prod":false,"is_daily":true,"is_ascension_mode":false,"campfire_upgraded":1,"timestamp":1520210321,"path_taken":["M","M","$","M","M","R","E","R","T","?","M","E","M","M","R","BOSS","M","?","?","?","?","R","M","R","T","R","M","M","M","?","R","BOSS"],"build_version":"2018-03-01-PROD1","purchased_purges":0,"victory":false,"master_deck":["Defend_G","Defend_G","Defend_G","Defend_G","Strike_G","Strike_G","Survivor","Neutralize","Dramatic Entrance","Trip+1","Dagger Throw","Leg Sweep","Backstab","Dagger Throw","Malaise","Slice","After Image","Corpse Explosion","Dagger Throw","Sucker Punch","Venomology","Die Die Die+1","Catalyst+1","Prepared+1","Caltrops+1","Tactician","Neutralize","Outmaneuver","Finisher","J.A.X.","PiercingWail+1","Noxious Fumes","Deflect+1","Outmaneuver","Grand Finale"],"max_hp_per_floor":[70,70,70,70,70,70,70,70,70,70,70,70,70,70,70,70,70,70,70,70,70,70,70,70,70,70,70,70,70,70,70,70],"relics":["Ring of the Snake","Bag of Marbles","Unceasing Top","Dodecahedron","Toolbox","Astrolabe","Singing Bowl"],"card_choices":[{"not_picked":["Sucker Punch","Catalyst"],"picked":"Dagger Throw"},{"not_picked":["Underhanded Strike","Poisoned Stab"],"picked":"Leg Sweep"},{"not_picked":["Flying Knee","Deflect"],"picked":"Dagger Throw"},{"not_picked":["PiercingWail","Dodge and Roll"],"picked":"Malaise"},{"not_picked":["Cloak And Dagger","Heel Hook"],"picked":"Slice"},{"not_picked":["Prepared","Reflex"],"picked":"After Image"},{"not_picked":["Calculated Gamble","Expertise"],"picked":"Corpse Explosion"},{"not_picked":["Underhanded Strike","Dagger Spray"],"picked":"Dagger Throw"},{"not_picked":["Finisher","Prepared"],"picked":"Sucker Punch"},{"not_picked":["Die Die Die","Tactician"],"picked":"Venomology"},{"not_picked":["Poisoned Stab","Slice"],"picked":"Caltrops"},{"not_picked":["Deflect","Endless Agony"],"picked":"Finisher"},{"not_picked":["Blade Dance","Setup"],"picked":"PiercingWail"},{"not_picked":["Accuracy","Acrobatics"],"picked":"Noxious Fumes"},{"not_picked":["Sucker Punch","Outmaneuver"],"picked":"Deflect"},{"not_picked":["Predator","Cloak And Dagger"],"picked":"Outmaneuver"},{"not_picked":["Sucker Punch","Accuracy"],"picked":"Grand Finale"}],"player_experience":247247,"potions_floor_usage":[5,12,16,21,21,24,24,28,28,30,31,31,33],"damage_taken":[{"damage":0,"enemies":"Jaw Worm","floor":1,"turns":3},{"damage":5,"enemies":"2 Louse","floor":2,"turns":2},{"damage":0,"enemies":"Cultist","floor":4,"turns":4},{"damage":4,"enemies":"Gremlin Gang","floor":5,"turns":4},{"damage":29,"enemies":"3 Sentries","floor":7,"turns":8},{"damage":0,"enemies":"Exordium Wildlife","floor":11,"turns":2},{"damage":6,"enemies":"Gremlin Nob","floor":12,"turns":3},{"damage":0,"enemies":"Exordium Thugs","floor":13,"turns":4},{"damage":0,"enemies":"3 Louse","floor":14,"turns":1},{"damage":27,"enemies":"The Guardian","floor":16,"turns":16},{"damage":4,"enemies":"3 Byrds","floor":18,"turns":3},{"damage":6,"enemies":"Spheric Guardian","floor":21,"turns":5},{"damage":14,"enemies":"Cultist and Chosen","floor":24,"turns":4},{"damage":18,"enemies":"Slaver and Parasite","floor":28,"turns":5},{"damage":6,"enemies":"3 Cultists","floor":29,"turns":4},{"damage":3,"enemies":"Cultist and Chosen","floor":30,"turns":5},{"damage":4,"enemies":"Snecko","floor":31,"turns":6},{"damage":74,"enemies":"Collector","floor":33,"turns":7}],"event_choices":[{"event_name":"Scrap Ooze","player_choice":"success","floor":10,"damage_taken":18},{"event_name":"Transmorgrifier","player_choice":"Transform","floor":19,"damage_taken":0},{"event_name":"Match and Keep!","player_choice":"2 cards matched","floor":20,"damage_taken":0},{"event_name":"Drug Dealer","player_choice":"Got JAXXED","floor":22,"damage_taken":0}],"boss_relics":[{"not_picked":["Snecko Eye","Black Star"],"picked":"Astrolabe"}],"potions_floor_spawned":[4,7,11,16,18,24,28,30],"seed_played":"1440800474786276678","killed_by":"Collector","ascension_level":0,"is_trial":false}