{"gold_per_floor":[112,112,112,123,298,326,326,351,403,119,130,130,147,182,182,282,282,301,321,2,21,21,51,51,77,77,32,32,58,58,58,58,162,162,173,192,192,4,4,4,36,36,61,89,100,119,45,62,62,62],"floor_reached":51,"playtime":2310,"items_purged":["Doubt","Strike_R"],"score":1035,"play_id":"70aa5384-f5f0-4eb4-be06-f10df643ebc2","local_time":"20180714085444","is_ascension_mode":true,"campfire_choices":[{"floor":7,"key":"REST"},{"floor":12,"key":"REST"},{"floor":15,"key":"REST"},{"floor":30,"key":"REST"},{"data":"Limit Break","floor":32,"key":"SMITH"},{"floor":40,"key":"REST"},{"data":"Metamorphosis","floor":42,"key":"SMITH"},{"floor":49,"key":"REST"}],"neow_cost":"","seed_source_timestamp":450046708192591,"circlet_count":0,"master_deck":["Strike_R","Strike_R+1","Strike_R+1","Strike_R","Defend_R","Defend_R","Bash","Shockwave","Clash","Perfected Strike","Cleave","Whirlwind+1","Uppercut+1","Pummel+1","Clash+1","Immolate+1","Shockwave","Intimidate+1","Good Instincts","Limit Break+1","RitualDagger+1","Pommel Strike+1","Ghostly","Ghostly","Ghostly","Ghostly","Ghostly","Impervious","Cleave+1","Sever Soul+1","Bludgeon+1","Carnage+1","Inflame","Searing Blow+1","Corruption+1","Feel No Pain","Armaments","Iron Wave+1","Demon Form","Bandage Up","Mind Blast+1","Metamorphosis+1","Clothesline+1","Blood for Blood+1","Perfected Strike+1","Feed+1","Perfected Strike+1","Clothesline+1","Heavy Blade+1"],"relics":["Burning Blood","Red Skull","Bottled Flame","Vajra","Molten Egg 2","Pear","Snecko Eye","Oddly Smooth Stone","Matryoshka","Unceasing Top","Whetstone","Potion Belt","Boot","Smiling Mask","Happy Flower","Orrery","Mango","Bag of Marbles","Darkstone Periapt"],"potions_floor_usage":[6,13,19,19,23,23,23,23,23,25,41,41,44,46,48],"damage_taken":[{"damage":24,"enemies":"Jaw Worm","floor":1,"turns":5},{"damage":6,"enemies":"Cultist","floor":4,"turns":4},{"damage":9,"enemies":"Gremlin Nob","floor":6,"turns":4},{"damage":57,"enemies":"3 Sentries","floor":8,"turns":10},{"damage":0,"enemies":"2 Louse","floor":11,"turns":1},{"damage":7,"enemies":"Exordium Thugs","floor":13,"turns":3},{"damage":30,"enemies":"Lagavulin","floor":14,"turns":4},{"damage":59,"enemies":"The Guardian","floor":16,"turns":9},{"damage":22,"enemies":"2 Thieves","floor":18,"turns":2},{"damage":0,"enemies":"Shell Parasite","floor":19,"turns":2},{"damage":8,"enemies":"3 Cultists","floor":21,"turns":3},{"damage":17,"enemies":"Gremlin Leader","floor":23,"turns":4},{"damage":34,"enemies":"Slavers","floor":25,"turns":6},{"damage":0,"enemies":"Gremlin Leader","floor":29,"turns":5},{"damage":10,"enemies":"Collector","floor":33,"turns":8},{"damage":3,"enemies":"3 Darklings","floor":35,"turns":4},{"damage":1,"enemies":"Orb Walker","floor":36,"turns":3},{"damage":10,"enemies":"Giant Head","floor":41,"turns":7},{"damage":3,"enemies":"Nemesis","floor":44,"turns":6},{"damage":0,"enemies":"Spire Growth","floor":45,"turns":1},{"damage":5,"enemies":"3 Darklings","floor":46,"turns":3},{"damage":43,"enemies":"Transient","floor":48,"turns":5},{"damage":27,"enemies":"Time Eater","floor":50,"turns":7}],"seed_played":"6674955213850867093","potions_obtained":[{"floor":1,"key":"Block Potion"},{"floor":4,"key":"Ancient Potion"},{"floor":8,"key":"PowerPotion"},{"floor":16,"key":"SpeedPotion"},{"floor":18,"key":"GamblersBrew"},{"floor":21,"key":"EntropicBrew"},{"floor":23,"key":"SneckoOil"},{"floor":37,"key":"Energy Potion"},{"floor":37,"key":"SpeedPotion"},{"floor":37,"key":"Ancient Potion"},{"floor":41,"key":"Poison Potion"},{"floor":44,"key":"Block Potion"},{"floor":45,"key":"PowerPotion"}],"is_trial":false,"path_per_floor":["M","?","?","M","?","E","R","E","T","$","M","R","M","E","R","B",null,"M","M","$","M","?","E","?","E","T","$","T","E","R","?","R","B",null,"M","M","?","$","?","R","E","R","T","E","M","M","$","M","R","B"],"character_chosen":"IRONCLAD","items_purchased":["Molten Egg 2","Whirlwind+1","Oddly Smooth Stone","Good Instincts","Cleave+1","Demon Form","Perfected Strike+1","Clothesline+1"],"campfire_rested":6,"item_purchase_floors":[10,10,20,20,27,38,47,47],"current_hp_per_floor":[62,62,55,55,55,52,76,25,25,25,31,55,54,40,67,14,90,74,80,80,78,72,70,45,17,17,17,17,23,36,45,45,41,45,45,45,45,45,35,45,59,59,59,59,59,59,59,22,39,22],"gold":62,"neow_bonus":"","is_prod":false,"is_daily":false,"chose_seed":false,"campfire_upgraded":2,"win_rate":0,"timestamp":1531572884,"path_taken":["M","?","?","M","?","E","R","E","T","$","M","R","M","E","R","BOSS","M","M","$","?","?","E","?","E","T","$","?","E","R","?","R","BOSS","M","M","?","$","?","R","E","R","T","E","?","M","$","M","R","BOSS"],"build_version":"2018-07-13","purchased_purges":2,"victory":true,"max_hp_per_floor":[80,80,80,80,80,80,80,80,80,80,80,80,80,90,90,90,90,90,90,90,90,90,90,45,45,45,45,45,45,45,45,45,45,45,45,45,45,45,45,45,59,59,59,59,59,59,59,59,59,59],"card_choices":[{"not_picked":["Dropkick","Heavy Blade"],"picked":"Shockwave","floor":1},{"not_picked":["Flex","Twin Strike"],"picked":"Clash","floor":4},{"not_picked":["Wild Strike","Burning Pact"],"picked":"Perfected Strike","floor":6},{"not_picked":["Seeing Red","Exhume"],"picked":"Cleave","floor":8},{"not_picked":["Fire Breathing","Anger+1"],"picked":"Uppercut+1","floor":11},{"not_picked":["Body Slam+1","Flex"],"picked":"Pummel+1","floor":13},{"not_picked":["Entrench","Body Slam+1"],"picked":"Clash+1","floor":14},{"not_picked":["Brutality","Offering"],"picked":"Immolate+1","floor":16},{"not_picked":["True Grit+1","Twin Strike+1"],"picked":"Shockwave","floor":18},{"not_picked":["Carnage+1","Fire Breathing"],"picked":"Intimidate+1","floor":19},{"not_picked":["Cleave+1","Havoc+1"],"picked":"Limit Break","floor":21},{"not_picked":["Power Through","Disarm"],"picked":"Pommel Strike+1","floor":23},{"not_picked":["Armaments+1","Shockwave+1"],"picked":"Impervious","floor":25},{"not_picked":["Clothesline+1","Sword Boomerang+1"],"picked":"Sever Soul+1","floor":29},{"not_picked":["Reaper+1","Offering"],"picked":"Bludgeon+1","floor":33},{"not_picked":["Pummel+1","Iron Wave+1"],"picked":"Carnage+1","floor":34},{"not_picked":["Combust+1","Clash+1"],"picked":"Inflame","floor":34},{"not_picked":["Second Wind+1","Sword Boomerang+1"],"picked":"Searing Blow+1","floor":34},{"not_picked":["Shrug It Off","Wild Strike+1"],"picked":"Corruption+1","floor":34},{"not_picked":["Battle Trance","Rupture"],"picked":"Feel No Pain","floor":34},{"not_picked":["Second Wind+1","Thunderclap+1"],"picked":"Armaments","floor":35},{"not_picked":["Clash+1","Armaments"],"picked":"Iron Wave+1","floor":36},{"not_picked":["Panacea","Blind"],"picked":"Bandage Up","floor":39},{"not_picked":["PanicButton","Enlightenment"],"picked":"Mind Blast+1","floor":39},{"not_picked":["Enlightenment","Secret Technique"],"picked":"Metamorphosis","floor":39},{"not_picked":["Shrug It Off","Body Slam+1"],"picked":"Clothesline+1","floor":41},{"not_picked":["Carnage+1","Sword Boomerang+1"],"picked":"Blood for Blood+1","floor":44},{"not_picked":["Twin Strike+1","Battle Trance+1"],"picked":"Perfected Strike+1","floor":45},{"not_picked":["Clash+1","True Grit"],"picked":"Feed+1","floor":46},{"not_picked":["Ghostly Armor","Sentinel"],"picked":"Heavy Blade+1","floor":48}],"player_experience":431875,"relics_obtained":[{"floor":6,"key":"Red Skull"},{"floor":8,"key":"Bottled Flame"},{"floor":9,"key":"Vajra"},{"floor":14,"key":"Pear"},{"floor":23,"key":"Matryoshka"},{"floor":25,"key":"Unceasing Top"},{"floor":26,"key":"Whetstone"},{"floor":26,"key":"Potion Belt"},{"floor":28,"key":"Boot"},{"floor":28,"key":"Smiling Mask"},{"floor":29,"key":"Happy Flower"},{"floor":41,"key":"Mango"},{"floor":43,"key":"Bag of Marbles"},{"floor":44,"key":"Darkstone Periapt"}],"event_choices":[{"event_name":"Purifier","player_choice":"One Purge","floor":2,"damage_taken":0},{"event_name":"Golden Wing","player_choice":"Card Removal","floor":3,"damage_taken":0},{"event_name":"Liars Game","player_choice":"agreed","floor":5,"damage_taken":0},{"event_name":"Nest","player_choice":"Joined the Cult","floor":22,"damage_taken":0},{"event_name":"Ghosts","player_choice":"Became a Ghost","floor":24,"damage_taken":0},{"event_name":"Wheel of Change","player_choice":"Full Heal","floor":31,"damage_taken":0},{"event_name":"The Lab","player_choice":"Got Potions","floor":37,"damage_taken":0},{"event_name":"SensoryStone","player_choice":"Memory 3","floor":39,"damage_taken":0}],"boss_relics":[{"not_picked":["Cursed Key","Fusion Hammer"],"picked":"Snecko Eye"},{"not_picked":["Philosopher\u0027s Stone","Runic Dome"],"picked":"Orrery"}],"items_purged_floors":[20,38],"is_endless":false,"potions_floor_spawned":[1,4,8,16,18,21,23,41,44,45],"ascension_level":4}