{"gold_per_floor":[112,124,135,12,32,32,60,60,140,90,90,104,104,120,120,224,224,244,255,255,255,80,80,99,130,130,130,30,47,63,76,76,76],"floor_reached":33,"playtime":3156,"items_purged":["Strike_R","Strike_R"],"score":282,"play_id":"6b7ecade-28cb-498a-99a5-9eea4cc4ed7c","local_time":"20190610114233","is_ascension_mode":true,"campfire_choices":[{"data":"Bash","floor":6,"key":"SMITH"},{"floor":8,"key":"REST"},{"floor":13,"key":"REST"},{"data":"Clothesline","floor":15,"key":"SMITH"},{"data":"Flash of Steel","floor":23,"key":"SMITH"},{"floor":27,"key":"REST"},{"data":"Shockwave","floor":32,"key":"SMITH"}],"neow_cost":"TEN_PERCENT_HP_LOSS","seed_source_timestamp":791413572559007,"circlet_count":0,"master_deck":["Strike_R","Strike_R+1","Defend_R","Defend_R","Defend_R","Defend_R+1","Bash+1","Cleave","Shrug It Off","Flex","Headbutt","Burning Pact","Juggernaut","Clothesline+1","Double Tap","Rampage","Intimidate+1","Flash of Steel+1","Flame Barrier","Dropkick+1","Headbutt","Shockwave+1"],"relics":["Burning Blood","Peace Pipe","Du-Vu Doll","Ornamental Fan","Sozu","Art of War","Pantograph"],"potions_floor_usage":[7,16,16,16],"damage_taken":[{"damage":5,"enemies":"2 Louse","floor":1,"turns":3},{"damage":11,"enemies":"Jaw Worm","floor":2,"turns":5},{"damage":1,"enemies":"Cultist","floor":3,"turns":4},{"damage":7,"enemies":"Red Slaver","floor":5,"turns":4},{"damage":28,"enemies":"Lagavulin","floor":7,"turns":5},{"damage":8,"enemies":"Lots of Slimes","floor":12,"turns":3},{"damage":5,"enemies":"3 Louse","floor":14,"turns":2},{"damage":52,"enemies":"Slime Boss","floor":16,"turns":7},{"damage":0,"enemies":"Chosen","floor":18,"turns":5},{"damage":14,"enemies":"3 Byrds","floor":19,"turns":4},{"damage":20,"enemies":"Centurion and Healer","floor":24,"turns":8},{"damage":38,"enemies":"Gremlin Leader","floor":25,"turns":8},{"damage":6,"enemies":"Snake Plant","floor":29,"turns":4},{"damage":6,"enemies":"Snecko","floor":30,"turns":5},{"damage":11,"enemies":"Shelled Parasite and Fungi","floor":31,"turns":7},{"damage":76,"enemies":"Champ","floor":33,"turns":11}],"seed_played":"-3187668902710840950","potions_obtained":[{"floor":3,"key":"Fire Potion"},{"floor":7,"key":"SteroidPotion"},{"floor":12,"key":"LiquidBronze"},{"floor":14,"key":"SkillPotion"}],"is_trial":false,"path_per_floor":["M","M","M","$","M","R","E","R","T","?","?","M","R","M","R","B",null,"M","M","?","?","$","R","M","E","T","R","$","M","M","M","R","B"],"character_chosen":"IRONCLAD","items_purchased":["Flex","Flash of Steel","Flame Barrier"],"campfire_rested":3,"item_purchase_floors":[4,22,22],"current_hp_per_floor":[72,67,72,72,71,71,49,70,70,70,56,54,72,72,72,26,72,72,64,64,64,64,64,50,18,18,39,39,39,39,34,34,0],"gold":76,"neow_bonus":"ONE_RARE_RELIC","is_prod":false,"is_daily":false,"chose_seed":false,"campfire_upgraded":4,"win_rate":0,"timestamp":1560181353,"path_taken":["M","M","M","$","M","R","E","R","T","?","?","M","R","M","R","BOSS","M","M","?","?","$","R","?","E","T","R","?","M","?","M","R","BOSS"],"build_version":"2019-01-23","purchased_purges":2,"victory":false,"max_hp_per_floor":[72,72,72,72,72,72,72,72,72,72,72,72,72,72,72,72,72,72,72,72,72,72,72,72,72,72,72,72,72,72,72,72,72],"card_choices":[{"not_picked":["Shockwave","Sword Boomerang"],"picked":"Cleave","floor":1},{"not_picked":["Anger","Corruption"],"picked":"Shrug It Off","floor":2},{"not_picked":["Combust","Corruption","Power Through"],"picked":"SKIP","floor":3},{"not_picked":["Disarm","Body Slam"],"picked":"Headbutt","floor":5},{"not_picked":["Ghostly Armor","Evolve"],"picked":"Burning Pact","floor":7},{"not_picked":["Sword Boomerang","Battle Trance"],"picked":"Juggernaut","floor":12},{"not_picked":["Rampage","Evolve"],"picked":"Clothesline","floor":14},{"not_picked":["Limit Break","Barricade"],"picked":"Double Tap","floor":16},{"not_picked":["Flex","Twin Strike"],"picked":"Rampage","floor":18},{"not_picked":["Corruption","True Grit"],"picked":"Intimidate+1","floor":19},{"not_picked":["Thunderclap","Warcry"],"picked":"Dropkick+1","floor":24},{"not_picked":["Power Through","Body Slam"],"picked":"Headbutt","floor":25},{"not_picked":["Clothesline","Carnage","Wild Strike+1"],"picked":"SKIP","floor":29},{"not_picked":["Clash","Pummel"],"picked":"Shockwave","floor":30},{"not_picked":["Warcry","Anger","Ghostly Armor"],"picked":"SKIP","floor":31}],"player_experience":99945,"relics_obtained":[{"floor":7,"key":"Du-Vu Doll"},{"floor":9,"key":"Ornamental Fan"},{"floor":25,"key":"Art of War"},{"floor":26,"key":"Pantograph"}],"event_choices":[{"cards_removed":["Strike_R"],"damage_healed":0,"gold_gain":0,"player_choice":"Card Removal","damage_taken":0,"max_hp_gain":0,"max_hp_loss":0,"event_name":"The Cleric","floor":10,"gold_loss":50},{"damage_healed":0,"gold_gain":0,"player_choice":"Entered Light","damage_taken":14,"max_hp_gain":0,"max_hp_loss":0,"event_name":"Shining Light","floor":11,"gold_loss":0,"cards_upgraded":["Strike_R","Defend_R"]},{"damage_healed":0,"gold_gain":0,"player_choice":"Ignored","damage_taken":0,"max_hp_gain":0,"max_hp_loss":0,"event_name":"Cursed Tome","floor":20,"gold_loss":0},{"damage_healed":0,"gold_gain":0,"player_choice":"Bought 0 Potions","damage_taken":0,"max_hp_gain":0,"max_hp_loss":0,"event_name":"The Woman in Blue","floor":21,"gold_loss":0}],"is_beta":false,"boss_relics":[{"not_picked":["Black Star","Astrolabe"],"picked":"Sozu"}],"items_purged_floors":[4,28],"is_endless":false,"potions_floor_spawned":[3,7,12,14,19,25,30,31],"killed_by":"Champ","ascension_level":1}