{"gold_per_floor":[110,185,20,40,5,5,5,35,35,35,53,85,85,104,104,205,205,217,26,36,52,72,72],"floor_reached":23,"playtime":801,"items_purged":[],"score":301,"play_id":"0c3b2609-0c3d-4635-a316-8985205e2a3b","local_time":"20190510220919","is_ascension_mode":true,"campfire_choices":[{"data":"The Bomb","floor":7,"key":"SMITH"},{"floor":13,"key":"REST"},{"floor":15,"key":"REST"}],"neow_cost":"NONE","seed_source_timestamp":190309342536000,"circlet_count":0,"master_deck":["Strike_B","Strike_B","Defend_B","Defend_B","Defend_B","Defend_B","Zap","Dualcast","Reboot","Chill","The Bomb+1","Chaos","Streamline","Go for the Eyes","Biased Cognition","White Noise","Amplify","Defragment+1","Chrysalis","Rebound+1","Defragment+1","Conserve Battery"],"relics":["Cracked Core","FossilizedHelix","Cables","Letter Opener","Nuclear Battery"],"potions_floor_usage":[4,8,14,14,16,16,18,21,22],"damage_taken":[{"damage":9,"enemies":"2 Louse","floor":1,"turns":3},{"damage":0,"enemies":"Jaw Worm","floor":4,"turns":3},{"damage":37,"enemies":"Gremlin Nob","floor":8,"turns":4},{"damage":0,"enemies":"Cultist","floor":11,"turns":3},{"damage":12,"enemies":"3 Sentries","floor":12,"turns":4},{"damage":0,"enemies":"Gremlin Gang","floor":14,"turns":4},{"damage":0,"enemies":"Slime Boss","floor":16,"turns":5},{"damage":0,"enemies":"2 Thieves","floor":18,"turns":3},{"damage":0,"enemies":"3 Byrds","floor":20,"turns":3},{"damage":35,"enemies":"Snake Plant","floor":21,"turns":4},{"damage":11,"enemies":"Chosen and Byrds","floor":22,"turns":4},{"damage":33,"enemies":"Slavers","floor":23,"turns":2}],"seed_played":"-2682788518060542143","potions_obtained":[{"floor":1,"key":"SteroidPotion"},{"floor":4,"key":"Poison Potion"},{"floor":12,"key":"EntropicBrew"},{"floor":16,"key":"Swift Potion"},{"floor":20,"key":"Ancient Potion"},{"floor":21,"key":"LiquidBronze"}],"is_trial":false,"path_per_floor":["M","?","$","M","?","?","R","E","T","$","M","E","R","M","R","B",null,"M","$","M","M","M","E"],"character_chosen":"DEFECT","items_purchased":["The Bomb","Chrysalis"],"campfire_rested":2,"item_purchase_floors":[3,19],"current_hp_per_floor":[66,55,55,55,73,66,66,29,29,29,29,17,39,39,61,61,75,75,75,75,40,29,0],"gold":72,"neow_bonus":"TRANSFORM_CARD","is_prod":false,"is_daily":false,"chose_seed":false,"campfire_upgraded":1,"win_rate":0,"timestamp":1557540559,"path_taken":["M","?","$","M","?","?","R","E","T","?","M","E","R","?","R","BOSS","M","$","?","?","M","E"],"build_version":"2019-05-07","purchased_purges":0,"victory":false,"max_hp_per_floor":[75,75,75,75,75,75,75,75,75,75,75,75,75,75,75,75,75,75,75,75,75,75,75],"card_choices":[{"not_picked":["Hologram","Steam"],"picked":"Chill","floor":1},{"not_picked":["Redo","Genetic Algorithm"],"picked":"Chaos","floor":4},{"not_picked":["Turbo","BootSequence"],"picked":"Streamline","floor":8},{"not_picked":["Beam Cell","Turbo"],"picked":"Go for the Eyes","floor":11},{"not_picked":["Skim","Stack"],"picked":"Biased Cognition","floor":12},{"not_picked":["Steam","Gash"],"picked":"White Noise","floor":14},{"not_picked":["Meteor Strike","Hyperbeam"],"picked":"Amplify","floor":16},{"not_picked":["Loop","Ball Lightning"],"picked":"Defragment+1","floor":18},{"not_picked":["Go for the Eyes","Beam Cell"],"picked":"Rebound+1","floor":20},{"not_picked":["Hello World","Turbo"],"picked":"Defragment+1","floor":21},{"not_picked":["Coolheaded","Hologram"],"picked":"Conserve Battery","floor":22}],"player_experience":870021,"relics_obtained":[{"floor":8,"key":"FossilizedHelix"},{"floor":9,"key":"Cables"},{"floor":12,"key":"Letter Opener"}],"event_choices":[{"damage_healed":0,"gold_gain":75,"player_choice":"Gather Gold","damage_taken":11,"max_hp_gain":0,"max_hp_loss":0,"event_name":"World of Goop","floor":2,"gold_loss":0},{"damage_healed":18,"gold_gain":0,"player_choice":"Healed","damage_taken":0,"max_hp_gain":0,"max_hp_loss":0,"event_name":"The Cleric","floor":5,"gold_loss":35},{"cards_removed":["Strike_B"],"damage_healed":0,"gold_gain":0,"player_choice":"Card Removal","damage_taken":7,"max_hp_gain":0,"max_hp_loss":0,"event_name":"Golden Wing","floor":6,"gold_loss":0}],"is_beta":true,"boss_relics":[{"not_picked":["Fusion Hammer","Busted Crown"],"picked":"Nuclear Battery"}],"items_purged_floors":[],"is_endless":false,"potions_floor_spawned":[1,4,12,16,20,21],"killed_by":"Slavers","ascension_level":4}