{"gold_per_floor":[109,128,141,153,153,182,182,217,217,59,73,87,87,112,112,186,186,186,126,26,26,26,26,26,26,26,26],"floor_reached":27,"playtime":1163,"items_purged":["Defend_R","Defend_R"],"score":472,"play_id":"36b0234f-02da-427a-8f2b-e3d3b4c15b5d","local_time":"20190529191714","is_ascension_mode":true,"campfire_choices":[{"data":"Armaments","floor":7.0,"key":"SMITH"},{"data":"Rampage","floor":13.0,"key":"SMITH"},{"data":"Battle Trance","floor":15.0,"key":"SMITH"},{"data":"Bash","floor":23,"key":"SMITH"},{"data":"Evolve","floor":25,"key":"SMITH"}],"neow_cost":"NONE","seed_source_timestamp":646200301820949,"circlet_count":0,"master_deck":["AscendersBane","Strike_R","Strike_R","Strike_R","Strike_R","Strike_R","Defend_R","Defend_R","Bash+1","Clash","Cleave","Armaments+1","Rampage+1","Headbutt","Sever Soul","Battle Trance+1","Brutality","Dual Wield+1","Evolve+1"],"special_seed":0,"relics":["Burning Blood","Dead Branch","Paper Frog","Meat on the Bone","Self Forming Clay","Pantograph","Ectoplasm","Calipers","Sundial"],"potions_floor_usage":[18,22],"damage_taken":[{"damage":7.0,"enemies":"Cultist","floor":1.0,"turns":4.0},{"damage":12.0,"enemies":"2 Louse","floor":2.0,"turns":3.0},{"damage":6.0,"enemies":"Jaw Worm","floor":3.0,"turns":4.0},{"damage":11.0,"enemies":"Gremlin Gang","floor":4.0,"turns":4.0},{"damage":16.0,"enemies":"3 Sentries","floor":6.0,"turns":7.0},{"damage":26.0,"enemies":"Gremlin Nob","floor":8.0,"turns":4.0},{"damage":12.0,"enemies":"Lots of Slimes","floor":11.0,"turns":4.0},{"damage":4.0,"enemies":"Red Slaver","floor":12.0,"turns":3.0},{"damage":12.0,"enemies":"3 Sentries","floor":14.0,"turns":5.0},{"damage":42.0,"enemies":"The Guardian","floor":16.0,"turns":9.0},{"damage":23,"enemies":"Shell Parasite","floor":18,"turns":4},{"damage":17,"enemies":"2 Thieves","floor":19,"turns":4},{"damage":31,"enemies":"Cultist and Chosen","floor":21,"turns":7},{"damage":0,"enemies":"Shelled Parasite and Fungi","floor":22,"turns":1},{"damage":40,"enemies":"Gremlin Leader","floor":24,"turns":5},{"damage":34,"enemies":"Slavers","floor":27,"turns":2}],"seed_played":"7661024965759403755","potions_obtained":[{"floor":2.0,"key":"SkillPotion"},{"floor":8.0,"key":"Weak Potion"},{"floor":11.0,"key":"Weak Potion"},{"floor":12.0,"key":"Ancient Potion"},{"floor":21,"key":"AttackPotion"},{"floor":22,"key":"LiquidBronze"}],"is_trial":false,"path_per_floor":["M","M","M","M","?","E","R","E","T","$","M","M","R","E","R","B",null,"M","M","$","M","M","R","E","R","T","E"],"character_chosen":"IRONCLAD","items_purchased":["Sever Soul"],"campfire_rested":0,"item_purchase_floors":[10],"current_hp_per_floor":[74,68,68,63,63,53,53,33,33,33,39,53,53,59,59,58,76,59,48,48,35,53,53,31,31,31,0],"gold":26,"neow_bonus":"TEN_PERCENT_HP_BONUS","is_prod":false,"is_daily":false,"chose_seed":false,"campfire_upgraded":5,"win_rate":0,"timestamp":1559150234,"path_taken":["M","M","M","?","?","E","R","E","T","?","?","M","R","E","R","BOSS","M","?","$","M","M","R","E","R","T","E"],"build_version":"2019-01-23","purchased_purges":2,"victory":false,"max_hp_per_floor":[82,82,82,82,82,82,82,82,82,82,82,82,82,82,82,82,82,82,82,82,82,82,82,82,82,82,82],"card_choices":[{"not_picked":["Rage","Flame Barrier"],"picked":"Clash","floor":1.0},{"not_picked":["True Grit","Heavy Blade"],"picked":"Cleave","floor":2.0},{"not_picked":["Headbutt","Warcry"],"picked":"Armaments","floor":3.0},{"not_picked":["Entrench","Inflame"],"picked":"Rampage","floor":4.0},{"not_picked":["Reckless Charge","Clothesline","Intimidate"],"picked":"SKIP","floor":6.0},{"not_picked":["Feel No Pain","Fire Breathing"],"picked":"Headbutt","floor":8.0},{"not_picked":["Perfected Strike","True Grit","Entrench"],"picked":"SKIP","floor":11.0},{"not_picked":["Sentinel","Sword Boomerang","Fire Breathing"],"picked":"SKIP","floor":12.0},{"not_picked":["Pommel Strike","Thunderclap"],"picked":"Battle Trance","floor":14.0},{"not_picked":["Exhume","Barricade"],"picked":"Brutality","floor":16.0},{"not_picked":["Pommel Strike","Shrug It Off","Armaments"],"picked":"SKIP","floor":18},{"not_picked":["Heavy Blade","Armaments","Pommel Strike"],"picked":"SKIP","floor":19},{"not_picked":["Second Wind+1","Clash"],"picked":"Dual Wield+1","floor":21},{"not_picked":["Seeing Red","Iron Wave+1","Body Slam"],"picked":"SKIP","floor":22},{"not_picked":["Carnage","Evolve","Blood for Blood"],"picked":"SKIP","floor":24},{"not_picked":["Carnage","Blood for Blood"],"picked":"Evolve","floor":24}],"player_experience":556359,"relics_obtained":[{"floor":6.0,"key":"Paper Frog"},{"floor":8.0,"key":"Meat on the Bone"},{"floor":9.0,"key":"Self Forming Clay"},{"floor":14.0,"key":"Pantograph"},{"floor":24,"key":"Calipers"},{"floor":26,"key":"Sundial"}],"event_choices":[{"damage_healed":0.0,"max_hp_gain":0.0,"max_hp_loss":0.0,"gold_gain":0.0,"event_name":"WeMeetAgain","player_choice":"Gave Potion","floor":5.0,"gold_loss":0.0,"damage_taken":0.0,"relics_obtained":["Dead Branch"]}],"is_beta":false,"boss_relics":[{"not_picked":["Runic Cube","Mark of Pain"],"picked":"Ectoplasm"}],"items_purged_floors":[10,20],"is_endless":false,"potions_floor_spawned":[2,8,11,12,21,22],"killed_by":"Slavers","ascension_level":17}