{"gold_per_floor":[119,139,157,31,47,82,82,92,92,15,34,34,46,221,221,321,321,341,341,440,451,133,133],"floor_reached":23,"playtime":1105,"items_purged":[],"score":218,"play_id":"5867191e-a024-4ca8-a452-838cf69638c0","local_time":"20190613161837","daily_mods":["SealedDeck"],"is_ascension_mode":false,"campfire_choices":[{"floor":7,"key":"REST"},{"data":"Sunder","floor":12,"key":"SMITH"},{"data":"Self Repair","floor":15,"key":"SMITH"}],"neow_cost":"","seed_source_timestamp":0,"circlet_count":0,"master_deck":["Rebound","Doom and Gloom","Steam","Hello World","Aggregate","Beam Cell","Gash","Gash","Gash","Gash","Hello World","Gash","Glacier","Enlightenment+1","White Noise","Leap+1","Static Discharge","Self Repair+1","Sunder+1","Capacitor","Sunder","Doubt","Meteor Strike","Capacitor+1","Self Repair","Electrodynamics","Double Energy","Self Repair"],"relics":["Cracked Core","War Paint","Happy Flower","Nuclear Battery","Sling"],"potions_floor_usage":[13,16,16,23],"damage_taken":[{"damage":0,"enemies":"Cultist","floor":1,"turns":2},{"damage":11,"enemies":"Jaw Worm","floor":2,"turns":2},{"damage":7,"enemies":"2 Louse","floor":3,"turns":2},{"damage":0,"enemies":"Looter","floor":5,"turns":3},{"damage":14,"enemies":"3 Sentries","floor":6,"turns":6},{"damage":9,"enemies":"Exordium Wildlife","floor":8,"turns":3},{"damage":1,"enemies":"Blue Slaver","floor":11,"turns":4},{"damage":0,"enemies":"Gremlin Gang","floor":13,"turns":3},{"damage":26,"enemies":"The Guardian","floor":16,"turns":7},{"damage":31,"enemies":"3 Byrds","floor":18,"turns":5},{"damage":14,"enemies":"Chosen","floor":21,"turns":4},{"damage":58,"enemies":"Gremlin Leader","floor":23,"turns":5}],"seed_played":"-910033786057172379","potions_obtained":[{"floor":3,"key":"FearPotion"},{"floor":6,"key":"LiquidBronze"},{"floor":8,"key":"Block Potion"},{"floor":21,"key":"SneckoOil"}],"is_trial":true,"path_per_floor":["M","M","M","$","M","E","R","M","T","$","M","R","M","?","R","B",null,"M","?","?","M","$","E"],"character_chosen":"DEFECT","items_purchased":["Enlightenment","White Noise","Sunder","Double Energy","Self Repair","Sling"],"campfire_rested":1,"item_purchase_floors":[4,4,10,22,22,22],"current_hp_per_floor":[75,64,57,57,57,43,65,56,56,56,62,62,62,62,62,46,75,54,54,54,57,57,0],"gold":133,"neow_bonus":"","is_prod":false,"is_daily":false,"chose_seed":false,"campfire_upgraded":2,"win_rate":0,"timestamp":1560457117,"path_taken":["M","M","?","$","M","E","R","M","T","$","M","R","M","?","R","BOSS","M","?","?","M","$","E"],"build_version":"2019-06-12","purchased_purges":0,"victory":false,"max_hp_per_floor":[75,75,75,75,75,75,75,75,75,75,75,75,75,75,75,75,75,75,75,75,75,75,75],"card_choices":[{"not_picked":["Cold Snap","Redo"],"picked":"Hello World","floor":1},{"not_picked":["Ball Lightning","Leap"],"picked":"Gash","floor":2},{"not_picked":["Coolheaded","Skim"],"picked":"Glacier","floor":3},{"not_picked":["Sweeping Beam","Steam"],"picked":"Leap","floor":5},{"not_picked":["Steam Power","Chill"],"picked":"Static Discharge","floor":6},{"not_picked":["Defragment","Sweeping Beam"],"picked":"Self Repair","floor":8},{"not_picked":["Hologram","Loop"],"picked":"Capacitor","floor":11},{"not_picked":["Darkness","Compile Driver"],"picked":"Sunder","floor":13},{"not_picked":["All For One","Seek"],"picked":"Meteor Strike","floor":16},{"not_picked":["Ball Lightning","Go for the Eyes"],"picked":"Capacitor+1","floor":18},{"not_picked":["Streamline+1","Rebound"],"picked":"Electrodynamics","floor":21}],"player_experience":1047324,"relics_obtained":[{"floor":6,"key":"War Paint"},{"floor":9,"key":"Happy Flower"}],"event_choices":[{"damage_healed":0,"gold_gain":175,"player_choice":"AGREE","damage_taken":0,"max_hp_gain":0,"max_hp_loss":0,"event_name":"Liars Game","floor":14,"gold_loss":0,"cards_obtained":["Doubt"]},{"damage_healed":0,"gold_gain":0,"player_choice":"Read","damage_taken":0,"max_hp_gain":0,"max_hp_loss":0,"event_name":"The Library","floor":19,"gold_loss":0,"cards_obtained":["Self Repair"]},{"damage_healed":0,"gold_gain":99,"player_choice":"Stole From Cult","damage_taken":0,"max_hp_gain":0,"max_hp_loss":0,"event_name":"Nest","floor":20,"gold_loss":0}],"is_beta":true,"boss_relics":[{"not_picked":["Sozu","Runic Dome"],"picked":"Nuclear Battery"}],"items_purged_floors":[],"is_endless":false,"potions_floor_spawned":[3,6,8,21],"killed_by":"Gremlin Leader","ascension_level":0}