{"gold_per_floor":[117,127,145,155,10,40,40,74,74,74,74,84,84,110,110,213,213,225,251,251,271,271,271,186,186,210,244,244,244,275,275,275,375,375,386,1385,856,871,881,881,913,913,913,1135,1148,1175,1175,1191,1191,1191],"floor_reached":50,"playtime":2427,"items_purged":["Normality"],"score":786,"play_id":"f8bddd07-b2a4-402a-ad49-78630e842199","local_time":"20180722043513","is_ascension_mode":true,"campfire_choices":[{"data":"Bash","floor":7,"key":"SMITH"},{"floor":10,"key":"REST"},{"floor":15,"key":"REST"},{"data":"Shockwave","floor":23,"key":"SMITH"},{"data":"Dual Wield","floor":25,"key":"SMITH"},{"floor":29,"key":"REST"},{"data":"Clash","floor":32,"key":"SMITH"},{"floor":40,"key":"REST"},{"floor":42,"key":"REST"},{"data":"Combust","floor":47,"key":"SMITH"},{"floor":49,"key":"REST"}],"neow_cost":"NONE","seed_source_timestamp":1125544126898530,"circlet_count":0,"master_deck":["Strike_R","Strike_R","Strike_R","Strike_R","Strike_R","Defend_R","Defend_R","Defend_R+1","Defend_R+1","Bash+1","Clash+1","Cleave","Dropkick","True Grit","Pummel","Carnage+1","Dual Wield+1","Iron Wave+1","Shockwave+1","Feel No Pain","Clash+1","Necronomicurse","Pummel+1","RitualDagger+1","Cleave+1","Bludgeon+1","Uppercut+1","Normality","Rupture","Bloodletting","Uppercut+1","Anger+1","Flame Barrier+1","Dual Wield+1","Combust+1","Sever Soul+1"],"relics":["Burning Blood","NeowsBlessing","Juzu Bracelet","Champion Belt","Molten Egg 2","Magic Flower","Gambling Chip","Blood Vial","Odd Mushroom","White Beast Statue","Red Mask","Necronomicon","Bag of Marbles","Oddly Smooth Stone","Pen Nib","Anchor","Bag of Preparation","Runic Cube","Thread and Needle","Ginger","War Paint","Happy Flower"],"potions_floor_usage":[4,12,16,19,21,27,30,33,39,41,41,41,45,46,48,50],"damage_taken":[{"damage":0,"enemies":"Jaw Worm","floor":1,"turns":1},{"damage":0,"enemies":"Cultist","floor":2,"turns":1},{"damage":0,"enemies":"Small Slimes","floor":3,"turns":1},{"damage":8,"enemies":"3 Louse","floor":4,"turns":4},{"damage":36,"enemies":"Gremlin Nob","floor":6,"turns":5},{"damage":26,"enemies":"3 Sentries","floor":8,"turns":8},{"damage":0,"enemies":"Lots of Slimes","floor":12,"turns":1},{"damage":28,"floor":14,"turns":4},{"damage":45,"enemies":"Hexaghost","floor":16,"turns":9},{"damage":42,"enemies":"Shell Parasite","floor":18,"turns":9},{"damage":46,"floor":19,"turns":7},{"damage":8,"enemies":"Chosen","floor":21,"turns":5},{"damage":23,"enemies":"Book of Stabbing","floor":27,"turns":4},{"damage":0,"enemies":"Gremlin Leader","floor":30,"turns":4},{"damage":81,"enemies":"Collector","floor":33,"turns":9},{"damage":16,"enemies":"3 Darklings","floor":35,"turns":4},{"damage":3,"enemies":"3 Shapes","floor":38,"turns":2},{"damage":26,"enemies":"3 Darklings","floor":39,"turns":11},{"damage":50,"enemies":"Giant Head","floor":41,"turns":8},{"damage":3,"enemies":"Sphere and 2 Shapes","floor":45,"turns":3},{"damage":46,"enemies":"2 Orb Walkers","floor":46,"turns":4},{"damage":15,"enemies":"Flame Bruiser 2 Orb","floor":48,"turns":4},{"damage":91,"enemies":"Donu and Deca","floor":50,"turns":4}],"seed_played":"6987427241377111416","potions_obtained":[{"floor":2,"key":"PowerPotion"},{"floor":8,"key":"Explosive Potion"},{"floor":14,"key":"Fruit Juice"},{"floor":18,"key":"Block Potion"},{"floor":19,"key":"FearPotion"},{"floor":21,"key":"SkillPotion"},{"floor":27,"key":"SteroidPotion"},{"floor":30,"key":"Explosive Potion"},{"floor":33,"key":"FearPotion"},{"floor":35,"key":"Dexterity Potion"},{"floor":38,"key":"Explosive Potion"},{"floor":39,"key":"SkillPotion"},{"floor":41,"key":"SkillPotion"},{"floor":45,"key":"Swift Potion"},{"floor":46,"key":"SkillPotion"},{"floor":48,"key":"Swift Potion"}],"is_trial":false,"path_per_floor":["M","M","M","M","?","E","R","E","T","R","?","M","?","?","R","B",null,"M","?","?","M","?","R","?","R","T","E","?","R","E","?","R","B",null,"M","?","$","M","M","R","E","R","T","?","M","E","R","M","R"],"character_chosen":"IRONCLAD","items_purchased":["Thread and Needle","Rupture","Bloodletting"],"campfire_rested":6,"item_purchase_floors":[37,37,37],"current_hp_per_floor":[80,80,80,78,78,48,48,28,28,52,49,58,58,42,66,41,74,44,10,95,95,79,79,79,79,79,68,62,90,95,95,95,23,77,73,73,73,82,68,95,54,82,82,82,91,57,57,54,82,0],"gold":1191,"neow_bonus":"THREE_ENEMY_KILL","is_prod":false,"is_daily":false,"chose_seed":false,"campfire_upgraded":5,"win_rate":0,"timestamp":1532248513,"path_taken":["M","M","M","M","?","E","R","E","T","R","?","M","?","?","R","BOSS","M","?","?","M","?","R","?","R","T","E","?","R","E","?","R","BOSS","M","?","$","M","M","R","E","R","T","?","M","E","R","M","R","BOSS"],"build_version":"2018-07-19","purchased_purges":1,"victory":false,"max_hp_per_floor":[80,80,80,80,80,80,80,80,80,80,80,80,80,80,80,85,85,85,85,95,95,95,95,95,95,95,95,95,95,95,95,95,95,95,95,95,95,95,95,95,95,95,95,95,95,95,95,95,95,95],"card_choices":[{"not_picked":["Combust","Sword Boomerang"],"picked":"Clash","floor":1},{"not_picked":["Sentinel","Hemokinesis"],"picked":"Cleave","floor":2},{"not_picked":["Warcry","Body Slam"],"picked":"Dropkick","floor":3},{"not_picked":["Shrug It Off","Clothesline"],"picked":"True Grit","floor":4},{"not_picked":["Burning Pact","Evolve"],"picked":"Pummel","floor":6},{"not_picked":["Headbutt","Cleave"],"picked":"Carnage","floor":8},{"not_picked":["Thunderclap+1","Juggernaut"],"picked":"Dual Wield","floor":12},{"not_picked":["Twin Strike+1","Corruption"],"picked":"Iron Wave+1","floor":14},{"not_picked":["Exhume","Limit Break"],"picked":"Impervious","floor":16},{"not_picked":["Corruption+1","Fire Breathing+1"],"picked":"Shockwave","floor":18},{"not_picked":["Armaments","Battle Trance+1"],"picked":"Feel No Pain","floor":19},{"not_picked":["Pommel Strike+1","Wild Strike+1"],"picked":"Clash+1","floor":21},{"not_picked":["Power Through","Headbutt+1"],"picked":"Pummel+1","floor":27},{"not_picked":["Sentinel+1","Thunderclap+1"],"picked":"Cleave+1","floor":30},{"not_picked":["Exhume","Dark Embrace"],"picked":"Bludgeon+1","floor":33},{"not_picked":["Inflame+1","Metallicize"],"picked":"Uppercut+1","floor":35},{"not_picked":["Body Slam+1","True Grit+1"],"picked":"Uppercut+1","floor":38},{"not_picked":["Intimidate+1","Wild Strike+1"],"picked":"Anger+1","floor":39},{"not_picked":["Rupture","Second Wind+1"],"picked":"Flame Barrier+1","floor":41},{"not_picked":["Flex+1","Fiend Fire+1"],"picked":"Dual Wield+1","floor":45},{"not_picked":["Pommel Strike+1","Heavy Blade+1"],"picked":"Combust","floor":46},{"not_picked":["Clothesline+1","Thunderclap+1"],"picked":"Sever Soul+1","floor":48}],"player_experience":477395,"relics_obtained":[{"floor":6,"key":"Champion Belt"},{"floor":8,"key":"Molten Egg 2"},{"floor":9,"key":"Magic Flower"},{"floor":14,"key":"Odd Mushroom"},{"floor":19,"key":"Red Mask"},{"floor":22,"key":"Necronomicon"},{"floor":26,"key":"Oddly Smooth Stone"},{"floor":27,"key":"Pen Nib"},{"floor":30,"key":"Anchor"},{"floor":41,"key":"Ginger"},{"floor":43,"key":"War Paint"},{"floor":46,"key":"Happy Flower"}],"event_choices":[{"event_name":"WeMeetAgain","player_choice":"Gold","floor":5,"damage_taken":0},{"event_name":"Scrap Ooze","player_choice":"success","floor":11,"damage_taken":3},{"event_name":"Wheel of Change","player_choice":"Relic","floor":13,"damage_taken":0},{"event_name":"Mushrooms","player_choice":"Fought Mushrooms","floor":14,"damage_taken":0},{"event_name":"Masked Bandits","player_choice":"Fought over 225 gold","floor":19,"damage_taken":0},{"event_name":"Bonfire Elementals","player_choice":"RARE","floor":20,"damage_taken":0},{"event_name":"Cursed Tome","player_choice":"Obtained Book","floor":22,"damage_taken":0},{"event_name":"Addict","player_choice":"Obtained Relic","floor":24,"damage_taken":0},{"event_name":"Nest","player_choice":"Joined the Cult","floor":28,"damage_taken":0},{"event_name":"The Mausoleum","player_choice":"Yes","floor":31,"damage_taken":0},{"event_name":"MindBloom","player_choice":"Gold","floor":36,"damage_taken":0},{"event_name":"Tomb of Lord Red Mask","player_choice":"Wore Mask","floor":44,"damage_taken":0}],"is_beta":true,"boss_relics":[{"not_picked":["Runic Dome","Sozu"],"picked":"White Beast Statue"},{"not_picked":["Coffee Dripper","Black Star"],"picked":"Runic Cube"}],"items_purged_floors":[37],"is_endless":false,"potions_floor_spawned":[2,8,14,18,19,21,27,30,33,35,38,39,41,45,46,48],"killed_by":"Donu and Deca","ascension_level":5}