{"gold_per_floor":[116,133,144,394,394,424,424,21,44,62,62,97,109,140,140,239,239,257,88,71,0,0,0],"floor_reached":23,"playtime":971,"items_purged":[],"score":351,"play_id":"b246954b-c314-48b7-9423-25a7b868974a","local_time":"20180714075932","is_ascension_mode":true,"campfire_choices":[{"floor":7,"key":"REST"},{"data":"Armaments","floor":11,"key":"SMITH"},{"floor":15,"key":"REST"}],"neow_cost":"NONE","seed_source_timestamp":448097035014436,"circlet_count":0,"master_deck":["Strike_R","Strike_R","Strike_R","Strike_R","Strike_R","Defend_R","Defend_R+1","Defend_R","Defend_R+1","Bash","Cleave","Whirlwind","Inflame","Carnage","Regret","Regret","Combust","The Bomb","The Bomb","Perfected Strike","Armaments+1","Seeing Red","Rampage","Fiend Fire","Dark Embrace","Writhe","Regret","Parasite","Sentinel+1","Limit Break","Finesse","Dual Wield+1"],"relics":["Burning Blood","Strawberry","Mercury Hourglass","DollysMirror","Vajra","Blood Vial","War Paint","Calling Bell","Boot","Frozen Egg 2","Dead Branch"],"potions_floor_usage":[3,6,13,14],"damage_taken":[{"damage":3,"enemies":"2 Louse","floor":1,"turns":2},{"damage":1,"enemies":"Cultist","floor":2,"turns":3},{"damage":1,"enemies":"Small Slimes","floor":3,"turns":2},{"damage":32,"enemies":"Gremlin Nob","floor":6,"turns":5},{"damage":22,"enemies":"Looter","floor":10,"turns":3},{"damage":34,"enemies":"3 Sentries","floor":12,"turns":4},{"damage":8,"enemies":"Blue Slaver","floor":13,"turns":2},{"damage":24,"enemies":"Lagavulin","floor":14,"turns":5},{"damage":51,"enemies":"The Guardian","floor":16,"turns":10},{"damage":33,"enemies":"Spheric Guardian","floor":18,"turns":4},{"damage":36,"enemies":"2 Thieves","floor":20,"turns":4},{"damage":38,"enemies":"Gremlin Leader","floor":23,"turns":5}],"seed_played":"-6520698277644949348","potions_obtained":[{"floor":1,"key":"Fire Potion"},{"floor":3,"key":"Weak Potion"},{"floor":12,"key":"Energy Potion"},{"floor":13,"key":"SpeedPotion"}],"is_trial":false,"path_per_floor":["M","M","M","?","?","E","R","$","T","M","R","E","M","E","R","B",null,"M","$","M","?","$"],"character_chosen":"IRONCLAD","items_purchased":["The Bomb","DollysMirror","Perfected Strike","Limit Break","Finesse"],"campfire_rested":2,"item_purchase_floors":[8,8,8,19,19],"current_hp_per_floor":[80,80,80,80,87,61,87,87,87,71,71,43,43,27,53,10,87,60,60,32,32,32,0],"gold":0,"neow_bonus":"THREE_CARDS","is_prod":false,"is_daily":false,"chose_seed":false,"campfire_upgraded":1,"win_rate":0,"timestamp":1531569572,"path_taken":["M","M","M","?","?","E","R","$","T","?","R","E","M","E","R","BOSS","M","$","M","?","?","E"],"build_version":"2018-07-13","purchased_purges":0,"victory":false,"max_hp_per_floor":[80,80,80,80,87,87,87,87,87,87,87,87,87,87,87,87,87,87,87,87,87,87,87],"card_choices":[{"not_picked":["Clash","Iron Wave"],"picked":"Cleave","floor":0},{"not_picked":["Battle Trance","Pommel Strike"],"picked":"Whirlwind","floor":1},{"not_picked":["Iron Wave","Headbutt"],"picked":"Inflame","floor":2},{"not_picked":["Clothesline","Sword Boomerang"],"picked":"Carnage","floor":3},{"not_picked":["Twin Strike","Reckless Charge"],"picked":"Combust","floor":6},{"not_picked":["Thunderclap","Sever Soul"],"picked":"Armaments","floor":10},{"not_picked":["Wild Strike","Body Slam"],"picked":"Seeing Red","floor":12},{"not_picked":["Blood for Blood","Clash"],"picked":"Rampage","floor":13},{"not_picked":["Cleave","Power Through"],"picked":"Fiend Fire","floor":14},{"not_picked":["Feed","Brutality"],"picked":"Dark Embrace","floor":16},{"not_picked":["Body Slam+1","Pommel Strike"],"picked":"Sentinel+1","floor":18},{"not_picked":["Warcry","Seeing Red"],"picked":"Dual Wield+1","floor":20}],"player_experience":430555,"relics_obtained":[{"floor":6,"key":"Mercury Hourglass"},{"floor":9,"key":"Vajra"},{"floor":12,"key":"Blood Vial"},{"floor":14,"key":"War Paint"},{"floor":17,"key":"Boot"},{"floor":17,"key":"Frozen Egg 2"},{"floor":17,"key":"Dead Branch"}],"event_choices":[{"event_name":"Golden Shrine","player_choice":"Desecrate","floor":4,"damage_taken":0},{"event_name":"Big Fish","player_choice":"Box","floor":5,"damage_taken":0},{"event_name":"Masked Bandits","player_choice":"Paid Bandits 71 gold","floor":21,"damage_taken":0}],"boss_relics":[{"not_picked":["Busted Crown","Sozu"],"picked":"Calling Bell"}],"items_purged_floors":[],"is_endless":false,"potions_floor_spawned":[1,3,12,13],"killed_by":"Gremlin Leader","ascension_level":4}