{"gold_per_floor":[19,36,36,47,57,57,82,95,95,120,137,164,164,179,179,255,255,270,270,35,51,65,90,110,138,138,150,180,226,238,268,280,292],"floor_reached":33,"playtime":1423,"items_purged":["Strike_R"],"score":662,"play_id":"810b5341-bed4-43b9-9a95-c0853ce3bbbe","local_time":"20190628222936","is_ascension_mode":true,"campfire_choices":[{"data":"Anger","floor":6.0,"key":"SMITH"},{"data":"True Grit","floor":13.0,"key":"SMITH"},{"floor":15.0,"key":"DIG"},{"floor":27,"key":"DIG"},{"floor":32,"key":"DIG"}],"neow_cost":"NO_GOLD","seed_source_timestamp":1483972649345991,"circlet_count":0,"master_deck":["AscendersBane","Strike_R","Strike_R","Strike_R","Strike_R","Defend_R","Defend_R","Defend_R","Defend_R","Bash","Anger+1","Carnage","Battle Trance","True Grit+1","Shrug It Off","Headbutt","Thunderclap","Fiend Fire","Armaments","Disarm","Armaments+1","Exhume","Corruption","Seeing Red","Flame Barrier"],"special_seed":0,"relics":["Burning Blood","Ice Cream","Bag of Preparation","Meat on the Bone","Shovel","Torii","Bronze Scales","Potion Belt","Runic Pyramid","Anchor","Lantern","Magic Flower","MawBank","Boot","Mango","Enchiridion","Gremlin Horn"],"potions_floor_usage":[23,29,33,33],"damage_taken":[{"damage":7.0,"enemies":"Small Slimes","floor":1.0,"turns":4.0},{"damage":8.0,"enemies":"2 Louse","floor":2.0,"turns":2.0},{"damage":9.0,"enemies":"Jaw Worm","floor":4.0,"turns":4.0},{"damage":9.0,"enemies":"Exordium Wildlife","floor":5.0,"turns":5.0},{"damage":25.0,"enemies":"Lagavulin","floor":7.0,"turns":6.0},{"damage":5.0,"enemies":"Gremlin Gang","floor":8.0,"turns":4.0},{"damage":24.0,"enemies":"3 Sentries","floor":10.0,"turns":9.0},{"damage":1.0,"enemies":"Looter","floor":11.0,"turns":2.0},{"damage":11.0,"enemies":"Gremlin Nob","floor":12.0,"turns":3.0},{"damage":9.0,"enemies":"Exordium Thugs","floor":14.0,"turns":4.0},{"damage":54.0,"enemies":"Slime Boss","floor":16.0,"turns":11.0},{"damage":22.0,"enemies":"Shell Parasite","floor":18.0,"turns":3.0},{"damage":1,"enemies":"2 Thieves","floor":21,"turns":4},{"damage":13,"enemies":"Sentry and Sphere","floor":22,"turns":4},{"damage":40,"enemies":"Slavers","floor":23,"turns":7},{"damage":0,"enemies":"Snecko","floor":24,"turns":2},{"damage":18,"enemies":"Book of Stabbing","floor":25,"turns":5},{"damage":0,"enemies":"Snake Plant","floor":28,"turns":3},{"damage":27,"enemies":"Slavers","floor":29,"turns":5},{"damage":6,"enemies":"3 Cultists","floor":31,"turns":4},{"damage":69,"enemies":"Champ","floor":33,"turns":13}],"seed_played":"2585490160743731973","potions_obtained":[{"floor":1.0,"key":"GamblersBrew"},{"floor":2.0,"key":"Ancient Potion"},{"floor":7.0,"key":"Dexterity Potion"},{"floor":12.0,"key":"Strength Potion"},{"floor":14.0,"key":"BloodPotion"},{"floor":16.0,"key":"Poison Potion"},{"floor":21,"key":"FearPotion"},{"floor":22,"key":"Weak Potion"},{"floor":24,"key":"Explosive Potion"},{"floor":25,"key":"AttackPotion"},{"floor":31,"key":"Block Potion"}],"is_trial":false,"path_per_floor":["M","M","?","M","M","R","E","M","T","E","M","E","R","M","R","B",null,"M","?","$","M","M","E","M","E","T","R","M","E","?","M","R","B"],"character_chosen":"IRONCLAD","items_purchased":["Anchor"],"campfire_rested":0,"item_purchase_floors":[20],"current_hp_per_floor":[67,65,47,44,41,41,22,35,35,29,46,53,53,50,50,21,62,46,25,25,42,47,25,43,43,43,43,52,66,45,66,66,0],"gold":292,"neow_bonus":"ONE_RARE_RELIC","is_prod":false,"is_daily":false,"chose_seed":false,"campfire_upgraded":2,"win_rate":0,"timestamp":1561786176,"path_taken":["M","M","?","M","M","R","E","M","T","E","M","E","R","M","R","BOSS","M","?","$","M","M","E","M","E","T","R","M","E","?","M","R","BOSS"],"build_version":"2019-01-23","purchased_purges":1,"victory":false,"max_hp_per_floor":[75,75,75,75,75,75,75,75,75,75,75,75,75,75,75,75,75,75,80,80,80,80,80,80,80,80,80,80,94,94,94,94,94],"card_choices":[{"not_picked":["Pommel Strike","Thunderclap"],"picked":"Anger","floor":1.0},{"not_picked":["Body Slam","Pommel Strike"],"picked":"Carnage","floor":2.0},{"not_picked":["Twin Strike","Dual Wield"],"picked":"Battle Trance","floor":4.0},{"not_picked":["Thunderclap","Wild Strike","Blood for Blood"],"picked":"SKIP","floor":5.0},{"not_picked":["Anger","Sentinel"],"picked":"True Grit","floor":7.0},{"not_picked":["Wild Strike","Cleave"],"picked":"Shrug It Off","floor":8.0},{"not_picked":["Dual Wield","Limit Break"],"picked":"Headbutt","floor":10.0},{"not_picked":["Pommel Strike","Wild Strike","Intimidate"],"picked":"SKIP","floor":11.0},{"not_picked":["Anger","Cleave","Headbutt"],"picked":"SKIP","floor":12.0},{"not_picked":["Flex","Perfected Strike"],"picked":"Thunderclap","floor":14.0},{"not_picked":["Impervious","Juggernaut"],"picked":"Fiend Fire","floor":16.0},{"not_picked":["Thunderclap","Rampage"],"picked":"Armaments","floor":18.0},{"not_picked":["Rampage","Pommel Strike"],"picked":"Disarm","floor":21},{"not_picked":["Clothesline","Wild Strike","Entrench"],"picked":"SKIP","floor":22},{"not_picked":["Shockwave","Sentinel+1"],"picked":"Armaments+1","floor":23},{"not_picked":["Havoc","Cleave","Twin Strike"],"picked":"SKIP","floor":24},{"not_picked":["Body Slam","Twin Strike"],"picked":"Exhume","floor":25},{"not_picked":["Thunderclap","Battle Trance"],"picked":"Corruption","floor":28},{"not_picked":["Anger","Clash"],"picked":"Seeing Red","floor":29},{"not_picked":["Havoc","Combust"],"picked":"Flame Barrier","floor":31}],"player_experience":817100,"relics_obtained":[{"floor":7.0,"key":"Meat on the Bone"},{"floor":9.0,"key":"Shovel"},{"floor":10.0,"key":"Torii"},{"floor":12.0,"key":"Bronze Scales"},{"floor":15.0,"key":"Potion Belt"},{"floor":23,"key":"Lantern"},{"floor":25,"key":"Magic Flower"},{"floor":26,"key":"MawBank"},{"floor":27,"key":"Boot"},{"floor":29,"key":"Mango"},{"floor":30,"key":"Enchiridion"},{"floor":32,"key":"Gremlin Horn"}],"event_choices":[{"damage_healed":0.0,"max_hp_gain":0.0,"max_hp_loss":0.0,"gold_gain":0.0,"event_name":"Scrap Ooze","player_choice":"Success","floor":3.0,"gold_loss":0.0,"damage_taken":18.0,"relics_obtained":["Bag of Preparation"]},{"damage_healed":0.0,"max_hp_gain":5.0,"max_hp_loss":0.0,"gold_gain":0.0,"event_name":"Forgotten Altar","player_choice":"Shed Blood","floor":19.0,"gold_loss":0.0,"damage_taken":26.0},{"damage_healed":0,"gold_gain":0,"player_choice":"Obtained Book","damage_taken":21,"max_hp_gain":0,"max_hp_loss":0,"event_name":"Cursed Tome","floor":30,"gold_loss":0}],"is_beta":false,"boss_relics":[{"not_picked":["Lizard Tail","Calling Bell"],"picked":"Runic Pyramid"}],"items_purged_floors":[20],"is_endless":false,"potions_floor_spawned":[1,2,7,8,12,14,16,21,22,24,25,31],"killed_by":"Champ","ascension_level":20}