{"path_per_floor":["M","?","$","M","?","R","M","R","T","M","R","M","M","?","R","B",null,"M","?","?","M"],"character_chosen":"DEFECT","items_purchased":["Auto Shields"],"gold_per_floor":[111,111,40,51,21,21,40,40,87,107,107,122,142,142,142,267,267,287,287,287,310,310],"floor_reached":22,"campfire_rested":3,"playtime":837,"current_hp_per_floor":[67,53,53,51,51,68,55,55,55,50,68,57,47,47,67,32,68,43,43,27,33,0],"items_purged":[],"gold":310,"score":201,"play_id":"48173ec2-6438-4959-af3c-5a9d9654e96e","local_time":"20180430025707","is_prod":false,"is_daily":false,"chose_seed":false,"is_ascension_mode":false,"campfire_upgraded":1,"timestamp":1525071427,"path_taken":["M","?","?","M","?","R","M","R","T","?","R","M","M","?","R","BOSS","M","?","?","?","M"],"build_version":"2018-04-27v3","seed_source_timestamp":1241860846335218,"purchased_purges":0,"victory":false,"master_deck":["Defend_B","Defend_B","Defend_B","Zap","Dualcast","Blaster","Auto Shields","Chaos","Gash+1","Beam Cell","Blizzard","Self Repair","Injury","Biased Cognition","Beam Cell+1","Bite","Bite","Bite","Bite","Bite","Necronomicurse","FTL"],"max_hp_per_floor":[68,68,68,68,68,68,68,68,68,68,68,68,68,68,68,68,68,68,47,47,47,47],"relics":["Cracked Core","Orichalcum","Golden Idol","Runic Pyramid","Necronomicon"],"card_choices":[{"not_picked":["Leap","Sweeping Beam"],"picked":"Blaster","floor":1},{"not_picked":["Conserve Battery","Stack"],"picked":"Chaos","floor":4},{"not_picked":["Reprogram","Blizzard"],"picked":"Gash","floor":7},{"not_picked":["Leap","Ball Lightning"],"picked":"Beam Cell","floor":10},{"not_picked":["Rebound","Streamline"],"picked":"Blizzard","floor":12},{"not_picked":["Rip and Tear","Barrage"],"picked":"Self Repair","floor":13},{"not_picked":["Seek","Meteor Strike"],"picked":"Biased Cognition","floor":16},{"not_picked":["Skim","Streamline"],"picked":"Beam Cell","floor":18},{"not_picked":["Hologram","Axe Kick"],"picked":"FTL","floor":21}],"player_experience":71193,"potions_floor_usage":[10,13,16,16,16,21],"damage_taken":[{"damage":1,"enemies":"Jaw Worm","floor":1,"turns":3},{"damage":2,"enemies":"Small Slimes","floor":4,"turns":3},{"damage":13,"enemies":"2 Louse","floor":7,"turns":2},{"damage":5,"enemies":"Exordium Thugs","floor":10,"turns":3},{"damage":11,"enemies":"2 Fungi Beasts","floor":12,"turns":3},{"damage":10,"enemies":"Lots of Slimes","floor":13,"turns":2},{"damage":42,"enemies":"Hexaghost","floor":16,"turns":10},{"damage":32,"enemies":"Spheric Guardian","floor":18,"turns":7},{"damage":17,"enemies":"3 Byrds","floor":21,"turns":7},{"damage":43,"enemies":"Snecko","floor":22,"turns":6}],"event_choices":[{"event_name":"Shining Light","player_choice":"Entered Light","floor":2,"damage_taken":0},{"event_name":"The Woman in Blue","player_choice":"Bought 2 Potions","floor":5,"damage_taken":0},{"event_name":"Golden Idol","player_choice":"Take Wound","floor":14,"damage_taken":0},{"event_name":"Vampires","player_choice":"Became a vampire","floor":19,"damage_taken":0},{"event_name":"Cursed Tome","player_choice":"Obtained Book","floor":20,"damage_taken":0}],"boss_relics":[{"not_picked":["Sozu","Lizard Tail"],"picked":"Runic Pyramid"}],"potions_floor_spawned":[4,12,13,18],"seed_played":"2492551985505908525","killed_by":"Snecko","ascension_level":0,"is_trial":false}