{"path_per_floor":["M","M","M","?","$","R","E","M","T","$","M","?","R","M","R","B",null,"M","$","T","M","?","E","M","$","T"],"character_chosen":"IRONCLAD","items_purchased":["Flex","Exhume","Flex"],"gold_per_floor":[117,130,148,148,73,73,105,125,150,4,24,24,24,40,40,142,142,159,23,48,63,63,94,111,60,60,60],"floor_reached":27,"campfire_rested":3,"playtime":804,"current_hp_per_floor":[28,28,32,24,24,48,36,30,30,30,30,30,54,52,76,31,80,80,80,80,82,82,24,16,16,16,0],"items_purged":["Defend_R","Strike_R"],"gold":60,"score":233,"play_id":"97fd9afd-ba95-4e88-9952-79dabbf1fc50","local_time":"20180415215807","is_prod":false,"is_daily":false,"chose_seed":false,"is_ascension_mode":false,"campfire_upgraded":0,"timestamp":1523843887,"path_taken":["M","?","?","?","?","R","E","?","T","$","M","?","R","M","R","BOSS","M","$","?","M","?","E","M","$","T","?"],"build_version":"2018-04-12","seed_source_timestamp":14380560905506,"purchased_purges":2,"victory":false,"master_deck":["Strike_R","Strike_R","Strike_R","Strike_R","Bash","Carnage","Shockwave","Flex","Spot Weakness","Limit Break","Shrug It Off+1","Second Wind+1","Limit Break+1","Exhume","Flex"],"max_hp_per_floor":[80,80,80,80,80,80,80,80,80,80,80,80,80,80,80,80,80,80,80,80,82,82,84,86,86,86,86],"relics":["Burning Blood","Charon\u0027s Ashes","Pantograph","Anchor","Astrolabe","Singing Bowl","Bronze Scales","Blood Vial","Darkstone Periapt"],"card_choices":[{"not_picked":["Iron Wave","Shrug It Off"],"picked":"Carnage","floor":1},{"not_picked":["True Grit","Armaments"],"picked":"Shockwave","floor":3},{"not_picked":["Second Wind","Battle Trance"],"picked":"Spot Weakness","floor":14},{"not_picked":["Exhume","Fiend Fire"],"picked":"Limit Break","floor":16}],"player_experience":651837,"potions_floor_usage":[7,7,16,16,18],"damage_taken":[{"damage":18,"enemies":"Cultist","floor":1,"turns":5},{"damage":6,"enemies":"Jaw Worm","floor":2,"turns":3},{"damage":2,"enemies":"2 Louse","floor":3,"turns":2},{"damage":27,"enemies":"Gremlin Nob","floor":7,"turns":4},{"damage":12,"enemies":"Looter","floor":8,"turns":3},{"damage":6,"enemies":"3 Louse","floor":11,"turns":3},{"damage":8,"enemies":"Lots of Slimes","floor":14,"turns":4},{"damage":70,"enemies":"The Guardian","floor":16,"turns":10},{"damage":5,"enemies":"3 Byrds","floor":18,"turns":3},{"damage":5,"enemies":"Chosen","floor":21,"turns":5},{"damage":66,"enemies":"Book of Stabbing","floor":23,"turns":6},{"damage":18,"enemies":"Snecko","floor":24,"turns":5},{"damage":22,"enemies":"Snake Plant","floor":27,"turns":4}],"event_choices":[{"event_name":"Wheel of Change","player_choice":"Damage","floor":4,"damage_taken":0},{"event_name":"The Cleric","player_choice":"Leave","floor":12,"damage_taken":0},{"event_name":"The Mausoleum","player_choice":"Yes","floor":22,"damage_taken":0}],"boss_relics":[{"not_picked":["Black Star","Pandora\u0027s Box"],"picked":"Astrolabe"}],"potions_floor_spawned":[2,3,11,14,16],"seed_played":"-3056037471784681688","killed_by":"Snake Plant","ascension_level":0,"is_trial":false}