{"gold_per_floor":[359,379,554,574,594,594,606,3,3,3,62,27,39,55,55,150,150,168,185,28,47,47,47,47],"floor_reached":24,"playtime":819,"items_purged":[],"score":263,"play_id":"49caa6d1-3edf-41e6-84f5-773f19a28103","local_time":"20190605213822","is_ascension_mode":true,"campfire_choices":[{"data":"Inflame","floor":6,"key":"SMITH"},{"floor":15,"key":"REST"},{"floor":23,"key":"REST"}],"neow_cost":"PERCENT_DAMAGE","seed_source_timestamp":0,"circlet_count":0,"master_deck":["Strike_R","Strike_R","Strike_R","Strike_R","Strike_R","Defend_R","Defend_R","Defend_R","Defend_R","Bash","Cleave","Clash","Doubt","Infernal Blade","Inflame+1","Shrug It Off","Metamorphosis","Jack Of All Trades","True Grit","Carnage","Clash","Juggernaut","Dark Embrace","Havoc","Burning Pact","Iron Wave","Dropkick","Rampage","Intimidate","Clash+1","Rampage","Armaments","Clothesline","Body Slam+1","Decay"],"special_seed":0,"relics":["Burning Blood","Unceasing Top","Bottled Tornado","Potion Belt","Incense Burner","Orrery"],"potions_floor_usage":[5,13,14,16],"damage_taken":[{"damage":6,"enemies":"Cultist","floor":1,"turns":4},{"damage":13,"enemies":"Jaw Worm","floor":2,"turns":4},{"damage":2,"enemies":"2 Louse","floor":4,"turns":3},{"damage":6,"enemies":"Looter","floor":5,"turns":3},{"damage":5,"enemies":"3 Louse","floor":7,"turns":3},{"damage":33,"enemies":"Gremlin Nob","floor":11,"turns":4},{"damage":13,"enemies":"Blue Slaver","floor":13,"turns":2},{"damage":0,"enemies":"2 Fungi Beasts","floor":14,"turns":2},{"damage":51,"enemies":"The Guardian","floor":16,"turns":10},{"damage":30,"enemies":"Shell Parasite","floor":18,"turns":4},{"damage":7,"enemies":"3 Byrds","floor":19,"turns":5},{"damage":40,"enemies":"Snecko","floor":21,"turns":6},{"damage":35,"enemies":"Centurion and Healer","floor":24,"turns":4}],"seed_played":"-6108739343887907132","potions_obtained":[{"floor":4,"key":"Block Potion"},{"floor":11,"key":"SkillPotion"},{"floor":13,"key":"AttackPotion"},{"floor":14,"key":"BloodPotion"}],"is_trial":false,"path_per_floor":["M","M","?","M","M","R","M","$","T","?","?","?","M","M","R","B",null,"M","M","$","M","?","R","M"],"character_chosen":"IRONCLAD","items_purchased":["Unceasing Top","Metamorphosis","Jack Of All Trades","True Grit","Rampage","Armaments","Clothesline"],"campfire_rested":2,"item_purchase_floors":[8,8,8,8,20,20,20],"current_hp_per_floor":[56,49,49,53,53,53,54,54,54,42,15,35,28,34,58,33,68,44,43,43,9,9,33,0],"gold":47,"neow_bonus":"TWO_FIFTY_GOLD","is_prod":false,"is_daily":false,"chose_seed":false,"campfire_upgraded":1,"win_rate":0,"timestamp":1559785102,"path_taken":["M","?","?","M","M","R","M","$","T","?","?","?","?","M","R","BOSS","M","M","$","M","?","R","M"],"build_version":"2019-06-05","purchased_purges":0,"victory":false,"max_hp_per_floor":[80,80,80,80,80,80,80,80,80,80,80,80,80,80,80,80,80,80,80,80,80,80,80,80],"card_choices":[{"not_picked":["Wild Strike","Armaments"],"picked":"Cleave","floor":1},{"not_picked":["Warcry","Twin Strike"],"picked":"Clash","floor":2},{"not_picked":["Metallicize","Body Slam"],"picked":"Infernal Blade","floor":4},{"not_picked":["Sword Boomerang","Flex"],"picked":"Inflame","floor":5},{"not_picked":["Clothesline","Burning Pact"],"picked":"Shrug It Off","floor":7},{"not_picked":["Corruption","Thunderclap"],"picked":"Carnage","floor":11},{"not_picked":["Shrug It Off","Anger"],"picked":"Clash","floor":13},{"not_picked":["Armaments","Headbutt"],"picked":"Juggernaut","floor":14},{"not_picked":["Exhume","Impervious"],"picked":"Dark Embrace","floor":16},{"not_picked":["Heavy Blade","Clothesline"],"picked":"Havoc","floor":17},{"not_picked":["Disarm","Reckless Charge"],"picked":"Burning Pact","floor":17},{"not_picked":["Flex","Wild Strike"],"picked":"Iron Wave","floor":17},{"not_picked":["Heavy Blade","Battle Trance"],"picked":"Dropkick","floor":17},{"not_picked":["Havoc","Sword Boomerang"],"picked":"Rampage","floor":17},{"not_picked":["Thunderclap","Anger"],"picked":"Intimidate","floor":18},{"not_picked":["Sentinel","Body Slam"],"picked":"Clash+1","floor":19},{"not_picked":["Sword Boomerang","Clothesline"],"picked":"Body Slam+1","floor":21}],"player_experience":973058,"relics_obtained":[{"floor":9,"key":"Bottled Tornado"},{"floor":11,"key":"Incense Burner"}],"event_choices":[{"damage_healed":0,"gold_gain":175,"player_choice":"AGREE","damage_taken":0,"max_hp_gain":0,"max_hp_loss":0,"event_name":"Liars Game","floor":3,"gold_loss":0,"cards_obtained":["Doubt"]},{"damage_healed":0,"gold_gain":0,"player_choice":"Success","damage_taken":12,"relics_obtained":["Potion Belt"],"max_hp_gain":0,"max_hp_loss":0,"event_name":"Scrap Ooze","floor":10,"gold_loss":0},{"damage_healed":0,"gold_gain":0,"player_choice":"Searched \u00271\u0027 times","damage_taken":0,"max_hp_gain":0,"max_hp_loss":0,"event_name":"Dead Adventurer","floor":11,"gold_loss":0},{"damage_healed":20,"gold_gain":0,"player_choice":"Healed","damage_taken":0,"max_hp_gain":0,"max_hp_loss":0,"event_name":"The Cleric","floor":12,"gold_loss":35},{"damage_healed":0,"gold_gain":0,"player_choice":"Smashed Altar","damage_taken":0,"max_hp_gain":0,"max_hp_loss":0,"event_name":"Forgotten Altar","floor":22,"gold_loss":0,"cards_obtained":["Decay"]}],"is_beta":true,"boss_relics":[{"not_picked":["Coffee Dripper","Sozu"],"picked":"Orrery"}],"items_purged_floors":[],"is_endless":false,"potions_floor_spawned":[4,11,13,14],"killed_by":"Centurion and Healer","ascension_level":5}