{"path_per_floor":["M","?","M","M","?","R","E","M","T","R","M","M","$","M","R"],"character_chosen":"IRONCLAD","items_purchased":["Limit Break","Infernal Blade","Blue Candle"],"gold_per_floor":[116,291,309,323,398,398,426,441,441,441,458,478,16,26,26],"floor_reached":16,"campfire_rested":2,"playtime":772,"current_hp_per_floor":[72,72,72,72,61,61,27,13,13,34,37,40,40,36,57],"items_purged":["Doubt"],"gold":26,"score":104,"play_id":"24b35fce-b2c2-42cc-a313-97ce74852b7e","local_time":"20180309145450","is_prod":false,"is_daily":false,"is_ascension_mode":false,"campfire_upgraded":1,"timestamp":1520625290,"path_taken":["M","?","M","?","?","R","E","M","T","R","M","M","$","M","R","BOSS"],"build_version":"2018-03-01-PROD1","purchased_purges":1,"victory":false,"master_deck":["Strike_R","Strike_R","Strike_R","Strike_R","Defend_R","Defend_R","Defend_R","Defend_R","Perfected Strike","Disarm","Thunderclap","Sever Soul+1","Iron Wave","Carnage","Wild Strike","Carnage","Sentinel","Limit Break","Infernal Blade","Flex"],"max_hp_per_floor":[72,72,72,72,72,72,72,72,72,72,72,72,72,72,72],"relics":["Burning Blood","Smiling Mask","Mercury Hourglass","Blue Candle"],"card_choices":[{"not_picked":["Warcry","Perfected Strike"],"picked":"Thunderclap"},{"not_picked":["Pommel Strike","Armaments"],"picked":"Sever Soul"},{"not_picked":["Dual Wield","Entrench"],"picked":"Iron Wave"},{"not_picked":["Battle Trance","Uppercut"],"picked":"Carnage"},{"not_picked":["Feel No Pain","Battle Trance"],"picked":"Wild Strike"},{"not_picked":["Pommel Strike","Armaments"],"picked":"Carnage"},{"not_picked":["Sever Soul","Anger"],"picked":"Sentinel"},{"not_picked":["Clash","Havoc"],"picked":"Flex"}],"player_experience":371352,"potions_floor_usage":[7,7,11,16],"damage_taken":[{"damage":6,"enemies":"Jaw Worm","floor":1,"turns":5},{"damage":1,"enemies":"2 Louse","floor":3,"turns":3},{"damage":5,"enemies":"Cultist","floor":4,"turns":4},{"damage":40,"enemies":"Lagavulin","floor":7,"turns":6},{"damage":20,"enemies":"Gremlin Gang","floor":8,"turns":4},{"damage":3,"enemies":"Looter","floor":11,"turns":2},{"damage":3,"enemies":"3 Louse","floor":12,"turns":3},{"damage":10,"enemies":"Exordium Wildlife","floor":14,"turns":2},{"damage":61,"enemies":"The Guardian","floor":16,"turns":8}],"event_choices":[{"event_name":"Liars Game","player_choice":"agreed","floor":2,"damage_taken":0},{"event_name":"World of Goop","player_choice":"Gather Gold","floor":5,"damage_taken":0}],"boss_relics":[],"potions_floor_spawned":[3,4,8,12],"seed_played":"1470460801329807379","killed_by":"The Guardian","ascension_level":0,"is_trial":false}