{"gold_per_floor":[113,123,123,46,60,60,99,99,99,99,24,55,70,94,94,94],"floor_reached":16,"playtime":429,"items_purged":["Strike_R"],"score":220,"play_id":"74dea68c-e30c-475f-ba50-74a068effa3c","local_time":"20190601211856","is_ascension_mode":true,"campfire_choices":[{"data":"Bash","floor":6,"key":"SMITH"},{"data":"1","floor":10,"key":"LIFT"},{"data":"2","floor":15,"key":"LIFT"}],"neow_cost":"TEN_PERCENT_HP_LOSS","seed_source_timestamp":1535313406653196,"circlet_count":0,"master_deck":["AscendersBane","Strike_R","Strike_R","Strike_R","Strike_R","Defend_R","Defend_R","Defend_R","Defend_R","Bash+1","Offering","Shrug It Off","Whirlwind","Shockwave","Clothesline","Reaper","Ghostly Armor"],"relics":["Burning Blood","Golden Idol","Girya","Peace Pipe","Paper Frog","Centennial Puzzle"],"potions_floor_usage":[7,12],"damage_taken":[{"damage":8,"enemies":"Jaw Worm","floor":1,"turns":2},{"damage":6,"enemies":"Cultist","floor":2,"turns":3},{"damage":7,"enemies":"Small Slimes","floor":5,"turns":3},{"damage":34,"enemies":"3 Sentries","floor":7,"turns":7},{"damage":16,"enemies":"Lagavulin","floor":12,"turns":6},{"damage":16,"enemies":"Exordium Thugs","floor":13,"turns":5},{"damage":6,"enemies":"Gremlin Gang","floor":14,"turns":1},{"damage":39,"enemies":"The Guardian","floor":16,"turns":11}],"seed_played":"-720228480744481838","potions_obtained":[{"floor":2,"key":"SkillPotion"},{"floor":5,"key":"Block Potion"},{"floor":7,"key":"SkillPotion"}],"is_trial":false,"path_per_floor":["M","M","?","$","M","R","E","T","T","R","$","E","M","M","R","B"],"character_chosen":"IRONCLAD","items_purchased":["Shockwave"],"campfire_rested":0,"item_purchase_floors":[4],"current_hp_per_floor":[66,66,62,62,61,61,33,33,33,33,33,23,29,29,29,0],"gold":94,"neow_bonus":"THREE_RARE_CARDS","is_prod":false,"is_daily":false,"chose_seed":false,"campfire_upgraded":1,"win_rate":0,"timestamp":1559449136,"path_taken":["M","M","?","$","M","R","E","?","T","R","$","E","M","M","R","BOSS"],"build_version":"2019-01-23","purchased_purges":1,"victory":false,"max_hp_per_floor":[68,68,62,62,62,62,62,62,62,62,62,62,62,62,62,62],"card_choices":[{"not_picked":["Brutality","Fiend Fire"],"picked":"Offering","floor":0},{"not_picked":["Havoc","Sword Boomerang"],"picked":"Shrug It Off","floor":1},{"not_picked":["Battle Trance","Warcry"],"picked":"Whirlwind","floor":2},{"not_picked":["Perfected Strike","Rampage"],"picked":"Clothesline","floor":5},{"not_picked":["Flex","Dropkick","Clash"],"picked":"SKIP","floor":7},{"not_picked":["Blood for Blood","Second Wind"],"picked":"Reaper","floor":12},{"not_picked":["Body Slam","Blood for Blood"],"picked":"Ghostly Armor","floor":13},{"not_picked":["Blood for Blood","Hemokinesis","Thunderclap"],"picked":"SKIP","floor":14}],"player_experience":769447,"relics_obtained":[{"floor":7,"key":"Girya"},{"floor":8,"key":"Peace Pipe"},{"floor":9,"key":"Paper Frog"},{"floor":12,"key":"Centennial Puzzle"}],"event_choices":[{"damage_healed":0,"gold_gain":0,"player_choice":"Lose Max HP","damage_taken":0,"relics_obtained":["Golden Idol"],"max_hp_gain":0,"max_hp_loss":6,"event_name":"Golden Idol","floor":3,"gold_loss":0}],"is_beta":false,"boss_relics":[],"items_purged_floors":[11],"is_endless":false,"potions_floor_spawned":[2,5,7],"killed_by":"The Guardian","ascension_level":20}