{"gold_per_floor":[111,111,130,130,130,130,54,54,77,110,128,153,153,167,167,167],"floor_reached":16,"playtime":426,"items_purged":[],"score":244,"play_id":"2e24f7e1-8df1-422d-90be-cae65cb8e365","local_time":"20190612212814","is_ascension_mode":true,"campfire_choices":[{"floor":6,"key":"REST"},{"data":"Malaise","floor":13,"key":"SMITH"},{"data":"Dagger Spray","floor":15,"key":"SMITH"}],"neow_cost":"NONE","seed_source_timestamp":71074362642318,"circlet_count":0,"master_deck":["AscendersBane","Defend_G","Defend_G","Defend_G","Defend_G","Defend_G+1","Strike_G","Strike_G","Strike_G","Strike_G","Survivor","Neutralize+1","Backflip","Blade Dance+1","Well Laid Plans","Cloak And Dagger","Terror","Malaise+1","Dagger Spray+1"],"relics":["Ring of the Snake","NeowsBlessing","Golden Idol","PreservedInsect","Pen Nib"],"potions_floor_usage":[12,16],"damage_taken":[{"damage":0,"enemies":"Small Slimes","floor":1,"turns":1},{"damage":0,"enemies":"Jaw Worm","floor":3,"turns":1},{"damage":0,"enemies":"3 Sentries","floor":10,"turns":1},{"damage":0,"enemies":"Cultist","floor":11,"turns":4},{"damage":0,"enemies":"2 Fungi Beasts","floor":12,"turns":2},{"damage":5,"enemies":"Large Slime","floor":14,"turns":6},{"damage":24,"enemies":"Slime Boss","floor":16,"turns":7}],"seed_played":"-8982111161550821859","potions_obtained":[{"floor":3,"key":"Explosive Potion"},{"floor":14,"key":"Swift Potion"}],"is_trial":false,"path_per_floor":["M","?","M","?","?","R","$","?","T","E","M","M","R","M","R","B"],"character_chosen":"THE_SILENT","items_purchased":["Well Laid Plans"],"campfire_rested":1,"item_purchase_floors":[7],"current_hp_per_floor":[59,52,52,29,9,28,28,28,28,28,28,28,28,23,23,0],"gold":167,"neow_bonus":"THREE_ENEMY_KILL","is_prod":false,"is_daily":false,"chose_seed":false,"campfire_upgraded":2,"win_rate":0,"timestamp":1560367694,"path_taken":["M","?","M","?","?","R","$","?","T","E","?","M","R","M","R","BOSS"],"build_version":"2019-01-23","purchased_purges":0,"victory":false,"max_hp_per_floor":[66,66,66,66,66,66,66,66,66,66,66,66,66,66,66,66],"card_choices":[{"not_picked":["Deflect","Acrobatics"],"picked":"Backflip","floor":1},{"not_picked":["Dagger Throw","Quick Slash"],"picked":"Blade Dance","floor":3},{"not_picked":["Prepared","Caltrops"],"picked":"Cloak And Dagger","floor":10},{"not_picked":["Flying Knee","Blade Dance"],"picked":"Terror","floor":11},{"not_picked":["Backflip","Terror"],"picked":"Malaise","floor":12},{"not_picked":["Backflip","Deflect"],"picked":"Dagger Spray","floor":14}],"player_experience":599171,"relics_obtained":[{"floor":9,"key":"PreservedInsect"},{"floor":10,"key":"Pen Nib"}],"event_choices":[{"cards_removed":["Strike_G"],"damage_healed":0,"gold_gain":0,"player_choice":"Card Removal","damage_taken":7,"max_hp_gain":0,"max_hp_loss":0,"event_name":"Golden Wing","floor":2,"gold_loss":0},{"damage_healed":0,"gold_gain":0,"player_choice":"Take Damage","damage_taken":23,"relics_obtained":["Golden Idol"],"max_hp_gain":0,"max_hp_loss":0,"event_name":"Golden Idol","floor":4,"gold_loss":0},{"damage_healed":0,"gold_gain":0,"player_choice":"Entered Light","damage_taken":20,"max_hp_gain":0,"max_hp_loss":0,"event_name":"Shining Light","floor":5,"gold_loss":0,"cards_upgraded":["Blade Dance","Defend_G"]},{"damage_healed":0,"gold_gain":0,"player_choice":"Forge","damage_taken":0,"max_hp_gain":0,"max_hp_loss":0,"event_name":"Accursed Blacksmith","floor":8,"gold_loss":0,"cards_upgraded":["Neutralize"]}],"is_beta":false,"boss_relics":[],"items_purged_floors":[],"is_endless":false,"potions_floor_spawned":[3,14],"killed_by":"Slime Boss","ascension_level":19}