{"gold_per_floor":[116,126,140,140,140,140,153,189,189,209,209,250,250,123,123,219,219,240,240,57,72,97,97,110,148,175,175,191,191,204,254,254,254],"floor_reached":33,"playtime":1053,"items_purged":["Strike_G"],"score":554,"play_id":"27f10a1b-a7eb-4779-b9d8-39d563d1c136","local_time":"20190528210403","is_ascension_mode":true,"campfire_choices":[{"data":"Dagger Spray","floor":6.0,"key":"SMITH"},{"floor":11.0,"key":"REST"},{"floor":13.0,"key":"REST"},{"data":"Neutralize","floor":15.0,"key":"SMITH"},{"floor":23.0,"key":"REST"},{"data":"Well Laid Plans","floor":27.0,"key":"SMITH"},{"data":"Finisher","floor":29.0,"key":"SMITH"},{"floor":32,"key":"REST"}],"neow_cost":"NONE","seed_source_timestamp":1187975387954213,"circlet_count":0,"master_deck":["AscendersBane","Defend_G","Defend_G","Defend_G","Defend_G","Defend_G","Strike_G+1","Strike_G","Survivor","Neutralize+1","Caltrops","Flying Knee","Dagger Spray+1","Dagger Throw+1","Burst","Cloak And Dagger","Die Die Die","Cloak And Dagger","Distraction","Finisher","Well Laid Plans+1","Cloak And Dagger","Dagger Spray+1","Finisher+1","Blade Dance+1"],"special_seed":0,"relics":["Ring of the Snake","Golden Idol","Bottled Flame","Mercury Hourglass","Ninja Scroll","Sozu","Meat on the Bone","Pen Nib"],"potions_floor_usage":[],"damage_taken":[{"damage":1.0,"enemies":"Jaw Worm","floor":1.0,"turns":7.0},{"damage":0.0,"enemies":"Small Slimes","floor":2.0,"turns":4.0},{"damage":8.0,"enemies":"Cultist","floor":3.0,"turns":4.0},{"damage":15.0,"enemies":"Exordium Thugs","floor":7.0,"turns":5.0},{"damage":7.0,"enemies":"3 Sentries","floor":8.0,"turns":4.0},{"damage":0.0,"enemies":"3 Louse","floor":10.0,"turns":2.0},{"damage":21.0,"enemies":"Gremlin Nob","floor":12.0,"turns":4.0},{"damage":22.0,"enemies":"The Guardian","floor":16.0,"turns":12.0},{"damage":0.0,"enemies":"3 Byrds","floor":18.0,"turns":3.0},{"damage":1.0,"enemies":"Spheric Guardian","floor":21.0,"turns":3.0},{"damage":27.0,"enemies":"Shelled Parasite and Fungi","floor":22.0,"turns":5.0},{"damage":10.0,"enemies":"Centurion and Healer","floor":24.0,"turns":6.0},{"damage":15.0,"enemies":"Slavers","floor":25.0,"turns":4.0},{"damage":0.0,"enemies":"3 Cultists","floor":28.0,"turns":3.0},{"damage":18,"enemies":"Snake Plant","floor":30,"turns":2},{"damage":80,"enemies":"Automaton","floor":33,"turns":6}],"seed_played":"-7429022669497126494","potions_obtained":[{"floor":2.0,"key":"Strength Potion"},{"floor":10.0,"key":"Dexterity Potion"},{"floor":12.0,"key":"Strength Potion"}],"is_trial":false,"path_per_floor":["M","M","M","?","?","R","M","E","T","M","R","E","R","$","R","B",null,"M","?","$","M","M","R","M","E","T","R","M","R","M","?","R","B"],"character_chosen":"THE_SILENT","items_purchased":["Cloak And Dagger","Finisher","Well Laid Plans","Cloak And Dagger"],"campfire_rested":4,"item_purchase_floors":[14,20,20,20],"current_hp_per_floor":[58,58,50,30,30,30,15,8,8,8,26,5,23,23,23,1,45,45,45,45,44,17,35,25,10,10,10,22,22,16,16,34,0],"gold":254,"neow_bonus":"TRANSFORM_CARD","is_prod":false,"is_daily":false,"chose_seed":false,"campfire_upgraded":4,"win_rate":0,"timestamp":1559102643,"path_taken":["M","M","M","?","?","R","M","E","T","?","R","E","R","$","R","BOSS","M","?","$","M","?","R","M","E","T","R","M","R","M","?","R","BOSS"],"build_version":"2019-01-23","purchased_purges":1,"victory":false,"max_hp_per_floor":[66,66,66,66,60,60,60,60,60,60,60,60,60,60,60,60,60,60,60,60,60,60,60,60,60,60,60,60,60,60,60,60,60],"card_choices":[{"not_picked":["Dodge and Roll","Bane"],"picked":"Flying Knee","floor":1.0},{"not_picked":["Backflip","Flying Knee"],"picked":"Dagger Spray","floor":2.0},{"not_picked":["Flechettes","Dagger Spray"],"picked":"Dagger Throw","floor":3.0},{"not_picked":["Flechettes","All Out Attack","Eviscerate"],"picked":"SKIP","floor":7.0},{"not_picked":["Quick Slash","Skewer"],"picked":"Burst","floor":8.0},{"not_picked":["Accuracy","Outmaneuver","Quick Slash"],"picked":"SKIP","floor":10.0},{"not_picked":["Quick Slash","Outmaneuver","Catalyst"],"picked":"SKIP","floor":12.0},{"not_picked":["Phantasmal Killer","Grand Finale"],"picked":"Die Die Die","floor":16.0},{"not_picked":["Prepared","Eviscerate"],"picked":"Cloak And Dagger","floor":18.0},{"not_picked":["Setup","Sucker Punch"],"picked":"Dagger Spray+1","floor":21.0},{"not_picked":["Sucker Punch","Flechettes","Tactician"],"picked":"SKIP","floor":22.0},{"not_picked":["Dagger Spray","Eviscerate","Prepared"],"picked":"SKIP","floor":24.0},{"not_picked":["Infinite Blades","Poisoned Stab"],"picked":"Finisher","floor":25.0},{"not_picked":["Deflect","Dagger Throw"],"picked":"Blade Dance+1","floor":28.0},{"not_picked":["Deflect","Eviscerate","Poisoned Stab+1"],"picked":"SKIP","floor":30}],"player_experience":744268,"relics_obtained":[{"floor":8.0,"key":"Bottled Flame"},{"floor":9.0,"key":"Mercury Hourglass"},{"floor":12.0,"key":"Ninja Scroll"},{"floor":25.0,"key":"Meat on the Bone"},{"floor":26.0,"key":"Pen Nib"}],"event_choices":[{"damage_healed":0.0,"max_hp_gain":0.0,"max_hp_loss":0.0,"gold_gain":0.0,"event_name":"Shining Light","player_choice":"Entered Light","floor":4.0,"gold_loss":0.0,"damage_taken":20.0,"cards_upgraded":["Strike_G","Dagger Throw"]},{"damage_healed":0.0,"max_hp_gain":0.0,"max_hp_loss":6.0,"gold_gain":0.0,"event_name":"Golden Idol","player_choice":"Lose Max HP","floor":5.0,"gold_loss":0.0,"damage_taken":0.0,"relics_obtained":["Golden Idol"]},{"damage_healed":0.0,"max_hp_gain":0.0,"max_hp_loss":0.0,"gold_gain":0.0,"cards_transformed":["Strike_G"],"event_name":"Transmorgrifier","player_choice":"Transformed","floor":19.0,"gold_loss":0.0,"damage_taken":0.0,"cards_obtained":["Distraction"]},{"damage_healed":0,"gold_gain":50,"player_choice":"Stole From Cult","damage_taken":0,"max_hp_gain":0,"max_hp_loss":0,"event_name":"Nest","floor":31,"gold_loss":0}],"is_beta":false,"boss_relics":[{"not_picked":["Ring of the Serpent","HoveringKite"],"picked":"Sozu"}],"items_purged_floors":[14],"is_endless":false,"potions_floor_spawned":[2,10,12,18,22,24],"killed_by":"Automaton","ascension_level":20}