{"gold_per_floor":[112,125,135,145,160,191,191,216,216,316,330,330,364,375,375,449,449,462,476,49,66,66],"floor_reached":22,"playtime":858,"items_purged":["Strike_R"],"score":420,"play_id":"cae07617-9194-410c-ac87-f892b975c96d","local_time":"20190607193120","is_ascension_mode":true,"campfire_choices":[{"data":"Body Slam","floor":7.0,"key":"SMITH"},{"floor":15.0,"key":"REST"}],"neow_cost":"TEN_PERCENT_HP_LOSS","seed_source_timestamp":2046760405105663,"circlet_count":0,"master_deck":["AscendersBane","Strike_R","Strike_R","Defend_R","Defend_R","Defend_R","Defend_R","Bash","Sentinel","Bludgeon","Shrug It Off","Body Slam+1","Spot Weakness","Pommel Strike","Shrug It Off","Shockwave","Combust","Feed","Flame Barrier+1","Shrug It Off+1"],"special_seed":0,"relics":["Burning Blood","Centennial Puzzle","Dream Catcher","Singing Bowl","Bird Faced Urn","Velvet Choker","Toxic Egg 2"],"potions_floor_usage":[16,22,22],"damage_taken":[{"damage":6.0,"enemies":"Cultist","floor":1.0,"turns":3.0},{"damage":12.0,"enemies":"Jaw Worm","floor":2.0,"turns":3.0},{"damage":0.0,"enemies":"Small Slimes","floor":3.0,"turns":2.0},{"damage":9.0,"enemies":"2 Fungi Beasts","floor":4.0,"turns":4.0},{"damage":11.0,"enemies":"Blue Slaver","floor":5.0,"turns":5.0},{"damage":22.0,"enemies":"3 Sentries","floor":6.0,"turns":7.0},{"damage":17.0,"enemies":"Lagavulin","floor":8.0,"turns":5.0},{"damage":15.0,"enemies":"3 Louse","floor":11.0,"turns":4.0},{"damage":24.0,"enemies":"Gremlin Nob","floor":13.0,"turns":4.0},{"damage":12.0,"enemies":"Exordium Wildlife","floor":14.0,"turns":3.0},{"damage":44,"enemies":"Slime Boss","floor":16,"turns":9},{"damage":19,"enemies":"3 Byrds","floor":18,"turns":7},{"damage":18,"enemies":"Shell Parasite","floor":19,"turns":7},{"damage":19,"enemies":"Snecko","floor":21,"turns":6},{"damage":10,"enemies":"Colosseum Slavers","floor":22,"turns":4},{"damage":51,"enemies":"Colosseum Nobs","floor":22,"turns":3}],"seed_played":"7743474290909632396","potions_obtained":[{"floor":1.0,"key":"EssenceOfSteel"},{"floor":3.0,"key":"Regen Potion"},{"floor":4.0,"key":"Fire Potion"},{"floor":14.0,"key":"LiquidBronze"},{"floor":19,"key":"Energy Potion"},{"floor":21,"key":"Strength Potion"}],"is_trial":false,"path_per_floor":["M","M","M","M","M","E","R","E","T","?","M","?","E","M","R","B",null,"M","M","$","M","?"],"character_chosen":"IRONCLAD","items_purchased":["Toxic Egg 2","Flame Barrier+1"],"campfire_rested":1,"item_purchase_floors":[20,20],"current_hp_per_floor":[68,62,68,65,60,59,59,48,48,48,41,41,25,21,43,7,57,48,41,41,33,0],"gold":66,"neow_bonus":"TRANSFORM_TWO_CARDS","is_prod":false,"is_daily":false,"chose_seed":false,"campfire_upgraded":1,"win_rate":0,"timestamp":1559961080,"path_taken":["M","?","M","M","M","E","R","E","T","?","?","?","E","M","R","BOSS","M","M","$","M","?"],"build_version":"2019-01-23","purchased_purges":1,"victory":false,"max_hp_per_floor":[68,68,68,68,68,68,68,68,68,68,70,70,72,74,74,74,74,76,81,81,84,84],"card_choices":[{"not_picked":["Rage","Heavy Blade"],"picked":"Shrug It Off","floor":1.0},{"not_picked":["Clash","Perfected Strike"],"picked":"Body Slam","floor":2.0},{"not_picked":["Shrug It Off","Thunderclap"],"picked":"Spot Weakness","floor":3.0},{"not_picked":["Clothesline","Flex"],"picked":"Pommel Strike","floor":4.0},{"not_picked":["Perfected Strike","Havoc","Fire Breathing"],"picked":"SKIP","floor":5.0},{"not_picked":["Thunderclap","Entrench"],"picked":"Shrug It Off","floor":6.0},{"not_picked":["Fire Breathing","Seeing Red"],"picked":"Shockwave","floor":8.0},{"not_picked":["Uppercut","Carnage","Bloodletting"],"picked":"Singing Bowl","floor":11.0},{"not_picked":["Immolate","Flex","Headbutt"],"picked":"Singing Bowl","floor":13.0},{"not_picked":["Bloodletting","Wild Strike","Intimidate"],"picked":"Singing Bowl","floor":14.0},{"not_picked":["Reckless Charge","Seeing Red"],"picked":"Combust","floor":15.0},{"not_picked":["Double Tap","Reaper"],"picked":"Feed","floor":16},{"not_picked":["Rampage","Cleave","Body Slam+1"],"picked":"Singing Bowl","floor":18},{"not_picked":["Iron Wave","Second Wind","Body Slam"],"picked":"Singing Bowl","floor":19},{"not_picked":["Uppercut","Clash"],"picked":"Shrug It Off+1","floor":21}],"player_experience":778350,"relics_obtained":[{"floor":6.0,"key":"Centennial Puzzle"},{"floor":8.0,"key":"Dream Catcher"},{"floor":9.0,"key":"Singing Bowl"},{"floor":13.0,"key":"Bird Faced Urn"}],"event_choices":[{"damage_healed":0.0,"max_hp_gain":0.0,"max_hp_loss":0.0,"gold_gain":100.0,"event_name":"Wheel of Change","player_choice":"Gold","floor":10.0,"gold_loss":0.0,"damage_taken":0.0},{"damage_healed":0.0,"max_hp_gain":0.0,"max_hp_loss":0.0,"gold_gain":0.0,"event_name":"Liars Game","player_choice":"Ignored","floor":12.0,"gold_loss":0.0,"damage_taken":0.0},{"damage_healed":0,"gold_gain":0,"player_choice":"Fight","damage_taken":0,"max_hp_gain":0,"max_hp_loss":0,"event_name":"Colosseum","floor":22,"gold_loss":0},{"damage_healed":0,"gold_gain":0,"player_choice":"Fought Nobs","damage_taken":0,"max_hp_gain":0,"max_hp_loss":0,"event_name":"Colosseum","floor":22,"gold_loss":0}],"is_beta":false,"boss_relics":[{"not_picked":["Pandora\u0027s Box","Mark of Pain"],"picked":"Velvet Choker"}],"items_purged_floors":[20],"is_endless":false,"potions_floor_spawned":[1,3,4,14,19,21],"killed_by":"Colosseum Nobs","ascension_level":20}