{"path_per_floor":["M","?","?","$","?","R","M","M","T","E","M","E","M","E","R","B",null,"M","M"],"character_chosen":"IRONCLAD","items_purchased":["Dramatic Entrance"],"gold_per_floor":[114,114,114,18,18,18,28,39,39,73,88,114,129,163,163,265,265,240,251],"floor_reached":20,"campfire_rested":2,"playtime":804,"current_hp_per_floor":[80,80,73,73,57,80,80,80,80,74,78,72,74,40,79,13,80,43,23],"items_purged":[],"gold":251,"score":194,"play_id":"6ce97300-7cbe-4f7d-b090-7f4a38671572","local_time":"20180316133132","is_prod":false,"is_daily":false,"is_ascension_mode":false,"campfire_upgraded":0,"timestamp":1521221492,"path_taken":["M","?","?","$","?","R","M","?","T","E","M","E","?","E","R","BOSS","M","M","M"],"build_version":"2018-03-15","purchased_purges":0,"victory":false,"master_deck":["Strike_R","Strike_R","Strike_R","Defend_R","Defend_R","Defend_R","Defend_R","Bash","Combust","Twin Strike+1","Dramatic Entrance+1","Pommel Strike","Anger","Carnage+1","Limit Break","Dark Embrace","Clash+1","Juggernaut","Brutality","Power Through","Cleave+1","Twin Strike+1","Inflame","Flame Barrier","Intimidate","Rage"],"max_hp_per_floor":[80,80,80,80,80,80,80,80,80,80,80,80,80,80,80,80,80,80,80],"relics":["Burning Blood","NeowsBlessing","Regal Pillow","Molten Egg 2","Ancient Tea Set","Magic Flower","Orrery"],"card_choices":[{"not_picked":["Clash","Feel No Pain"],"picked":"Combust"},{"not_picked":["Anger","Clothesline"],"picked":"Pommel Strike"},{"not_picked":["Heavy Blade","Battle Trance"],"picked":"Anger"},{"not_picked":["Clothesline","Armaments"],"picked":"Carnage"},{"not_picked":["Power Through","Perfected Strike"],"picked":"Limit Break"},{"not_picked":["Twin Strike","Heavy Blade"],"picked":"Dark Embrace"},{"not_picked":["Heavy Blade","Fire Breathing"],"picked":"Clash"},{"not_picked":["Sentinel","Uppercut"],"picked":"Juggernaut"},{"not_picked":["Barricade","Immolate"],"picked":"Brutality"},{"not_picked":["Armaments","Twin Strike"],"picked":"Power Through"},{"not_picked":["Sword Boomerang","Carnage"],"picked":"Cleave"},{"not_picked":["Heavy Blade","Iron Wave"],"picked":"Twin Strike"},{"not_picked":["Thunderclap","Pommel Strike"],"picked":"Inflame"},{"not_picked":["Heavy Blade","Combust"],"picked":"Flame Barrier"},{"not_picked":["Shrug It Off","Entrench"],"picked":"Intimidate"},{"not_picked":["Dropkick","Sword Boomerang"],"picked":"Rage"}],"player_experience":457714,"potions_floor_usage":[10,12,12,12,16,20],"damage_taken":[{"damage":0,"enemies":"2 Louse","floor":1,"turns":1},{"damage":0,"enemies":"Cultist","floor":7,"turns":1},{"damage":0,"enemies":"Small Slimes","floor":8,"turns":1},{"damage":12,"enemies":"3 Sentries","floor":10,"turns":5},{"damage":2,"enemies":"3 Louse","floor":11,"turns":2},{"damage":16,"enemies":"Gremlin Nob","floor":12,"turns":3},{"damage":4,"enemies":"2 Fungi Beasts","floor":13,"turns":2},{"damage":40,"enemies":"Lagavulin","floor":14,"turns":6},{"damage":75,"enemies":"Hexaghost","floor":16,"turns":11},{"damage":46,"enemies":"2 Thieves","floor":18,"turns":5},{"damage":29,"enemies":"3 Byrds","floor":19,"turns":6},{"damage":25,"enemies":"Sentry and Sphere","floor":20,"turns":4}],"event_choices":[{"event_name":"Transmorgrifier","player_choice":"Transform","floor":2,"damage_taken":0},{"event_name":"Golden Wing","player_choice":"Card Removal","floor":3,"damage_taken":0},{"event_name":"Shining Light","player_choice":"Entered Light","floor":5,"damage_taken":0}],"boss_relics":[{"not_picked":["Philosopher\u0027s Stone","Lizard Tail"],"picked":"Orrery"}],"potions_floor_spawned":[7,8,10,11,12,18,19],"seed_played":"5711826925061035516","killed_by":"Sentry and Sphere","ascension_level":0,"is_trial":false}