{"path_per_floor":["M","?","$","?","M","E","M","R","T","M","R","?","E","$","R","B",null,"M","$","M","$","?","R","E","M","T","R","M","M","?","M","R"],"character_chosen":"IRONCLAD","items_purchased":["Limit Break","Reaper","Trip","Bandage Up"],"gold_per_floor":[112,112,41,41,56,86,104,104,129,139,139,139,172,10,10,114,114,129,37,55,55,55,55,80,97,97,97,112,123,123,138,138,138],"floor_reached":33,"campfire_rested":6,"playtime":1549,"current_hp_per_floor":[72,69,69,74,75,25,29,52,52,31,55,55,47,47,74,44,93,65,65,40,40,40,69,66,27,27,57,44,44,44,48,79,0],"items_purged":[],"gold":138,"score":328,"play_id":"9e2d63b5-e14b-4c23-be52-7ce8e9c6509c","local_time":"20180422183318","is_prod":false,"is_daily":false,"chose_seed":false,"is_ascension_mode":true,"campfire_upgraded":0,"timestamp":1524436398,"path_taken":["M","?","?","?","?","E","M","R","T","M","R","?","E","?","R","BOSS","M","$","?","$","?","R","E","M","T","R","M","M","?","M","R","BOSS"],"build_version":"2018-04-19","seed_source_timestamp":606132560364794,"purchased_purges":0,"victory":false,"master_deck":["Strike_R+1","Strike_R+1","Strike_R+1","Strike_R+1","Strike_R+1","Defend_R+1","Defend_R+1","Defend_R+1","Defend_R+1","Bash","Dropkick","Limit Break+1","Spot Weakness","Flex","Reaper","Trip","Limit Break","Bandage Up","Double Tap","Decay"],"max_hp_per_floor":[72,72,72,77,79,79,79,79,79,81,81,81,93,93,93,93,93,95,95,97,97,97,97,99,101,101,101,101,103,103,105,105,105],"relics":["Black Blood","Ginger","Singing Bowl","Torii","Blood Vial","Pear","Du-Vu Doll","Toolbox"],"card_choices":[{"not_picked":["Warcry","Carnage"],"picked":"Dropkick","floor":1},{"not_picked":["Warcry","Cleave"],"picked":"Spot Weakness","floor":6},{"not_picked":["Twin Strike","Sentinel"],"picked":"Flex","floor":7},{"not_picked":["Reaper","Double Tap"],"picked":"Limit Break","floor":16},{"not_picked":["Feel No Pain","Inflame"],"picked":"Double Tap","floor":28}],"player_experience":707400,"potions_floor_usage":[6,16,20,28,29,31],"damage_taken":[{"damage":0,"enemies":"Small Slimes","floor":1,"turns":4},{"damage":7,"enemies":"Jaw Worm","floor":5,"turns":2},{"damage":56,"enemies":"Lagavulin","floor":6,"turns":11},{"damage":2,"enemies":"Cultist","floor":7,"turns":4},{"damage":31,"enemies":"Exordium Thugs","floor":10,"turns":4},{"damage":28,"enemies":"Gremlin Nob","floor":13,"turns":5},{"damage":60,"enemies":"Hexaghost","floor":16,"turns":11},{"damage":60,"enemies":"3 Byrds","floor":18,"turns":6},{"damage":43,"enemies":"Chosen","floor":20,"turns":8},{"damage":57,"enemies":"Gremlin Leader","floor":24,"turns":9},{"damage":57,"enemies":"Snake Plant","floor":25,"turns":6},{"damage":41,"enemies":"Cultist and Chosen","floor":28,"turns":6},{"damage":18,"enemies":"Snecko","floor":29,"turns":3},{"damage":54,"enemies":"3 Cultists","floor":31,"turns":6},{"damage":96,"enemies":"Automaton","floor":33,"turns":6}],"event_choices":[{"event_name":"Scrap Ooze","player_choice":"success","floor":2,"damage_taken":3},{"event_name":"Big Fish","player_choice":"Donut","floor":4,"damage_taken":0},{"event_name":"Upgrade Shrine","player_choice":"Upgraded","floor":12,"damage_taken":0},{"event_name":"Back to Basics","player_choice":"Simplicity","floor":22,"damage_taken":0},{"event_name":"Forgotten Altar","player_choice":"Smashed Altar","floor":30,"damage_taken":0}],"boss_relics":[{"not_picked":["Mark of Pain","Sozu"],"picked":"Black Blood"}],"potions_floor_spawned":[5,13,18,25,28,29],"seed_played":"3906502925872259614","killed_by":"Automaton","ascension_level":2,"is_trial":false}