{"gold_per_floor":[111,123,123,123,9,36,36,62,62,62,73,73,83,14,14,111,111,97,109,109,129,146,172,184,196],"floor_reached":25,"playtime":1153,"items_purged":[],"score":289,"play_id":"d9bbd8dc-de81-4d1c-b79b-37451bdca3c6","local_time":"20180722064822","is_ascension_mode":true,"campfire_choices":[{"floor":10,"key":"REST"},{"floor":15,"key":"REST"}],"neow_cost":"CURSE","seed_source_timestamp":1134804963474687,"circlet_count":0,"master_deck":["Strike_R","Strike_R","Strike_R","Strike_R","Strike_R","Defend_R+1","Defend_R","Defend_R","Bash+1","Thunderclap","Perfected Strike","True Grit","Burning Pact","Power Through","Shockwave","Offering","Dropkick","Anger","Feel No Pain","Limit Break+1","Wild Strike","Shrug It Off+1","Shockwave+1","Wild Strike+1","Rage+1","Fire Breathing","Cleave"],"relics":["Burning Blood","Peace Pipe","Smiling Mask","Bronze Scales","Toxic Egg 2","Runic Cube","MawBank"],"potions_floor_usage":[6,8,16,18,19,25],"damage_taken":[{"damage":10,"enemies":"Small Slimes","floor":1,"turns":5},{"damage":5,"enemies":"2 Louse","floor":2,"turns":3},{"damage":26,"enemies":"3 Sentries","floor":6,"turns":11},{"damage":20,"enemies":"Gremlin Nob","floor":8,"turns":4},{"damage":5,"enemies":"Jaw Worm","floor":11,"turns":2},{"damage":16,"enemies":"Looter","floor":13,"turns":2},{"damage":33,"enemies":"Hexaghost","floor":16,"turns":8},{"damage":6,"enemies":"2 Thieves","floor":18,"turns":4},{"damage":14,"enemies":"3 Byrds","floor":19,"turns":3},{"damage":23,"enemies":"3 Cultists","floor":21,"turns":6},{"damage":21,"enemies":"Sentry and Sphere","floor":22,"turns":7},{"damage":32,"enemies":"Slavers","floor":23,"turns":6},{"damage":15,"enemies":"Gremlin Leader","floor":25,"turns":2}],"seed_played":"4399827734318499287","potions_obtained":[{"floor":2,"key":"EssenceOfSteel"},{"floor":6,"key":"FearPotion"},{"floor":13,"key":"LiquidBronze"},{"floor":16,"key":"SpeedPotion"},{"floor":18,"key":"Weak Potion"},{"floor":23,"key":"Poison Potion"}],"is_trial":false,"path_per_floor":["M","M","?","?","$","E","?","E","T","R","M","?","M","$","R","B",null,"M","M","?","M","M","E","?"],"character_chosen":"IRONCLAD","items_purchased":["Burning Pact","Power Through","Feel No Pain"],"campfire_rested":2,"item_purchase_floors":[5,5,14],"current_hp_per_floor":[76,77,82,82,82,62,45,31,31,56,57,57,47,47,72,45,75,75,67,67,50,35,9,9,0],"gold":196,"neow_bonus":"ONE_RARE_RELIC","is_prod":false,"is_daily":false,"chose_seed":false,"campfire_upgraded":0,"win_rate":0,"timestamp":1532256502,"path_taken":["M","M","?","?","$","E","?","E","T","R","M","?","?","?","R","BOSS","M","M","?","?","M","E","?","E"],"build_version":"2018-07-19","purchased_purges":0,"victory":false,"max_hp_per_floor":[80,80,85,85,85,85,85,85,85,85,85,85,85,85,85,85,85,85,85,85,85,85,85,85,85],"card_choices":[{"not_picked":["Headbutt","Armaments"],"picked":"Thunderclap","floor":1},{"not_picked":["Feel No Pain","Pommel Strike"],"picked":"Perfected Strike","floor":2},{"not_picked":["Intimidate","Headbutt"],"picked":"Shockwave","floor":6},{"not_picked":["Flex","Warcry"],"picked":"Offering","floor":8},{"not_picked":["Ghostly Armor+1","Disarm+1"],"picked":"Dropkick","floor":11},{"not_picked":["Reckless Charge","Headbutt"],"picked":"Anger","floor":13},{"not_picked":["Brutality","Offering+1"],"picked":"Limit Break+1","floor":16},{"not_picked":["Warcry+1","Battle Trance+1"],"picked":"Wild Strike","floor":18},{"not_picked":["Body Slam+1","Battle Trance+1"],"picked":"Shrug It Off+1","floor":19},{"not_picked":["Battle Trance+1","Armaments+1"],"picked":"Shockwave+1","floor":21},{"not_picked":["Blood for Blood","Twin Strike"],"picked":"Wild Strike+1","floor":22},{"not_picked":["Carnage","Iron Wave"],"picked":"Rage+1","floor":23}],"player_experience":483456,"relics_obtained":[{"floor":6,"key":"Smiling Mask"},{"floor":8,"key":"Bronze Scales"},{"floor":9,"key":"Toxic Egg 2"},{"floor":23,"key":"MawBank"}],"event_choices":[{"event_name":"Big Fish","player_choice":"Donut","floor":3,"damage_taken":0},{"event_name":"Living Wall","player_choice":"Change","floor":4,"damage_taken":0},{"event_name":"Shining Light","player_choice":"Entered Light","floor":7,"damage_taken":0},{"event_name":"Fountain of Cleansing","player_choice":"Removed Curse","floor":12,"damage_taken":0},{"event_name":"Beggar","player_choice":"Ignored","floor":20,"damage_taken":0},{"event_name":"Match and Keep!","player_choice":"2 cards matched","floor":24,"damage_taken":0}],"is_beta":true,"boss_relics":[{"not_picked":["Runic Dome","Black Star"],"picked":"Runic Cube"}],"items_purged_floors":[],"is_endless":false,"potions_floor_spawned":[2,6,13,16,18,23],"killed_by":"Gremlin Leader","ascension_level":5}