{"gold_per_floor":[109,184,195,208,228,228,259,259,259,259,290,300,332,350,350,424,424,443,443,104,122,22,22,22,122,145,145,145,170,170,180,180,180],"floor_reached":33,"playtime":1020,"items_purged":["Strike_B","Strike_B"],"score":616,"play_id":"0ea048e3-b4e4-4df2-93c9-b245899a4fe0","local_time":"20190525151958","is_ascension_mode":true,"campfire_choices":[{"data":"Zap","floor":6.0,"key":"SMITH"},{"floor":8.0,"key":"REST"},{"data":"Sweeping Beam","floor":10.0,"key":"SMITH"},{"floor":15.0,"key":"REST"},{"floor":23.0,"key":"REST"},{"data":"Biased Cognition","floor":27.0,"key":"SMITH"},{"floor":30.0,"key":"REST"},{"floor":32.0,"key":"DIG"}],"neow_cost":"PERCENT_DAMAGE","seed_source_timestamp":908200009460823,"circlet_count":0,"master_deck":["AscendersBane","Strike_B","Strike_B","Defend_B","Defend_B","Defend_B","Defend_B","Zap+1","Dualcast","Ball Lightning","Ball Lightning","Seek","Sweeping Beam+1","BootSequence","Glacier","Coolheaded","Biased Cognition+1","Loop","Reboot"],"special_seed":0,"relics":["Cracked Core","FossilizedHelix","Pantograph","Sundial","Bag of Marbles","Philosopher\u0027s Stone","Runic Capacitor","Shovel","Molten Egg 2","Nunchaku","Anchor"],"potions_floor_usage":[],"damage_taken":[{"damage":1.0,"enemies":"Cultist","floor":1.0,"turns":4.0},{"damage":7.0,"enemies":"Jaw Worm","floor":3.0,"turns":2.0},{"damage":1.0,"enemies":"2 Louse","floor":4.0,"turns":2.0},{"damage":6.0,"enemies":"Blue Slaver","floor":5.0,"turns":3.0},{"damage":20.0,"enemies":"3 Sentries","floor":7.0,"turns":4.0},{"damage":0.0,"enemies":"Lagavulin","floor":11.0,"turns":3.0},{"damage":0.0,"enemies":"2 Fungi Beasts","floor":12.0,"turns":2.0},{"damage":27.0,"enemies":"Gremlin Nob","floor":13.0,"turns":5.0},{"damage":0.0,"enemies":"Lots of Slimes","floor":14.0,"turns":1.0},{"damage":32.0,"enemies":"Slime Boss","floor":16.0,"turns":10.0},{"damage":8.0,"enemies":"Shell Parasite","floor":18.0,"turns":4.0},{"damage":24.0,"enemies":"2 Thieves","floor":21.0,"turns":3.0},{"damage":0.0,"enemies":"Colosseum Slavers","floor":25.0,"turns":4.0},{"damage":27.0,"enemies":"Colosseum Nobs","floor":25.0,"turns":5.0},{"damage":27.0,"enemies":"Slavers","floor":29.0,"turns":5.0},{"damage":0.0,"enemies":"Centurion and Healer","floor":31.0,"turns":6.0},{"damage":92,"enemies":"Collector","floor":33,"turns":8}],"seed_played":"-6498838354093665474","potions_obtained":[{"floor":1.0,"key":"Poison Potion"},{"floor":5.0,"key":"FocusPotion"},{"floor":11.0,"key":"Dexterity Potion"},{"floor":12.0,"key":"Dexterity Potion"},{"floor":18.0,"key":"SkillPotion"},{"floor":31.0,"key":"Block Potion"}],"is_trial":false,"path_per_floor":["M","?","M","M","M","R","E","R","T","R","E","M","E","M","R","B",null,"M","?","$","M","$","R","?","?","T","R","?","E","R","M","R","B"],"character_chosen":"DEFECT","items_purchased":["Runic Capacitor","Loop"],"campfire_rested":4,"item_purchase_floors":[20,20],"current_hp_per_floor":[59,48,41,40,34,34,14,39,39,39,39,39,12,12,37,30,71,63,63,63,39,39,64,64,37,37,37,37,10,35,35,35,0],"gold":180,"neow_bonus":"TWENTY_PERCENT_HP_BONUS","is_prod":false,"is_daily":false,"chose_seed":false,"campfire_upgraded":3,"win_rate":0,"timestamp":1558822798,"path_taken":["M","?","M","M","M","R","E","R","T","R","E","M","E","M","R","BOSS","M","?","$","M","$","R","?","?","T","R","?","E","R","M","R","BOSS"],"build_version":"2019-01-23","purchased_purges":2,"victory":false,"max_hp_per_floor":[85,85,85,85,85,85,85,85,85,85,85,85,85,85,85,85,85,85,85,85,85,85,85,85,85,85,85,85,85,85,85,85,85],"card_choices":[{"not_picked":["Aggregate","Self Repair"],"picked":"Ball Lightning","floor":1.0},{"not_picked":["Chaos","Reinforced Body"],"picked":"Ball Lightning","floor":3.0},{"not_picked":["Consume","Turbo","Stack"],"picked":"SKIP","floor":4.0},{"not_picked":["Sweeping Beam","Chaos"],"picked":"Seek","floor":5.0},{"not_picked":["Chaos","Consume"],"picked":"Sweeping Beam","floor":7.0},{"not_picked":["Consume","Barrage"],"picked":"BootSequence","floor":11.0},{"not_picked":["Doom and Gloom","Beam Cell","Blizzard"],"picked":"SKIP","floor":12.0},{"not_picked":["Heatsinks","Rip and Tear"],"picked":"Glacier","floor":13.0},{"not_picked":["Cold Snap","Leap"],"picked":"Coolheaded","floor":14.0},{"not_picked":["Fission","Echo Form"],"picked":"Biased Cognition","floor":16.0},{"not_picked":["Rip and Tear","Go for the Eyes","Ball Lightning"],"picked":"SKIP","floor":18.0},{"not_picked":["Double Energy","Leap","Barrage"],"picked":"SKIP","floor":21.0},{"not_picked":["Rebound","Hello World"],"picked":"Reboot","floor":25.0},{"not_picked":["Recycle","Reprogram","Fusion+1"],"picked":"SKIP","floor":29.0},{"not_picked":["Gash+1","Ball Lightning+1","Recycle"],"picked":"SKIP","floor":31.0}],"player_experience":728550,"relics_obtained":[{"floor":7.0,"key":"FossilizedHelix"},{"floor":9.0,"key":"Pantograph"},{"floor":11.0,"key":"Sundial"},{"floor":13.0,"key":"Bag of Marbles"},{"floor":25.0,"key":"Shovel"},{"floor":25.0,"key":"Molten Egg 2"},{"floor":29.0,"key":"Nunchaku"},{"floor":32.0,"key":"Anchor"}],"event_choices":[{"damage_healed":0.0,"max_hp_gain":0.0,"max_hp_loss":0.0,"gold_gain":75.0,"event_name":"World of Goop","player_choice":"Gather Gold","floor":2.0,"gold_loss":0.0,"damage_taken":11.0},{"damage_healed":0.0,"max_hp_gain":0.0,"max_hp_loss":0.0,"gold_gain":0.0,"event_name":"Vampires","player_choice":"Ignored","floor":19.0,"gold_loss":0.0,"damage_taken":0.0},{"damage_healed":0.0,"max_hp_gain":0.0,"max_hp_loss":0.0,"gold_gain":0.0,"event_name":"Beggar","player_choice":"Ignored","floor":24.0,"gold_loss":0.0,"damage_taken":0.0},{"damage_healed":0.0,"max_hp_gain":0.0,"max_hp_loss":0.0,"gold_gain":0.0,"event_name":"Colosseum","player_choice":"Fight","floor":25.0,"gold_loss":0.0,"damage_taken":0.0},{"damage_healed":0.0,"max_hp_gain":0.0,"max_hp_loss":0.0,"gold_gain":0.0,"event_name":"Colosseum","player_choice":"Fought Nobs","floor":25.0,"gold_loss":0.0,"damage_taken":0.0},{"damage_healed":0.0,"max_hp_gain":0.0,"max_hp_loss":0.0,"gold_gain":0.0,"event_name":"N\u0027loth","player_choice":"Ignored","floor":28.0,"gold_loss":0.0,"damage_taken":0.0}],"is_beta":false,"boss_relics":[{"not_picked":["Nuclear Battery","Black Star"],"picked":"Philosopher\u0027s Stone"}],"items_purged_floors":[20,22],"is_endless":false,"potions_floor_spawned":[1,5,11,12,18,31],"killed_by":"Collector","ascension_level":20}