{"gold_per_floor":[13,23,23,23,39,39,39,39,39,70,88,115,180,180],"floor_reached":14,"playtime":543,"items_purged":[],"score":127,"play_id":"561d6ef8-743f-42ab-8e66-a50983ac0e61","local_time":"20190610044550","is_ascension_mode":true,"campfire_choices":[{"data":"Cleave","floor":6,"key":"SMITH"},{"data":"Clothesline","floor":8,"key":"SMITH"}],"neow_cost":"NO_GOLD","seed_source_timestamp":1681410434477800,"circlet_count":0,"master_deck":["Strike_R","Strike_R","Strike_R","Strike_R","Defend_R","Defend_R","Defend_R","Bash","Cleave+1","Clothesline+1","Pain","Twin Strike","Barricade","Armaments","Seeing Red","Disarm"],"relics":["Burning Blood","WarpedTongs","The Courier","Smiling Mask","Mercury Hourglass","Potion Belt"],"potions_floor_usage":[12,12,13,14],"damage_taken":[{"damage":7,"enemies":"Jaw Worm","floor":1,"turns":3},{"damage":6,"enemies":"Cultist","floor":2,"turns":3},{"damage":0,"enemies":"2 Louse","floor":5,"turns":2},{"damage":41,"enemies":"3 Sentries","floor":10,"turns":8},{"damage":2,"enemies":"2 Fungi Beasts","floor":11,"turns":2},{"damage":35,"enemies":"Lagavulin","floor":12,"turns":7},{"damage":25,"enemies":"3 Sentries","floor":13,"turns":5},{"damage":24,"enemies":"Exordium Thugs","floor":14,"turns":2}],"seed_played":"-8318695469973973210","potions_obtained":[{"floor":10,"key":"SpeedPotion"},{"floor":11,"key":"Ancient Potion"},{"floor":12,"key":"BloodPotion"},{"floor":13,"key":"GamblersBrew"}],"is_trial":false,"path_per_floor":["M","M","?","$","M","R","?","R","T","E","M","E","?","M"],"character_chosen":"IRONCLAD","items_purchased":[],"campfire_rested":0,"item_purchase_floors":[],"current_hp_per_floor":[71,71,71,71,77,77,82,82,82,47,51,22,24,0],"gold":180,"neow_bonus":"REMOVE_TWO","is_prod":false,"is_daily":false,"chose_seed":false,"campfire_upgraded":2,"win_rate":0,"timestamp":1560156350,"path_taken":["M","M","?","$","?","R","?","R","T","E","M","E","?","M"],"build_version":"2019-06-07","purchased_purges":0,"victory":false,"max_hp_per_floor":[80,80,80,80,80,80,85,85,85,85,85,85,85,85],"card_choices":[{"not_picked":["Warcry","Metallicize"],"picked":"Cleave","floor":1},{"not_picked":["Corruption","Second Wind"],"picked":"Clothesline","floor":2},{"not_picked":["Anger","Sword Boomerang"],"picked":"Twin Strike","floor":5},{"not_picked":["Body Slam","Brutality"],"picked":"Barricade","floor":10},{"not_picked":["Wild Strike","Havoc"],"picked":"Armaments","floor":11},{"not_picked":["True Grit","Armaments"],"picked":"Seeing Red","floor":12},{"not_picked":["Spot Weakness","Armaments"],"picked":"Disarm","floor":13}],"player_experience":1019168,"relics_obtained":[{"floor":9,"key":"The Courier"},{"floor":10,"key":"Smiling Mask"},{"floor":12,"key":"Mercury Hourglass"},{"floor":13,"key":"Potion Belt"}],"event_choices":[{"damage_healed":0,"gold_gain":0,"player_choice":"Rummage","damage_taken":0,"relics_obtained":["WarpedTongs"],"max_hp_gain":0,"max_hp_loss":0,"event_name":"Accursed Blacksmith","floor":3,"gold_loss":0,"cards_obtained":["Pain"]},{"damage_healed":0,"gold_gain":0,"player_choice":"Donut","damage_taken":0,"max_hp_gain":5,"max_hp_loss":0,"event_name":"Big Fish","floor":7,"gold_loss":0},{"damage_healed":0,"gold_gain":30,"player_choice":"Searched \u00272\u0027 times","damage_taken":0,"max_hp_gain":0,"max_hp_loss":0,"event_name":"Dead Adventurer","floor":13,"gold_loss":0}],"is_beta":true,"boss_relics":[],"items_purged_floors":[],"is_endless":false,"potions_floor_spawned":[10,11,12,13],"killed_by":"Exordium Thugs","ascension_level":6}