{"gold_per_floor":[114,114,133,133,19,58,58,99,124,274,274,274,287,307,307,406,406,424,51,51,64,77,77,77,77,77,105,130,166,216,228,240,252],"floor_reached":33,"playtime":1092,"items_purged":["Strike_G"],"score":643,"play_id":"dfb08313-eb0d-424b-8d77-c022fd19eb5e","local_time":"20190610111931","is_ascension_mode":true,"campfire_choices":[{"data":"Cloak And Dagger","floor":7.0,"key":"SMITH"},{"data":"Finisher","floor":11.0,"key":"SMITH"},{"data":"Bouncing Flask","floor":15.0,"key":"SMITH"},{"data":"Noxious Fumes","floor":23.0,"key":"SMITH"},{"data":"Bouncing Flask","floor":25.0,"key":"SMITH"},{"data":"Catalyst","floor":32,"key":"SMITH"}],"neow_cost":"NONE","seed_source_timestamp":828043472782835,"circlet_count":0,"master_deck":["AscendersBane","Defend_G","Defend_G","Defend_G","Defend_G","Defend_G","Survivor","Neutralize+1","Cloak And Dagger+1","Deadly Poison","Accuracy","Finisher+1","Choke","Doubt","Poisoned Stab","Bouncing Flask+1","Malaise","Noxious Fumes+1","Ghostly","Ghostly","Ghostly","Bouncing Flask+1","Crippling Poison","Catalyst+1","Noxious Fumes","Bite","Bite","Bite","Bite","Bite"],"special_seed":0,"relics":["Ring of the Snake","NeowsBlessing","Golden Idol","Ornamental Fan","Matryoshka","Lantern","Strawberry","Snake Skull","Snecko Eye","The Specimen","MutagenicStrength","MawBank","Kunai","Nunchaku"],"potions_floor_usage":[],"damage_taken":[{"damage":0.0,"enemies":"Small Slimes","floor":1.0,"turns":1.0},{"damage":0.0,"enemies":"Jaw Worm","floor":3.0,"turns":1.0},{"damage":0.0,"enemies":"Lagavulin","floor":6.0,"turns":1.0},{"damage":1.0,"enemies":"Gremlin Nob","floor":8.0,"turns":3.0},{"damage":1.0,"enemies":"2 Louse","floor":13.0,"turns":3.0},{"damage":12.0,"enemies":"Red Slaver","floor":14.0,"turns":4.0},{"damage":27.0,"enemies":"Slime Boss","floor":16.0,"turns":8.0},{"damage":15.0,"enemies":"Shell Parasite","floor":18.0,"turns":5.0},{"damage":0.0,"enemies":"Chosen","floor":21.0,"turns":4.0},{"damage":0.0,"enemies":"Snake Plant","floor":22.0,"turns":4.0},{"damage":11.0,"enemies":"Shelled Parasite and Fungi","floor":27.0,"turns":3.0},{"damage":23,"enemies":"Centurion and Healer","floor":28,"turns":4},{"damage":0,"enemies":"3 Cultists","floor":29,"turns":3},{"damage":0,"enemies":"Slavers","floor":30,"turns":3},{"damage":12,"enemies":"Champ","floor":33,"turns":3}],"seed_played":"3148200717332627511","potions_obtained":[{"floor":6.0,"key":"Poison Potion"},{"floor":16.0,"key":"Swift Potion"},{"floor":28,"key":"Fire Potion"},{"floor":29,"key":"Dexterity Potion"}],"is_trial":false,"path_per_floor":["M","?","M","T","$","E","R","E","T","?","R","?","M","M","R","B",null,"M","$","?","M","M","R","?","R","T","M","M","M","E","?","R","B"],"character_chosen":"THE_SILENT","items_purchased":["Accuracy","The Specimen","Noxious Fumes"],"campfire_rested":0,"item_purchase_floors":[5,19,19],"current_hp_per_floor":[59,36,36,36,36,36,36,35,42,42,42,42,41,29,29,2,55,40,40,36,36,36,36,36,36,36,25,2,2,2,2,2,0],"gold":252,"neow_bonus":"THREE_ENEMY_KILL","is_prod":false,"is_daily":false,"chose_seed":false,"campfire_upgraded":6,"win_rate":0,"timestamp":1560158371,"path_taken":["M","?","M","?","$","E","R","E","T","?","R","?","M","M","R","BOSS","M","$","?","M","M","R","?","R","T","M","M","M","E","?","R","BOSS"],"build_version":"2019-01-23","purchased_purges":1,"victory":false,"max_hp_per_floor":[66,66,66,66,66,66,66,66,73,73,73,73,73,73,73,73,73,73,73,36,36,36,36,36,36,36,36,36,36,36,25,25,25],"card_choices":[{"not_picked":["Catalyst","Distraction"],"picked":"Cloak And Dagger","floor":1.0},{"not_picked":["Bane","Flying Knee"],"picked":"Deadly Poison","floor":3.0},{"not_picked":["Reflex","Setup"],"picked":"Finisher","floor":6.0},{"not_picked":["Quick Slash","Deflect"],"picked":"Choke","floor":8.0},{"not_picked":["Underhanded Strike","Flying Knee"],"picked":"Poisoned Stab","floor":13.0},{"not_picked":["Underhanded Strike","Acrobatics"],"picked":"Bouncing Flask","floor":14.0},{"not_picked":["Venomology","Doppelganger"],"picked":"Malaise","floor":16.0},{"not_picked":["Deflect","Backflip","Quick Slash"],"picked":"SKIP","floor":18.0},{"not_picked":["Prepared+1","Bane"],"picked":"Bouncing Flask","floor":21.0},{"not_picked":["Grand Finale","Acrobatics"],"picked":"Crippling Poison","floor":22.0},{"not_picked":["Quick Slash","Outmaneuver","Choke"],"picked":"SKIP","floor":27.0},{"not_picked":["Bane","Deadly Poison+1"],"picked":"Catalyst","floor":28},{"not_picked":["Dagger Throw","Infinite Blades","Underhanded Strike+1"],"picked":"SKIP","floor":29},{"not_picked":["Backflip","Setup"],"picked":"Noxious Fumes","floor":30}],"player_experience":591694,"relics_obtained":[{"floor":4.0,"key":"Ornamental Fan"},{"floor":6.0,"key":"Matryoshka"},{"floor":8.0,"key":"Lantern"},{"floor":9.0,"key":"Strawberry"},{"floor":9.0,"key":"Snake Skull"},{"floor":26.0,"key":"MawBank"},{"floor":26.0,"key":"Kunai"},{"floor":30,"key":"Nunchaku"}],"event_choices":[{"damage_healed":0.0,"max_hp_gain":0.0,"max_hp_loss":0.0,"gold_gain":0.0,"event_name":"Golden Idol","player_choice":"Take Damage","floor":2.0,"gold_loss":0.0,"damage_taken":23.0,"relics_obtained":["Golden Idol"]},{"damage_healed":0.0,"max_hp_gain":0.0,"max_hp_loss":0.0,"gold_gain":150.0,"event_name":"Liars Game","player_choice":"AGREE","floor":10.0,"gold_loss":0.0,"damage_taken":0.0,"cards_obtained":["Doubt"]},{"damage_healed":0.0,"max_hp_gain":0.0,"max_hp_loss":0.0,"gold_gain":0.0,"event_name":"Upgrade Shrine","player_choice":"Upgraded","floor":12.0,"gold_loss":0.0,"damage_taken":0.0,"cards_upgraded":["Neutralize"]},{"damage_healed":0.0,"max_hp_gain":0.0,"max_hp_loss":37.0,"gold_gain":0.0,"event_name":"Ghosts","player_choice":"Became a Ghost","floor":20.0,"gold_loss":0.0,"damage_taken":0.0,"cards_obtained":["Ghostly","Ghostly","Ghostly"]},{"damage_healed":0.0,"max_hp_gain":0.0,"max_hp_loss":0.0,"gold_gain":0.0,"event_name":"Drug Dealer","player_choice":"Inject Mutagens","floor":24.0,"gold_loss":0.0,"damage_taken":0.0,"relics_obtained":["MutagenicStrength"]},{"damage_healed":0,"gold_gain":0,"player_choice":"Became a vampire","damage_taken":0,"max_hp_gain":0,"max_hp_loss":11,"event_name":"Vampires","floor":31,"gold_loss":0,"cards_obtained":["Bite","Bite","Bite","Bite","Bite"]}],"is_beta":false,"boss_relics":[{"not_picked":["Calling Bell","Lizard Tail"],"picked":"Snecko Eye"}],"items_purged_floors":[5],"is_endless":false,"potions_floor_spawned":[6,16,28,29],"killed_by":"Champ","ascension_level":18}