{"path_per_floor":["M","T","?","?","M","R","?","?","T","M","M","$","$","M","R","B",null,"M","?","?","M","M"],"character_chosen":"DEFECT","items_purchased":["Static Discharge"],"gold_per_floor":[113,113,63,63,74,74,74,74,74,84,104,104,67,79,79,178,208,220,180,103,119,137,137],"floor_reached":23,"campfire_rested":0,"playtime":781,"current_hp_per_floor":[74,74,74,79,78,78,71,71,71,68,65,65,65,59,59,18,80,60,60,60,45,19,0],"items_purged":[],"gold":137,"score":181,"play_id":"e1ed5f16-d35c-4c83-abcf-f96636412b23","local_time":"20180507150706","is_prod":false,"is_daily":false,"chose_seed":false,"is_ascension_mode":false,"campfire_upgraded":2,"timestamp":1525720026,"path_taken":["M","?","?","?","M","R","?","?","T","M","M","?","$","M","R","BOSS","M","?","?","M","M","E"],"build_version":"2018-05-03","seed_source_timestamp":1890498842056881,"purchased_purges":0,"victory":false,"master_deck":["Strike_B","Strike_B","Strike_B","Defend_B","Defend_B","Defend_B","Zap","Dualcast","Echo Form+1","Chaos+1","Darkness","Darkness","Static Discharge+1","Redo","Regret","J.A.X.","Impulse+1","Chaos"],"max_hp_per_floor":[75,75,75,80,80,80,80,80,80,80,80,80,80,80,80,80,80,80,80,80,80,80,80],"relics":["Cracked Core","Juzu Bracelet","Omamori","Calling Bell","Tiny Chest","Ornamental Fan","Peace Pipe"],"card_choices":[{"not_picked":["Axe Kick","Sweeping Beam"],"picked":"Chaos","floor":5},{"not_picked":["Go for the Eyes","Blizzard"],"picked":"Darkness","floor":10},{"not_picked":["Impulse","Turbo"],"picked":"Darkness","floor":11},{"not_picked":["Machine Learning","Seek"],"picked":"Redo","floor":16},{"not_picked":["Cold Snap","Reinforced Body"],"picked":"Impulse","floor":21},{"not_picked":["Cold Snap","Skim"],"picked":"Chaos","floor":22}],"player_experience":165318,"potions_floor_usage":[11,16,18,21,21,21,23],"damage_taken":[{"damage":1,"enemies":"Cultist","floor":1,"turns":4},{"damage":1,"enemies":"2 Louse","floor":5,"turns":3},{"damage":3,"enemies":"Small Slimes","floor":10,"turns":3},{"damage":3,"enemies":"Looter","floor":11,"turns":3},{"damage":6,"enemies":"2 Fungi Beasts","floor":14,"turns":3},{"damage":41,"enemies":"The Guardian","floor":16,"turns":7},{"damage":20,"enemies":"Spheric Guardian","floor":18,"turns":5},{"damage":15,"enemies":"2 Thieves","floor":21,"turns":2},{"damage":26,"enemies":"Snake Plant","floor":22,"turns":3},{"damage":21,"enemies":"Book of Stabbing","floor":23,"turns":2}],"event_choices":[{"event_name":"The Cleric","player_choice":"Card Removal","floor":3,"damage_taken":0},{"event_name":"Big Fish","player_choice":"Donut","floor":4,"damage_taken":0},{"event_name":"Golden Wing","player_choice":"Card Removal","floor":7,"damage_taken":0},{"event_name":"Living Wall","player_choice":"Grow","floor":8,"damage_taken":0},{"event_name":"The Woman in Blue","player_choice":"Bought 3 Potions","floor":19,"damage_taken":0},{"event_name":"Drug Dealer","player_choice":"Got JAXXED","floor":20,"damage_taken":0}],"boss_relics":[{"not_picked":["Black Star","Snecko Eye"],"picked":"Calling Bell"}],"potions_floor_spawned":[5,11,16,22],"seed_played":"-4666900395996111707","killed_by":"Book of Stabbing","ascension_level":0,"is_trial":false}