{"path_per_floor":["M","?","M","M","M","E","R","M","T","E","M","R","M","T","R","B",null,"M","M","?","M"],"character_chosen":"IRONCLAD","items_purchased":[],"gold_per_floor":[116,116,127,144,161,193,193,210,233,268,282,282,296,296,296,398,398,418,438,438,453],"floor_reached":22,"campfire_rested":2,"playtime":1069,"current_hp_per_floor":[76,76,79,80,68,45,45,44,44,36,33,57,62,62,80,48,80,64,46,30,19],"items_purged":[],"gold":453,"score":200,"play_id":"fbd24b88-b73d-4a7f-a694-d12a4e4bc360","local_time":"20180312064228","is_prod":false,"is_daily":false,"is_ascension_mode":false,"campfire_upgraded":1,"timestamp":1520851348,"path_taken":["M","?","M","M","M","E","R","M","T","E","?","R","?","?","R","BOSS","M","M","?","M","?"],"build_version":"2018-03-09","purchased_purges":0,"victory":false,"master_deck":["Strike_R","Strike_R","Strike_R","Strike_R","Defend_R","Defend_R","Defend_R","Defend_R","Bash","Intimidate","Pommel Strike","Combust","Flame Barrier","Berserk+1","Shrug It Off","Pommel Strike","Wild Strike","Hemokinesis","Offering","Demon Form","Intimidate","Infernal Blade","Wild Strike","Shockwave","Hemokinesis","Armaments+1","Juggernaut","Necronomicurse","Searing Blow"],"max_hp_per_floor":[80,80,80,80,80,80,80,80,80,80,80,80,80,80,80,80,80,80,80,80,80],"relics":["Burning Blood","Pantograph","Pen Nib","Prayer Wheel","Regal Pillow","Orrery","Necronomicon"],"card_choices":[{"not_picked":["Headbutt","Metallicize"],"picked":"Intimidate"},{"not_picked":["Spot Weakness","Metallicize"],"picked":"Pommel Strike"},{"not_picked":["Thunderclap","Second Wind"],"picked":"Combust"},{"not_picked":["True Grit","Corruption"],"picked":"Flame Barrier"},{"not_picked":["Pommel Strike","Wild Strike"],"picked":"Berserk"},{"not_picked":["Heavy Blade","Wild Strike"],"picked":"Shrug It Off"},{"not_picked":["Body Slam","True Grit"],"picked":"Pommel Strike"},{"not_picked":["Metallicize","Entrench"],"picked":"Wild Strike"},{"not_picked":["Sword Boomerang","Iron Wave"],"picked":"Hemokinesis"},{"not_picked":["Sever Soul","Twin Strike"],"picked":"Offering"},{"not_picked":["Fiend Fire","Reaper"],"picked":"Demon Form"},{"not_picked":["Cleave","Perfected Strike"],"picked":"Intimidate"},{"not_picked":["Evolve","Whirlwind"],"picked":"Infernal Blade"},{"not_picked":["Dropkick","Burning Pact"],"picked":"Wild Strike"},{"not_picked":["Pummel","Second Wind"],"picked":"Shockwave"},{"not_picked":["Heavy Blade","Clothesline"],"picked":"Hemokinesis"},{"not_picked":["Sever Soul","Fire Breathing"],"picked":"Armaments"},{"not_picked":["Rage","Bloodletting"],"picked":"Juggernaut"},{"not_picked":["Shrug It Off","Anger"],"picked":"Searing Blow"}],"player_experience":410985,"potions_floor_usage":[6,6,8,16,16,21],"damage_taken":[{"damage":10,"enemies":"Jaw Worm","floor":1,"turns":4},{"damage":3,"enemies":"Cultist","floor":3,"turns":5},{"damage":0,"enemies":"2 Louse","floor":4,"turns":2},{"damage":18,"enemies":"Lots of Slimes","floor":5,"turns":3},{"damage":29,"enemies":"3 Sentries","floor":6,"turns":8},{"damage":7,"enemies":"Gremlin Gang","floor":8,"turns":5},{"damage":14,"enemies":"Lagavulin","floor":10,"turns":9},{"damage":9,"enemies":"Exordium Wildlife","floor":11,"turns":4},{"damage":1,"enemies":"Red Slaver","floor":13,"turns":4},{"damage":38,"enemies":"Slime Boss","floor":16,"turns":8},{"damage":22,"enemies":"Chosen","floor":18,"turns":4},{"damage":24,"enemies":"Spheric Guardian","floor":19,"turns":4},{"damage":17,"enemies":"Snecko","floor":21,"turns":4},{"damage":20,"enemies":"3 Cultists","floor":22,"turns":4}],"event_choices":[{"event_name":"Bonfire Elementals","player_choice":"BASIC","floor":2,"damage_taken":0},{"event_name":"Cursed Tome","player_choice":"Obtained Book","floor":20,"damage_taken":0}],"boss_relics":[{"not_picked":["Lizard Tail","Sozu"],"picked":"Orrery"}],"potions_floor_spawned":[1,5,6,11,13,19],"seed_played":"-4489984027584084307","killed_by":"3 Cultists","ascension_level":0,"is_trial":false}