{"gold_per_floor":[114,114,125,125,144,179,179,205,205,221,234,234,259,273,273,347,347,363,379,41,51,51,82,82,108,108,108,126,106,118,33,33,33],"floor_reached":33,"playtime":1238,"items_purged":["Strike_G"],"score":689,"play_id":"24f8d6c5-1579-4b18-aac5-5fea80d796f8","local_time":"20181230122200","is_ascension_mode":true,"campfire_choices":[{"floor":7.0,"key":"REST"},{"data":"Dash","floor":12.0,"key":"SMITH"},{"data":"Backstab","floor":15.0,"key":"SMITH"},{"floor":24,"key":"REST"},{"floor":32,"key":"REST"}],"neow_cost":"NONE","seed_source_timestamp":897434608337811,"circlet_count":0,"master_deck":["AscendersBane","Defend_G+1","Defend_G+1","Defend_G+1","Defend_G+1","Defend_G+1","Strike_G+1","Strike_G+1","Strike_G+1","Strike_G+1","Survivor+1","Neutralize+1","Backstab+1","Dagger Throw","Dash+1","Predator","Glass Knife","Dodge and Roll+1","Backflip","Footwork","Bouncing Flask"],"special_seed":0,"relics":["Ring of the Snake","Singing Bowl","Darkstone Periapt","Mercury Hourglass","Unceasing Top","Fusion Hammer","PreservedInsect","War Paint","Anchor","Frozen Egg 2","Turnip"],"potions_floor_usage":[16,23,25,25,33,33],"damage_taken":[{"damage":1.0,"enemies":"2 Louse","floor":1.0,"turns":4.0},{"damage":0.0,"enemies":"Jaw Worm","floor":3.0,"turns":6.0},{"damage":0.0,"enemies":"Small Slimes","floor":5.0,"turns":3.0},{"damage":23.0,"enemies":"3 Sentries","floor":6.0,"turns":12.0},{"damage":10.0,"enemies":"Gremlin Nob","floor":8.0,"turns":4.0},{"damage":0.0,"enemies":"Looter","floor":10.0,"turns":3.0},{"damage":1.0,"enemies":"Lots of Slimes","floor":11.0,"turns":3.0},{"damage":0.0,"enemies":"3 Sentries","floor":13.0,"turns":4.0},{"damage":0.0,"enemies":"3 Louse","floor":14.0,"turns":2.0},{"damage":28,"enemies":"Slime Boss","floor":16,"turns":11},{"damage":2,"enemies":"3 Byrds","floor":18,"turns":5},{"damage":5,"enemies":"Shell Parasite","floor":19,"turns":4},{"damage":13,"enemies":"Centurion and Healer","floor":21,"turns":7},{"damage":11,"enemies":"Gremlin Leader","floor":23,"turns":10},{"damage":33,"enemies":"Book of Stabbing","floor":25,"turns":5},{"damage":3,"enemies":"Snecko","floor":28,"turns":4},{"damage":10,"enemies":"Shelled Parasite and Fungi","floor":30,"turns":7},{"damage":79,"enemies":"Automaton","floor":33,"turns":14}],"seed_played":"4673222036154982726","potions_obtained":[{"floor":1.0,"key":"FairyPotion"},{"floor":3.0,"key":"Block Potion"},{"floor":6.0,"key":"Explosive Potion"},{"floor":13.0,"key":"Poison Potion"},{"floor":21,"key":"Swift Potion"},{"floor":23,"key":"Fruit Juice"},{"floor":28,"key":"Block Potion"},{"floor":29,"key":"Fire Potion"}],"is_trial":false,"path_per_floor":["M","?","M","?","M","E","R","E","T","M","M","R","E","M","R","B",null,"M","M","$","M","?","E","R","E","T","?","M","?","M","?","R","B"],"character_chosen":"THE_SILENT","items_purchased":["Footwork","PreservedInsect","PowerPotion"],"campfire_rested":3,"item_purchase_floors":[20,20,20],"current_hp_per_floor":[64,42,42,42,42,19,40,32,32,34,35,35,37,39,39,11,64,62,57,57,46,46,37,62,36,36,36,35,35,25,25,53,0],"gold":33,"neow_bonus":"TEN_PERCENT_HP_BONUS","is_prod":false,"is_daily":false,"chose_seed":false,"campfire_upgraded":2,"win_rate":0,"timestamp":1546197720,"path_taken":["M","?","M","?","M","E","R","E","T","?","M","R","E","M","R","BOSS","M","M","$","M","?","E","R","E","T","?","M","?","?","?","R","BOSS"],"build_version":"2018-12-20","purchased_purges":1,"victory":false,"max_hp_per_floor":[72,72,72,72,72,72,72,74,74,76,78,78,80,82,82,82,82,82,82,82,84,84,86,86,93,93,93,95,95,95,95,95,95],"card_choices":[{"not_picked":["Dagger Throw","Noxious Fumes"],"picked":"Backstab","floor":1.0},{"not_picked":["Acrobatics","Dodge and Roll"],"picked":"Dagger Throw","floor":3.0},{"not_picked":["Prepared","Tactician"],"picked":"Dash","floor":5.0},{"not_picked":["Underhanded Strike","Flying Knee"],"picked":"Predator","floor":6.0},{"not_picked":["Deflect","Blade Dance","Dash"],"picked":"Singing Bowl","floor":8.0},{"not_picked":["Flying Knee","Phantasmal Killer","Poisoned Stab"],"picked":"Singing Bowl","floor":10.0},{"not_picked":["Prepared","Cloak And Dagger","Underhanded Strike"],"picked":"Singing Bowl","floor":11.0},{"not_picked":["Sucker Punch","Heel Hook","Deflect"],"picked":"Singing Bowl","floor":13.0},{"not_picked":["Reflex","Distraction","Dagger Spray"],"picked":"Singing Bowl","floor":14.0},{"not_picked":["Phantasmal Killer","Venomology"],"picked":"Glass Knife","floor":16},{"not_picked":["Blade Dance","All Out Attack"],"picked":"Dodge and Roll","floor":18},{"not_picked":["Prepared","Heel Hook"],"picked":"Backflip","floor":19},{"not_picked":["Terror","Deadly Poison","Quick Slash+1"],"picked":"Singing Bowl","floor":21},{"not_picked":["Slice","Sucker Punch","Predator"],"picked":"Singing Bowl","floor":23},{"not_picked":["Slice","Storm of Steel","Flying Knee"],"picked":"Singing Bowl","floor":25},{"not_picked":["Tactician","Backflip","Terror"],"picked":"Singing Bowl","floor":28},{"not_picked":["Poisoned Stab","Skewer"],"picked":"Bouncing Flask","floor":30}],"player_experience":681384,"relics_obtained":[{"floor":6.0,"key":"Singing Bowl"},{"floor":8.0,"key":"Darkstone Periapt"},{"floor":9.0,"key":"Mercury Hourglass"},{"floor":13.0,"key":"Unceasing Top"},{"floor":23,"key":"War Paint"},{"floor":25,"key":"Anchor"},{"floor":26,"key":"Frozen Egg 2"}],"event_choices":[{"damage_healed":0.0,"max_hp_gain":0.0,"max_hp_loss":0.0,"gold_gain":0.0,"event_name":"Shining Light","player_choice":"Entered Light","floor":2.0,"gold_loss":0.0,"damage_taken":22.0,"cards_upgraded":["Neutralize","Survivor"]},{"damage_healed":0.0,"max_hp_gain":0.0,"max_hp_loss":0.0,"gold_gain":0.0,"event_name":"Liars Game","player_choice":"Ignored","floor":4.0,"gold_loss":0.0,"damage_taken":0.0},{"damage_healed":0,"gold_gain":0,"player_choice":"Ignored","damage_taken":0,"max_hp_gain":0,"max_hp_loss":0,"event_name":"Ghosts","floor":22,"gold_loss":0},{"damage_healed":0,"gold_gain":0,"player_choice":"Simplicity","damage_taken":0,"max_hp_gain":0,"max_hp_loss":0,"event_name":"Back to Basics","floor":27,"gold_loss":0,"cards_upgraded":["Defend_G","Defend_G","Defend_G","Defend_G","Strike_G","Strike_G","Strike_G","Strike_G"]},{"damage_healed":0,"gold_gain":0,"player_choice":"Bought 1 Potion","damage_taken":0,"max_hp_gain":0,"max_hp_loss":0,"event_name":"The Woman in Blue","floor":29,"gold_loss":0},{"damage_healed":0,"gold_gain":0,"player_choice":"Obtained Relic","damage_taken":0,"relics_obtained":["Turnip"],"max_hp_gain":0,"max_hp_loss":0,"event_name":"Addict","floor":31,"gold_loss":85}],"is_beta":false,"boss_relics":[{"not_picked":["Tiny House","Snecko Eye"],"picked":"Fusion Hammer"}],"items_purged_floors":[20],"is_endless":false,"potions_floor_spawned":[1,3,6,8,13,21,23,28],"killed_by":"Automaton","ascension_level":20}