{"path_per_floor":["M","?","M","M","M","R","M","R","T","M","M","M","?","E","R","B",null,"M","M","?","$","M","R","?","M","T","$","M","M","?","M","R"],"character_chosen":"IRONCLAD","items_purchased":["Feel No Pain","Whetstone","Armaments"],"gold_per_floor":[20,20,30,50,62,62,72,72,72,83,101,113,113,146,146,249,249,267,254,254,5,19,19,19,30,56,56,66,81,81,92,92,92],"floor_reached":33,"campfire_rested":2,"playtime":2166,"current_hp_per_floor":[96,96,96,96,79,79,81,81,81,84,79,81,81,68,68,21,96,96,87,87,87,48,76,76,52,52,52,54,39,39,45,73,0],"items_purged":[],"gold":92,"score":280,"play_id":"e83f3f6e-e5e2-4e1c-a4d1-f62abef1419e","local_time":"20180503010337","is_prod":false,"is_daily":false,"chose_seed":false,"is_ascension_mode":false,"campfire_upgraded":3,"timestamp":1525323817,"path_taken":["M","?","?","M","M","R","M","R","T","M","M","M","?","E","R","BOSS","M","M","?","$","?","R","?","M","T","$","M","M","?","M","R","BOSS"],"build_version":"2018-05-01v2","seed_source_timestamp":1492920996447383,"purchased_purges":0,"victory":false,"master_deck":["Strike_R+1","Strike_R+1","Strike_R+1","Strike_R+1","Strike_R+1","Defend_R+1","Defend_R+1","Defend_R+1","Defend_R+1","Bash","Dropkick","Metallicize+1","Iron Wave+1","Battle Trance","Dark Embrace+1","Infernal Blade+1","Armaments","Anger","Dark Embrace+1","Double Tap","Inflame+1","Anger","Feel No Pain+1","Armaments","Whirlwind","Feel No Pain+1","Fiend Fire","Writhe"],"max_hp_per_floor":[96,96,96,96,96,96,96,96,96,96,96,96,96,96,96,96,96,96,96,96,96,96,96,96,96,96,96,96,96,96,96,96,96],"relics":["Burning Blood","Bottled Tornado","Paper Frog","Frozen Egg 2","Snecko Eye","Whetstone","Bag of Marbles","Bag of Preparation"],"card_choices":[{"not_picked":["Thunderclap","Ghostly Armor"],"picked":"Dropkick","floor":1},{"not_picked":["Headbutt","Clothesline"],"picked":"Metallicize","floor":3},{"not_picked":["Reckless Charge","Armaments"],"picked":"Iron Wave","floor":4},{"not_picked":["Uppercut","Intimidate"],"picked":"Battle Trance","floor":5},{"not_picked":["Clash","Power Through"],"picked":"Dark Embrace","floor":7},{"not_picked":["Cleave","Warcry"],"picked":"Infernal Blade","floor":10},{"not_picked":["Headbutt","Sword Boomerang"],"picked":"Armaments","floor":11},{"not_picked":["Disarm","Flex"],"picked":"Anger","floor":12},{"not_picked":["True Grit","Sword Boomerang"],"picked":"Dark Embrace","floor":14},{"not_picked":["Brutality","Juggernaut"],"picked":"Double Tap","floor":16},{"not_picked":["True Grit","Perfected Strike"],"picked":"Inflame","floor":18},{"not_picked":["Pommel Strike","Hemokinesis"],"picked":"Anger","floor":19},{"not_picked":["Heavy Blade","Pommel Strike"],"picked":"Whirlwind","floor":22},{"not_picked":["Clash","Shrug It Off"],"picked":"Feel No Pain","floor":25},{"not_picked":["Headbutt","Twin Strike"],"picked":"Fiend Fire","floor":29}],"player_experience":120694,"potions_floor_usage":[5,7,16,16,18,19,28,29,33],"damage_taken":[{"damage":3,"enemies":"Jaw Worm","floor":1,"turns":4},{"damage":1,"enemies":"Cultist","floor":3,"turns":3},{"damage":0,"enemies":"Small Slimes","floor":4,"turns":4},{"damage":23,"enemies":"Exordium Wildlife","floor":5,"turns":9},{"damage":4,"enemies":"Gremlin Gang","floor":7,"turns":6},{"damage":3,"enemies":"Blue Slaver","floor":10,"turns":6},{"damage":11,"enemies":"Looter","floor":11,"turns":3},{"damage":4,"enemies":"Exordium Thugs","floor":12,"turns":6},{"damage":19,"enemies":"Lagavulin","floor":14,"turns":8},{"damage":68,"enemies":"The Guardian","floor":16,"turns":18},{"damage":0,"enemies":"3 Byrds","floor":18,"turns":5},{"damage":15,"enemies":"2 Thieves","floor":19,"turns":4},{"damage":45,"enemies":"3 Cultists","floor":22,"turns":6},{"damage":30,"enemies":"Snake Plant","floor":25,"turns":5},{"damage":4,"enemies":"Cultist and Chosen","floor":28,"turns":6},{"damage":21,"enemies":"3 Cultists","floor":29,"turns":5},{"damage":0,"enemies":"Snecko","floor":31,"turns":2},{"damage":86,"enemies":"Collector","floor":33,"turns":10}],"event_choices":[{"event_name":"The Cleric","player_choice":"Leave","floor":2,"damage_taken":0},{"event_name":"Dead Adventurer","player_choice":"Searched \u00272\u0027 times","floor":13,"damage_taken":0},{"event_name":"Ghosts","player_choice":"Ignored","floor":20,"damage_taken":0},{"event_name":"Back to Basics","player_choice":"Simplicity","floor":24,"damage_taken":0},{"event_name":"The Mausoleum","player_choice":"Yes","floor":30,"damage_taken":0}],"boss_relics":[{"not_picked":["Sozu","Cursed Key"],"picked":"Snecko Eye"}],"potions_floor_spawned":[4,5,10,14,16,18,19,28,29,31],"seed_played":"2241179830405240185","killed_by":"Collector","ascension_level":0,"is_trial":false}