{"gold_per_floor":[115,115,80,30,205,205,243,243,289,314,314,333,56,76,76,76],"floor_reached":16,"playtime":577,"items_purged":[],"score":123,"play_id":"eb8e48c1-db80-4715-9f35-49814c837f5b","local_time":"20190518163332","is_ascension_mode":true,"campfire_choices":[{"data":"Intimidate","floor":6,"key":"SMITH"},{"floor":11,"key":"REST"},{"data":"Corruption","floor":15,"key":"SMITH"}],"neow_cost":"NONE","seed_source_timestamp":123096920289900,"circlet_count":0,"master_deck":["Strike_R","Strike_R","Strike_R","Strike_R","Defend_R","Defend_R","Defend_R","Defend_R","Bash","Intimidate+1","Doubt","Uppercut","Impervious","Feel No Pain","Fiend Fire","Corruption+1"],"relics":["Burning Blood","Golden Idol","Vajra","Meat on the Bone","Blood Vial","Sling"],"potions_floor_usage":[10,16],"damage_taken":[{"damage":8,"enemies":"2 Louse","floor":1,"turns":4},{"damage":54,"enemies":"Gremlin Nob","floor":7,"turns":5},{"damage":1,"enemies":"Small Slimes","floor":10,"turns":2},{"damage":4,"enemies":"Cultist","floor":12,"turns":3},{"damage":5,"enemies":"3 Louse","floor":14,"turns":4},{"damage":89,"enemies":"Slime Boss","floor":16,"turns":13}],"seed_played":"-6700329406865158951","potions_obtained":[{"floor":7,"key":"Fire Potion"},{"floor":12,"key":"GamblersBrew"}],"is_trial":false,"path_per_floor":["M","?","?","?","?","R","E","T","T","M","R","M","$","M","R","B"],"character_chosen":"IRONCLAD","items_purchased":["Sling","Fiend Fire"],"campfire_rested":1,"item_purchase_floors":[13,13],"current_hp_per_floor":[86,81,81,81,81,81,33,33,33,52,76,80,80,81,81,0],"gold":76,"neow_bonus":"TEN_PERCENT_HP_BONUS","is_prod":false,"is_daily":false,"chose_seed":false,"campfire_upgraded":2,"win_rate":0,"timestamp":1558211612,"path_taken":["M","?","?","?","?","R","E","?","T","M","R","?","$","M","R","BOSS"],"build_version":"2019-05-07","purchased_purges":0,"victory":false,"max_hp_per_floor":[88,81,81,81,81,81,81,81,81,81,81,81,81,81,81,81],"card_choices":[{"not_picked":["Warcry","Havoc"],"picked":"Intimidate","floor":1},{"not_picked":["Iron Wave","Warcry"],"picked":"Uppercut","floor":7},{"not_picked":["Perfected Strike","Armaments"],"picked":"Impervious","floor":10},{"not_picked":["Sword Boomerang","Shrug It Off"],"picked":"Feel No Pain","floor":12},{"not_picked":["Anger","Reckless Charge"],"picked":"Corruption","floor":14}],"player_experience":886497,"relics_obtained":[{"floor":7,"key":"Vajra"},{"floor":8,"key":"Meat on the Bone"},{"floor":9,"key":"Blood Vial"}],"event_choices":[{"damage_healed":0,"gold_gain":0,"player_choice":"Lose Max HP","damage_taken":0,"relics_obtained":["Golden Idol"],"max_hp_gain":0,"max_hp_loss":7,"event_name":"Golden Idol","floor":2,"gold_loss":0},{"damage_healed":0,"gold_gain":0,"player_choice":"Left Gold","damage_taken":0,"max_hp_gain":0,"max_hp_loss":0,"event_name":"World of Goop","floor":3,"gold_loss":35},{"cards_removed":["Strike_R"],"damage_healed":0,"gold_gain":0,"player_choice":"Card Removal","damage_taken":0,"max_hp_gain":0,"max_hp_loss":0,"event_name":"The Cleric","floor":4,"gold_loss":50},{"damage_healed":0,"gold_gain":175,"player_choice":"AGREE","damage_taken":0,"max_hp_gain":0,"max_hp_loss":0,"event_name":"Liars Game","floor":5,"gold_loss":0,"cards_obtained":["Doubt"]}],"is_beta":true,"boss_relics":[],"items_purged_floors":[],"is_endless":false,"potions_floor_spawned":[7,12],"killed_by":"Slime Boss","ascension_level":5}