{"path_per_floor":["M","$","M","M","?","R","E","?","T","R","M","M","M","M","R","B",null,"M","?","$","?","?"],"character_chosen":"DEFECT","items_purchased":["Darkness","Mind Blast","AttackPotion"],"gold_per_floor":[111,36,51,61,61,61,95,95,95,95,105,115,125,145,145,241,271,283,208,65,65,65,65],"floor_reached":23,"campfire_rested":2,"playtime":1016,"current_hp_per_floor":[75,75,73,73,73,73,48,48,58,83,78,69,58,48,73,29,90,67,67,67,67,51,0],"items_purged":[],"gold":65,"score":216,"play_id":"f55515b6-08bd-4b6d-a21c-238b6cc22ada","local_time":"20180518084332","is_prod":false,"is_daily":false,"chose_seed":false,"is_ascension_mode":false,"campfire_upgraded":1,"timestamp":1526647412,"campfire_choices":[{"data":"Conserve Battery","floor":6,"key":"SMITH"},{"floor":10,"key":"REST"},{"floor":15,"key":"REST"}],"path_taken":["M","?","M","?","?","R","E","?","T","R","M","M","M","M","R","BOSS","M","?","$","?","?","E"],"build_version":"2018-05-17","seed_source_timestamp":409400355401384,"purchased_purges":0,"victory":false,"master_deck":["Strike_B","Strike_B","Defend_B","Defend_B","Defend_B","Defend_B","Zap","Dualcast","Conserve Battery+1","Darkness","Defragment+1","Creative AI","Sunder","Capacitor","Doom and Gloom+1","Hologram","Multi-Cast","Gash","Consume","Mind Blast","Consume"],"max_hp_per_floor":[75,75,75,75,75,75,75,75,85,85,85,85,85,85,85,85,90,90,90,90,90,90,90],"relics":["Cracked Core","Du-Vu Doll","Pear","Tiny House","Enchiridion"],"card_choices":[{"not_picked":["Ball Lightning","Capacitor"],"picked":"Conserve Battery","floor":1},{"not_picked":["Stack","Reprogram","Barrage"],"picked":"SKIP","floor":3},{"not_picked":["Doom and Gloom","Double Energy"],"picked":"Defragment","floor":4},{"not_picked":["Skim","Ball Lightning"],"picked":"Creative AI","floor":7},{"not_picked":["Tempest","Rebound"],"picked":"Sunder","floor":11},{"not_picked":["Leap","Turbo"],"picked":"Capacitor","floor":12},{"not_picked":["Force Field","Ball Lightning"],"picked":"Doom and Gloom","floor":13},{"not_picked":["Leap","Steam"],"picked":"Hologram","floor":14},{"not_picked":["Amplify","Nova"],"picked":"Multi-Cast","floor":16},{"not_picked":["Barrage","Capacitor"],"picked":"Gash","floor":17},{"not_picked":["Genetic Algorithm","Chaos"],"picked":"Consume","floor":18}],"player_experience":287281,"potions_floor_usage":[4,12,18,18,23],"damage_taken":[{"damage":0,"enemies":"Cultist","floor":1,"turns":4},{"damage":2,"enemies":"2 Louse","floor":3,"turns":3},{"damage":0,"enemies":"Small Slimes","floor":4,"turns":2},{"damage":25,"enemies":"Gremlin Nob","floor":7,"turns":4},{"damage":5,"enemies":"3 Louse","floor":11,"turns":4},{"damage":9,"enemies":"Lots of Slimes","floor":12,"turns":4},{"damage":11,"enemies":"Exordium Wildlife","floor":13,"turns":4},{"damage":10,"enemies":"Large Slime","floor":14,"turns":5},{"damage":44,"enemies":"The Guardian","floor":16,"turns":9},{"damage":23,"enemies":"3 Byrds","floor":18,"turns":4},{"damage":53,"enemies":"Slavers","floor":23,"turns":3}],"relics_obtained":[{"floor":7,"key":"Du-Vu Doll"},{"floor":9,"key":"Pear"},{"floor":22,"key":"Enchiridion"}],"event_choices":[{"event_name":"Living Wall","player_choice":"Grow","floor":5,"damage_taken":0},{"event_name":"Purifier","player_choice":"One Purge","floor":8,"damage_taken":0},{"event_name":"Beggar","player_choice":"Gave Gold","floor":19,"damage_taken":0},{"event_name":"The Library","player_choice":"Read","floor":21,"damage_taken":0},{"event_name":"Cursed Tome","player_choice":"Obtained Book","floor":22,"damage_taken":0}],"boss_relics":[{"not_picked":["Sozu","Velvet Choker"],"picked":"Tiny House"}],"potions_floor_spawned":[3,4,11,12,16],"seed_played":"-7240137305038042452","killed_by":"Slavers","ascension_level":0,"potions_obtained":[{"floor":3,"key":"AttackPotion"},{"floor":4,"key":"LiquidBronze"},{"floor":11,"key":"Poison Potion"},{"floor":12,"key":"LiquidBronze"},{"floor":16,"key":"SteroidPotion"},{"floor":17,"key":"EssenceOfSteel"}],"is_trial":false}