{"gold_per_floor":[111,111,123,134,134,134,194,228,258,274,274,289,306,320,320,424,424,435,435,435,452,125,125,142,167,167,167,201,201,232,244,244,347,347,360,460,471,484,263,298,298,67,113,127,143,172,172,200,200,200,200,200,63,94,94],"floor_reached":56,"playtime":2877,"items_purged":["Defend_R","Defend_R","Defend_R"],"score":1481,"play_id":"38326424-beb3-4f1e-9688-04265f2db3fc","local_time":"20181116224211","is_ascension_mode":true,"campfire_choices":[{"data":"Bash","floor":6,"key":"SMITH"},{"floor":11,"key":"REST"},{"data":"Disarm","floor":15,"key":"SMITH"},{"data":"Offering","floor":23,"key":"SMITH"},{"data":"Disarm","floor":27,"key":"SMITH"},{"data":"Entrench","floor":29,"key":"SMITH"},{"floor":32,"key":"REST"},{"floor":41,"key":"RECALL"},{"data":"Barricade","floor":47,"key":"SMITH"},{"data":"Juggernaut","floor":49,"key":"SMITH"},{"data":"Discovery","floor":52,"key":"SMITH"}],"neow_cost":"NONE","seed_source_timestamp":241597677065413,"circlet_count":0,"master_deck":["Strike_R+1","Strike_R+1","Defend_R+1","Bash+1","Shrug It Off","Reckless Charge+1","Sword Boomerang","Reaper","Ghostly Armor","Disarm+1","Offering+1","Bludgeon+1","Shockwave+1","Pummel+1","Shrug It Off+1","Disarm+1","Reckless Charge+1","Entrench+1","Juggernaut+1","Flame Barrier","True Grit+1","Discovery+1","Metallicize","Iron Wave+1","Corruption+1","Shrug It Off","Power Through+1","Barricade+1","Shrug It Off+1","Metallicize","Shrug It Off","Body Slam+1"],"relics":["Burning Blood","Pear","Whetstone","Smiling Mask","Tiny Chest","Astrolabe","Calipers","Bag of Preparation","Molten Egg 2","Gambling Chip","Bag of Marbles","Bronze Scales","Sozu","Turnip","Dream Catcher","Medical Kit","Lantern","Mercury Hourglass","Mango"],"potions_floor_usage":[7,16,25,28,33,55,55],"damage_taken":[{"damage":0,"enemies":"Small Slimes","floor":1,"turns":3},{"damage":1,"enemies":"2 Louse","floor":3,"turns":3},{"damage":0,"enemies":"Jaw Worm","floor":4,"turns":4},{"damage":28,"enemies":"Lagavulin Event","floor":7,"turns":5},{"damage":44,"enemies":"3 Sentries","floor":8,"turns":13},{"damage":10,"enemies":"Exordium Wildlife","floor":10,"turns":5},{"damage":4,"enemies":"Blue Slaver","floor":12,"turns":3},{"damage":2,"enemies":"3 Louse","floor":13,"turns":5},{"damage":33,"enemies":"Exordium Thugs","floor":14,"turns":5},{"damage":43,"enemies":"Hexaghost","floor":16,"turns":15},{"damage":16,"enemies":"Shell Parasite","floor":18,"turns":5},{"damage":8,"enemies":"3 Byrds","floor":21,"turns":7},{"damage":6,"enemies":"Snake Plant","floor":24,"turns":3},{"damage":24,"enemies":"Gremlin Leader","floor":25,"turns":7},{"damage":29,"enemies":"Slavers","floor":28,"turns":7},{"damage":55,"enemies":"Gremlin Leader","floor":30,"turns":9},{"damage":6,"enemies":"Shelled Parasite and Fungi","floor":31,"turns":3},{"damage":55,"enemies":"Collector","floor":33,"turns":13},{"damage":8,"enemies":"3 Shapes","floor":35,"turns":6},{"damage":11,"enemies":"Mind Bloom Boss Battle","floor":36,"turns":9},{"damage":12,"enemies":"3 Darklings","floor":37,"turns":7},{"damage":12,"enemies":"Maw","floor":38,"turns":8},{"damage":22,"enemies":"Giant Head","floor":40,"turns":11},{"damage":9,"enemies":"Writhing Mass","floor":44,"turns":8},{"damage":12,"enemies":"Transient","floor":45,"turns":5},{"damage":50,"enemies":"Nemesis","floor":46,"turns":9},{"damage":12,"enemies":"Reptomancer","floor":48,"turns":13},{"damage":7,"enemies":"Time Eater","floor":50,"turns":16},{"damage":22,"enemies":"Shield and Spear","floor":54,"turns":9},{"damage":6,"enemies":"The Heart","floor":55,"turns":10}],"seed_played":"7221473159690731250","potions_obtained":[{"floor":4,"key":"SkillPotion"},{"floor":10,"key":"Poison Potion"},{"floor":12,"key":"EssenceOfSteel"},{"floor":16,"key":"LiquidBronze"},{"floor":25,"key":"PowerPotion"},{"floor":28,"key":"Regen Potion"}],"is_trial":false,"path_per_floor":["M","?","M","M","?","R","?","E","T","M","R","M","M","M","R","B",null,"M","?","?","M","$","R","M","E","T","R","E","R","E","M","R","B",null,"M","?","M","M","$","E","R","$","T","M","M","E","R","E","R","B",null,"R","$","E","B",null],"character_chosen":"IRONCLAD","items_purchased":["Disarm","Bag of Preparation","PowerPotion","Discovery","Metallicize","Iron Wave+1","Medical Kit","Shrug It Off","Metallicize","Shrug It Off"],"campfire_rested":2,"item_purchase_floors":[22,22,22,39,39,39,42,42,53,53],"current_hp_per_floor":[88,70,75,81,73,73,51,13,13,17,46,54,67,48,48,17,98,88,88,88,92,92,92,92,80,80,80,69,69,34,46,75,49,98,98,98,98,98,98,87,87,87,87,87,87,49,49,53,53,56,98,98,98,99,105],"gold":94,"neow_bonus":"TEN_PERCENT_HP_BONUS","is_prod":false,"is_daily":false,"chose_seed":false,"campfire_upgraded":8,"win_rate":0,"timestamp":1542433331,"path_taken":["M","?","M","M","?","R","?","E","T","M","R","M","M","M","R","BOSS","M","?","?","M","$","R","M","E","T","R","E","R","E","M","R","BOSS","M","?","M","M","$","E","R","$","T","M","M","E","R","E","R","BOSS","R","$","E","BOSS"],"build_version":"2018-11-15","purchased_purges":3,"victory":true,"max_hp_per_floor":[88,88,88,88,98,98,98,98,98,98,98,98,98,98,98,98,98,98,98,98,98,98,98,98,98,98,98,98,98,98,98,98,98,98,98,98,98,98,98,98,98,98,98,98,98,98,98,98,98,98,98,98,98,112,112],"card_choices":[{"not_picked":["Havoc","Power Through"],"picked":"Shrug It Off","floor":1},{"not_picked":["Sword Boomerang","Seeing Red"],"picked":"Reckless Charge","floor":3},{"not_picked":["Havoc","Perfected Strike"],"picked":"Sword Boomerang","floor":4},{"not_picked":["Sever Soul","Cleave"],"picked":"Reaper","floor":8},{"not_picked":["Perfected Strike","Heavy Blade"],"picked":"Ghostly Armor","floor":10},{"not_picked":["Burning Pact","Rage","Corruption"],"picked":"SKIP","floor":12},{"not_picked":["True Grit","Perfected Strike","Wild Strike"],"picked":"SKIP","floor":13},{"not_picked":["Armaments","Hemokinesis"],"picked":"Disarm","floor":14},{"not_picked":["Reaper","Dark Embrace"],"picked":"Offering","floor":16},{"not_picked":["Reckless Charge","Flex"],"picked":"Shrug It Off+1","floor":18},{"not_picked":["Thunderclap","Intimidate","Headbutt"],"picked":"SKIP","floor":21},{"not_picked":["Cleave","Iron Wave","Fire Breathing"],"picked":"SKIP","floor":24},{"not_picked":["Thunderclap","Blood for Blood+1"],"picked":"Reckless Charge+1","floor":25},{"not_picked":["Carnage+1","Thunderclap+1"],"picked":"Entrench","floor":28},{"not_picked":["Sentinel","Double Tap","Rupture"],"picked":"SKIP","floor":30},{"not_picked":["Bloodletting","Reckless Charge+1","True Grit"],"picked":"SKIP","floor":31},{"not_picked":["Demon Form","Berserk"],"picked":"Juggernaut","floor":33},{"not_picked":["Headbutt+1","Havoc"],"picked":"Flame Barrier","floor":35},{"not_picked":["Heavy Blade+1","Whirlwind+1"],"picked":"True Grit+1","floor":36},{"not_picked":["Sword Boomerang+1","Havoc","Wild Strike+1"],"picked":"SKIP","floor":37},{"not_picked":["Pommel Strike+1","Flame Barrier","Warcry"],"picked":"SKIP","floor":38},{"not_picked":["Clothesline+1","Rage+1"],"picked":"Corruption+1","floor":40},{"not_picked":["Clothesline+1","Sword Boomerang+1"],"picked":"Power Through+1","floor":44},{"not_picked":["Anger+1","Brutality","Armaments"],"picked":"SKIP","floor":45},{"not_picked":["Infernal Blade+1","Searing Blow+1"],"picked":"Barricade","floor":46},{"not_picked":["Armaments","True Grit"],"picked":"Shrug It Off+1","floor":48},{"not_picked":["True Grit","Dropkick+1"],"picked":"Body Slam+1","floor":54}],"player_experience":634607,"relics_obtained":[{"floor":7,"key":"Whetstone"},{"floor":8,"key":"Smiling Mask"},{"floor":9,"key":"Tiny Chest"},{"floor":25,"key":"Molten Egg 2"},{"floor":26,"key":"Gambling Chip"},{"floor":28,"key":"Bag of Marbles"},{"floor":30,"key":"Bronze Scales"},{"floor":36,"key":"Turnip"},{"floor":40,"key":"Dream Catcher"},{"floor":46,"key":"Lantern"},{"floor":48,"key":"Mercury Hourglass"},{"floor":54,"key":"Mango"}],"event_choices":[{"damage_healed":0,"gold_gain":0,"player_choice":"Entered Light","damage_taken":18,"max_hp_gain":0,"max_hp_loss":0,"event_name":"Shining Light","floor":2,"gold_loss":0,"cards_upgraded":["Strike_R","Defend_R"]},{"damage_healed":0,"gold_gain":0,"player_choice":"Success","damage_taken":18,"relics_obtained":["Pear"],"max_hp_gain":0,"max_hp_loss":0,"event_name":"Scrap Ooze","floor":5,"gold_loss":0},{"damage_healed":0,"gold_gain":0,"player_choice":"Searched \u00271\u0027 times","damage_taken":0,"max_hp_gain":0,"max_hp_loss":0,"event_name":"Dead Adventurer","floor":7,"gold_loss":0},{"damage_healed":0,"gold_gain":0,"player_choice":"Ignored","damage_taken":0,"max_hp_gain":0,"max_hp_loss":0,"event_name":"Ghosts","floor":19,"gold_loss":0},{"damage_healed":0,"gold_gain":0,"player_choice":"Opened","damage_taken":0,"relics_obtained":["Calipers"],"max_hp_gain":0,"max_hp_loss":0,"event_name":"The Mausoleum","floor":20,"gold_loss":0},{"damage_healed":0,"gold_gain":0,"player_choice":"Fight","damage_taken":0,"max_hp_gain":0,"max_hp_loss":0,"event_name":"MindBloom","floor":36,"gold_loss":0}],"is_beta":false,"boss_relics":[{"not_picked":["Tiny House","Lizard Tail"],"picked":"Astrolabe"},{"not_picked":["Fusion Hammer","Runic Dome"],"picked":"Sozu"}],"items_purged_floors":[22,39,53],"is_endless":false,"potions_floor_spawned":[4,10,12,16,24,25,28,30,35,36,37,45,54],"ascension_level":1}