{"gold_per_floor":[115,115,16,16,31,61,61,86,86,100,1,1,26,176,176,176],"floor_reached":16,"playtime":583,"items_purged":[],"score":324,"play_id":"15c1813d-d47d-49f0-801c-69d6fc658c8b","local_time":"20190611212002","is_ascension_mode":true,"campfire_choices":[{"data":"Footwork","floor":12.0,"key":"SMITH"},{"data":"Calculated Gamble","floor":15.0,"key":"SMITH"}],"neow_cost":"NONE","seed_source_timestamp":951116271194280,"circlet_count":0,"master_deck":["AscendersBane","Defend_G","Defend_G","Defend_G","Defend_G","Defend_G","Strike_G","Strike_G","Strike_G","Strike_G","Survivor","Neutralize","Skewer+1","Footwork+1","Outmaneuver","Outmaneuver","Tools of the Trade","Dash","Calculated Gamble+1","Bandage Up","Backstab","Doubt"],"special_seed":0,"relics":["Ring of the Snake","NeowsBlessing","Gambling Chip","Thread and Needle","Blue Candle","Pocketwatch","Nunchaku"],"potions_floor_usage":[16],"damage_taken":[{"damage":0.0,"enemies":"Small Slimes","floor":1.0,"turns":1.0},{"damage":0.0,"enemies":"2 Louse","floor":5.0,"turns":1.0},{"damage":0.0,"enemies":"Lagavulin","floor":6.0,"turns":3.0},{"damage":39.0,"enemies":"3 Sentries","floor":8.0,"turns":14.0},{"damage":1.0,"enemies":"Jaw Worm","floor":10.0,"turns":4.0},{"damage":0.0,"enemies":"Lagavulin","floor":13.0,"turns":7.0},{"damage":17,"enemies":"Slime Boss","floor":16,"turns":3}],"seed_played":"-5358735267941398885","potions_obtained":[{"floor":5.0,"key":"Fire Potion"},{"floor":10.0,"key":"Fruit Juice"},{"floor":13.0,"key":"Weak Potion"}],"is_trial":false,"path_per_floor":["M","?","$","?","M","E","?","E","T","M","$","R","E","?","R","B"],"character_chosen":"THE_SILENT","items_purchased":["Footwork","Outmaneuver","Bandage Up"],"campfire_rested":0,"item_purchase_floors":[3,3,11],"current_hp_per_floor":[59,59,59,52,52,52,41,2,2,1,1,1,10,10,10,0],"gold":176,"neow_bonus":"THREE_ENEMY_KILL","is_prod":false,"is_daily":false,"chose_seed":false,"campfire_upgraded":2,"win_rate":0,"timestamp":1560280802,"path_taken":["M","?","$","?","M","E","?","E","T","M","?","R","E","?","R","BOSS"],"build_version":"2019-01-23","purchased_purges":0,"victory":false,"max_hp_per_floor":[66,66,66,66,66,66,66,66,66,66,66,66,71,71,71,71],"card_choices":[{"not_picked":["Blade Dance","Outmaneuver"],"picked":"Skewer","floor":1.0},{"not_picked":["Backflip","Reflex"],"picked":"Outmaneuver","floor":5.0},{"not_picked":["Prepared","Underhanded Strike"],"picked":"Tools of the Trade","floor":6.0},{"not_picked":["Underhanded Strike","Bane"],"picked":"Dash","floor":8.0},{"not_picked":["Reflex","All Out Attack"],"picked":"Calculated Gamble","floor":10.0},{"not_picked":["Flying Knee","Dagger Spray"],"picked":"Backstab","floor":13.0}],"player_experience":597584,"relics_obtained":[{"floor":6.0,"key":"Gambling Chip"},{"floor":8.0,"key":"Blue Candle"},{"floor":9.0,"key":"Pocketwatch"},{"floor":13.0,"key":"Nunchaku"}],"event_choices":[{"damage_healed":0.0,"max_hp_gain":0.0,"max_hp_loss":0.0,"gold_gain":0.0,"event_name":"Living Wall","player_choice":"Grow","floor":2.0,"gold_loss":0.0,"damage_taken":0.0,"cards_upgraded":["Skewer"]},{"cards_removed":["Strike_G"],"damage_healed":0.0,"max_hp_gain":0.0,"max_hp_loss":0.0,"gold_gain":0.0,"event_name":"Golden Wing","player_choice":"Card Removal","floor":4.0,"gold_loss":0.0,"damage_taken":7.0},{"damage_healed":0.0,"max_hp_gain":0.0,"max_hp_loss":0.0,"gold_gain":0.0,"event_name":"Scrap Ooze","player_choice":"Success","floor":7.0,"gold_loss":0.0,"damage_taken":11.0,"relics_obtained":["Thread and Needle"]},{"damage_healed":0.0,"max_hp_gain":0.0,"max_hp_loss":0.0,"gold_gain":150.0,"event_name":"Liars Game","player_choice":"AGREE","floor":14.0,"gold_loss":0.0,"damage_taken":0.0,"cards_obtained":["Doubt"]}],"is_beta":false,"boss_relics":[],"items_purged_floors":[],"is_endless":false,"potions_floor_spawned":[5,10,13],"killed_by":"Slime Boss","ascension_level":19}