{"gold_per_floor":[114,114,129,129,148,148,167,167,167,186,224,399,6,6,6,131,131,150,169,188,207,226,226],"floor_reached":23,"playtime":1467,"items_purged":[],"score":197,"play_id":"323a0f00-df05-47fa-9b69-56a0c9280811","local_time":"20180714050813","daily_mods":["Shiny","Uncertain Future","Lethality"],"is_ascension_mode":false,"campfire_choices":[{"data":"Electrodynamics","floor":6,"key":"SMITH"},{"data":"Hello World","floor":8,"key":"SMITH"},{"floor":15,"key":"REST"}],"neow_cost":"","seed_source_timestamp":435952693365008,"circlet_count":0,"master_deck":["Multi-Cast","Hyperbeam","Thunder Strike","Biased Cognition","Machine Learning","Electrodynamics+1","Buffer","Rainbow","Seek","Meteor Strike","Echo Form","All For One","Reboot","Amplify","Creative AI","Fission","Core Surge","Chaos","Redo","Injury","Gash","Hello World+1","Conserve Battery","Conserve Battery","Doubt","Stack","Cold Snap","Panacea","Buffer","Stack+1","Loop","Glacier","Fusion","Conserve Battery+1"],"special_seed":17726,"relics":["Cracked Core","Girya","Golden Idol","Pen Nib","Dodecahedron","Toolbox","Cursed Key"],"potions_floor_usage":[14,14,20],"damage_taken":[{"damage":0,"enemies":"2 Louse","floor":1,"turns":2},{"damage":19,"enemies":"Small Slimes","floor":3,"turns":3},{"damage":0,"enemies":"Cultist","floor":5,"turns":2},{"damage":0,"enemies":"Large Slime","floor":7,"turns":3},{"damage":7,"enemies":"2 Fungi Beasts","floor":10,"turns":3},{"damage":21,"enemies":"Lagavulin","floor":11,"turns":6},{"damage":0,"enemies":"Gremlin Gang","floor":14,"turns":1},{"damage":31,"enemies":"The Guardian","floor":16,"turns":7},{"damage":0,"enemies":"Spheric Guardian","floor":18,"turns":4},{"damage":12,"enemies":"Shell Parasite","floor":19,"turns":3},{"damage":0,"enemies":"Cultist and Chosen","floor":20,"turns":6},{"damage":28,"enemies":"Slaver and Parasite","floor":21,"turns":6},{"damage":26,"enemies":"Centurion and Healer","floor":22,"turns":5},{"damage":15,"enemies":"Gremlin Leader","floor":23,"turns":1}],"seed_played":"-1557900698408723444","potions_obtained":[{"floor":1,"key":"Strength Potion"},{"floor":5,"key":"SmokeBomb"},{"floor":19,"key":"Fruit Juice"}],"is_trial":false,"path_per_floor":["M","?","M","?","M","R","M","R","T","M","E","?","$","M","R","B",null,"M","M","M","M","M"],"character_chosen":"DEFECT","items_purchased":["Stack","Cold Snap","Toolbox","Panacea"],"campfire_rested":1,"item_purchase_floors":[13,13,13,13],"current_hp_per_floor":[75,63,44,44,44,44,44,44,44,37,16,16,16,16,38,7,75,75,63,68,40,14,0],"gold":226,"neow_bonus":"","is_prod":false,"is_daily":true,"chose_seed":false,"campfire_upgraded":2,"win_rate":0,"timestamp":1531559293,"path_taken":["M","?","M","?","M","R","M","R","T","M","E","?","$","M","R","BOSS","M","M","?","M","M","E"],"build_version":"2018-07-12","purchased_purges":0,"victory":false,"max_hp_per_floor":[75,75,75,75,75,75,75,75,75,75,75,75,75,75,75,75,75,75,75,80,80,80,80],"card_choices":[{"not_picked":["Double Energy","Steam Power"],"picked":"Chaos","floor":1},{"not_picked":["Compile Driver","Ball Lightning"],"picked":"Redo","floor":3},{"not_picked":["Conserve Battery","Ball Lightning"],"picked":"Gash","floor":5},{"not_picked":["Rebound","Stack"],"picked":"Hello World","floor":7},{"not_picked":["Reprogram","Hologram"],"picked":"Conserve Battery","floor":10},{"not_picked":["Tempest","Streamline"],"picked":"Conserve Battery","floor":11},{"not_picked":["Machine Learning","Meteor Strike"],"picked":"Buffer","floor":16},{"not_picked":["Redo","Coolheaded+1"],"picked":"Stack+1","floor":18},{"not_picked":["Barrage","Leap"],"picked":"Loop","floor":19},{"not_picked":["Hello World+1","Reinforced Body"],"picked":"Glacier","floor":20},{"not_picked":["Coolheaded","Leap"],"picked":"Fusion","floor":21},{"not_picked":["Sweeping Beam","Leap"],"picked":"Conserve Battery+1","floor":22}],"player_experience":421124,"relics_obtained":[{"floor":9,"key":"Pen Nib"},{"floor":11,"key":"Dodecahedron"}],"event_choices":[{"event_name":"Scrap Ooze","player_choice":"success","floor":2,"damage_taken":12},{"event_name":"Golden Idol","player_choice":"Take Wound","floor":4,"damage_taken":0},{"event_name":"Liars Game","player_choice":"agreed","floor":12,"damage_taken":0}],"boss_relics":[{"not_picked":["Tiny House","Black Star"],"picked":"Cursed Key"}],"items_purged_floors":[],"is_endless":false,"potions_floor_spawned":[1,5,19],"killed_by":"Gremlin Leader","ascension_level":0}