{"path_per_floor":["M","?","M","?","M","E","M","R","T","R","?","M","?","M","R"],"character_chosen":"IRONCLAD","items_purchased":[],"gold_per_floor":[113,113,132,132,142,173,193,193,193,193,443,455,516,535,535],"floor_reached":16,"campfire_rested":2,"playtime":798,"current_hp_per_floor":[80,62,60,60,58,40,20,44,44,44,44,44,26,13,37],"items_purged":[],"gold":535,"score":102,"play_id":"661a48c0-eefc-4137-84ad-5f436e33372e","local_time":"20180305173041","is_prod":false,"is_daily":false,"is_ascension_mode":false,"campfire_upgraded":0,"timestamp":1520289041,"path_taken":["M","?","M","?","M","E","M","R","T","R","?","M","?","?","R","BOSS"],"build_version":"2018-03-01-PROD1","purchased_purges":0,"victory":false,"master_deck":["Strike_R","Strike_R","Strike_R","Strike_R","Strike_R","Defend_R","Defend_R","Defend_R","Defend_R","Bash","Shrug It Off","Wild Strike+1","Barricade","Carnage","Thunderclap","Regret","Rupture","Body Slam","Wild Strike"],"max_hp_per_floor":[80,80,80,80,80,80,80,80,80,80,80,80,80,80,80],"relics":["Lizard Tail","Du-Vu Doll","Lantern","Girya","Peace Pipe"],"card_choices":[{"not_picked":["Flex","Twin Strike"],"picked":"Shrug It Off"},{"not_picked":["Armaments","Shrug It Off"],"picked":"Wild Strike"},{"not_picked":["Heavy Blade","Clothesline"],"picked":"Barricade"},{"not_picked":["Pommel Strike","Warcry"],"picked":"Carnage"},{"not_picked":["Anger","Havoc"],"picked":"Thunderclap"},{"not_picked":["Twin Strike","Pommel Strike"],"picked":"Rupture"},{"not_picked":["Searing Blow","Whirlwind"],"picked":"Body Slam"},{"not_picked":["Clothesline","Dropkick"],"picked":"Wild Strike"}],"player_experience":262541,"potions_floor_usage":[13,13],"damage_taken":[{"damage":0,"enemies":"Small Slimes","floor":1,"turns":3},{"damage":2,"enemies":"2 Louse","floor":3,"turns":5},{"damage":2,"enemies":"Jaw Worm","floor":5,"turns":4},{"damage":59,"enemies":"Lagavulin","floor":6,"turns":11},{"damage":20,"enemies":"Gremlin Gang","floor":7,"turns":6},{"damage":0,"enemies":"Looter","floor":12,"turns":2},{"damage":18,"enemies":"3 Sentries","floor":13,"turns":4},{"damage":13,"enemies":"Lots of Slimes","floor":14,"turns":3},{"damage":39,"enemies":"Slime Boss","floor":16,"turns":4}],"event_choices":[{"event_name":"Scrap Ooze","player_choice":"success","floor":2,"damage_taken":18},{"event_name":"Living Wall","player_choice":"Grow","floor":4,"damage_taken":0},{"event_name":"Golden Shrine","player_choice":"Desecrate","floor":11,"damage_taken":0},{"event_name":"Dead Adventurer","player_choice":"Searched \u00272\u0027 times","floor":13,"damage_taken":0}],"boss_relics":[],"potions_floor_spawned":[7,12],"seed_played":"2735864458976636290","killed_by":"Slime Boss","ascension_level":0,"is_trial":false}