{"path_per_floor":["M","$","M","?","M","E","M","E","T","E","M","?","M","M","R"],"character_chosen":"IRONCLAD","items_purchased":["Feel No Pain"],"gold_per_floor":[119,51,70,70,86,117,128,184,184,211,222,222,235,248,248,248],"floor_reached":16,"campfire_rested":1,"playtime":855,"current_hp_per_floor":[80,80,80,80,80,76,55,55,55,54,34,34,64,56,80,0],"items_purged":[],"gold":248,"score":164,"play_id":"91cb603a-22e3-4e60-9bd7-0236ca086e45","local_time":"20180331175746","is_prod":false,"is_daily":false,"is_ascension_mode":true,"campfire_upgraded":0,"timestamp":1522533466,"path_taken":["M","?","M","?","?","E","M","E","T","E","M","?","M","M","R","BOSS"],"build_version":"2018-03-29v2","purchased_purges":0,"victory":false,"master_deck":["Strike_R","Strike_R","Strike_R","Strike_R","Strike_R","Defend_R+1","Defend_R+1","Defend_R","Bash","Fiend Fire","Hemokinesis","Feel No Pain","Power Through","Shockwave","Flex","Double Tap","Impervious","Reaper","Power Through","Injury","Infernal Blade"],"max_hp_per_floor":[80,80,80,80,80,80,80,80,80,80,80,80,80,80,80,80],"relics":["Burning Blood","War Paint","Tiny Chest","Regal Pillow","Shovel","Golden Idol"],"card_choices":[{"not_picked":["Corruption","Evolve"],"picked":"Hemokinesis","floor":1},{"not_picked":["Headbutt","Cleave"],"picked":"Power Through","floor":3},{"not_picked":["Headbutt","Searing Blow"],"picked":"Flex","floor":5},{"not_picked":["Havoc","Sword Boomerang"],"picked":"Double Tap","floor":6},{"not_picked":["Flex","Metallicize"],"picked":"Impervious","floor":8},{"not_picked":["Whirlwind","Clash"],"picked":"Reaper","floor":10},{"not_picked":["Twin Strike","Armaments"],"picked":"Power Through","floor":11},{"not_picked":["Body Slam","Sword Boomerang"],"picked":"Infernal Blade","floor":14}],"player_experience":565556,"potions_floor_usage":[6,6,13,16],"damage_taken":[{"damage":0,"enemies":"Cultist","floor":1,"turns":2},{"damage":3,"enemies":"2 Louse","floor":3,"turns":2},{"damage":0,"enemies":"Small Slimes","floor":5,"turns":3},{"damage":19,"enemies":"Lagavulin","floor":6,"turns":6},{"damage":27,"enemies":"3 Louse","floor":7,"turns":4},{"damage":6,"enemies":"3 Sentries","floor":8,"turns":10},{"damage":7,"enemies":"Gremlin Nob","floor":10,"turns":4},{"damage":26,"enemies":"Exordium Wildlife","floor":11,"turns":6},{"damage":6,"enemies":"Lots of Slimes","floor":13,"turns":5},{"damage":14,"enemies":"Exordium Thugs","floor":14,"turns":5},{"damage":83,"enemies":"Hexaghost","floor":16,"turns":15}],"event_choices":[{"event_name":"Living Wall","player_choice":"Change","floor":4,"damage_taken":0},{"event_name":"Golden Idol","player_choice":"Take Wound","floor":12,"damage_taken":0}],"boss_relics":[],"potions_floor_spawned":[1,3,7,10],"seed_played":"-1720313979784000698","killed_by":"Hexaghost","ascension_level":2,"is_trial":false}