{"path_per_floor":["M","?","?","$","M","R","M","R","T","M","?","$","M","E","R","B",null,"M","?","M","?","M","R","M","R","T","?","M","M","M","$","R"],"character_chosen":"IRONCLAD","items_purchased":["Bludgeon","Shockwave","Shovel"],"gold_per_floor":[112,112,174,32,45,45,61,61,88,105,105,30,49,112,112,243,243,262,187,206,206,219,219,240,240,240,240,255,273,286,0,0,0],"floor_reached":33,"campfire_rested":2,"playtime":1654,"current_hp_per_floor":[65,65,65,65,72,72,72,72,72,72,72,72,72,72,72,51,72,72,72,64,48,52,72,67,67,67,67,65,56,41,41,62,0],"items_purged":["Strike_R"],"gold":0,"score":249,"play_id":"faaeb7d4-248f-41da-9d45-6b72004cbfda","local_time":"20180331192945","is_prod":false,"is_daily":false,"is_ascension_mode":false,"campfire_upgraded":4,"timestamp":1522538985,"path_taken":["M","?","?","?","M","R","?","R","T","M","?","$","M","E","R","BOSS","M","?","?","?","M","R","M","R","T","?","M","M","M","$","R","BOSS"],"build_version":"2018-03-29v2","purchased_purges":1,"victory":false,"master_deck":["Strike_R","Strike_R","Strike_R","Defend_R","Defend_R","Defend_R","Defend_R","Bash","Reaper","Immolate","Bludgeon+1","Shockwave+1","Anger+1","Reckless Charge","Anger","Injury","Dark Embrace+1","Dual Wield","Rage","Dual Wield","Shockwave","Flex+1"],"max_hp_per_floor":[72,72,72,72,72,72,72,72,72,72,72,72,72,72,72,72,72,72,72,72,72,72,72,72,72,72,72,72,72,72,72,72,72],"relics":["Black Blood","Magic Flower","Oddly Smooth Stone","Bloody Idol","Tiny Chest","Enchiridion","Blood Vial","Shovel"],"card_choices":[{"not_picked":["Pommel Strike","Perfected Strike"],"picked":"Reaper","floor":1},{"not_picked":["Flame Barrier","Iron Wave"],"picked":"Anger","floor":5},{"not_picked":["Anger","Flex"],"picked":"Reckless Charge","floor":7},{"not_picked":["Sword Boomerang","Pommel Strike"],"picked":"Anger","floor":10},{"not_picked":["Berserk","Barricade"],"picked":"Dark Embrace","floor":16},{"not_picked":["Clothesline","Warcry"],"picked":"Dual Wield","floor":18},{"not_picked":["Thunderclap","Inflame"],"picked":"Rage","floor":20},{"not_picked":["Evolve","Flame Barrier"],"picked":"Dual Wield","floor":22},{"not_picked":["Entrench","Sentinel"],"picked":"Shockwave","floor":24},{"not_picked":["Blood for Blood","Clothesline"],"picked":"Flex","floor":29}],"player_experience":567141,"potions_floor_usage":[7,16,18,22,29,30],"damage_taken":[{"damage":16,"enemies":"Jaw Worm","floor":1,"turns":7},{"damage":0,"enemies":"Cultist","floor":5,"turns":2},{"damage":0,"enemies":"2 Louse","floor":7,"turns":2},{"damage":6,"enemies":"2 Fungi Beasts","floor":10,"turns":4},{"damage":7,"enemies":"3 Louse","floor":13,"turns":2},{"damage":6,"enemies":"Gremlin Nob","floor":14,"turns":3},{"damage":39,"enemies":"The Guardian","floor":16,"turns":8},{"damage":30,"enemies":"3 Byrds","floor":18,"turns":7},{"damage":23,"enemies":"Shell Parasite","floor":20,"turns":7},{"damage":32,"enemies":"Sentry and Sphere","floor":22,"turns":6},{"damage":26,"enemies":"Snake Plant","floor":24,"turns":4},{"damage":25,"enemies":"Centurion and Healer","floor":28,"turns":5},{"damage":36,"enemies":"Chosen and Byrds","floor":29,"turns":7},{"damage":38,"enemies":"Sentry and Sphere","floor":30,"turns":6},{"damage":91,"enemies":"Automaton","floor":33,"turns":6}],"event_choices":[{"event_name":"Match and Keep!","player_choice":"1 cards matched","floor":2,"damage_taken":0},{"event_name":"Golden Wing","player_choice":"Gained Gold","floor":3,"damage_taken":0},{"event_name":"Golden Idol","player_choice":"Take Wound","floor":11,"damage_taken":0},{"event_name":"Beggar","player_choice":"Gave Gold","floor":19,"damage_taken":0},{"event_name":"Cursed Tome","player_choice":"Obtained Book","floor":21,"damage_taken":0},{"event_name":"Forgotten Altar","player_choice":"Gave Idol","floor":27,"damage_taken":0}],"boss_relics":[{"not_picked":["Ectoplasm","Orrery"],"picked":"Black Blood"}],"potions_floor_spawned":[1,14,16,20,28,29],"seed_played":"-1591702203499436285","killed_by":"Automaton","ascension_level":0,"is_trial":false}