{"gold_per_floor":[15,29,49,124,124,124,143,178,203,238,238,238,258,275,275,347,347],"floor_reached":17,"playtime":436,"items_purged":[],"score":334,"play_id":"51670aea-4e58-45da-96a9-e650f1125c60","local_time":"20190608184457","is_ascension_mode":true,"campfire_choices":[{"data":"Immolate","floor":6,"key":"SMITH"},{"data":"Armaments","floor":11,"key":"SMITH"},{"data":"Spot Weakness","floor":15,"key":"SMITH"}],"neow_cost":"NO_GOLD","seed_source_timestamp":2130885379336151,"circlet_count":0,"master_deck":["AscendersBane","Bash","Immolate+1","Power Through","Twin Strike","Burning Pact","Armaments+1","Spot Weakness+1","Pummel","Offering"],"relics":["Burning Blood","Sundial","The Courier","Art of War","Mercury Hourglass","Pandora\u0027s Box"],"potions_floor_usage":[8,10],"damage_taken":[{"damage":2,"enemies":"2 Louse","floor":1,"turns":3},{"damage":9,"enemies":"Jaw Worm","floor":2,"turns":4},{"damage":1,"enemies":"Cultist","floor":3,"turns":4},{"damage":14,"enemies":"3 Louse","floor":7,"turns":3},{"damage":10,"enemies":"3 Sentries","floor":8,"turns":3},{"damage":6,"enemies":"Gremlin Nob","floor":10,"turns":3},{"damage":6,"enemies":"Exordium Thugs","floor":13,"turns":4},{"damage":3,"enemies":"Blue Slaver","floor":14,"turns":3},{"damage":33,"enemies":"The Guardian","floor":16,"turns":11}],"seed_played":"-1901211202147926471","potions_obtained":[{"floor":2,"key":"SteroidPotion"},{"floor":3,"key":"PowerPotion"},{"floor":7,"key":"Fire Potion"},{"floor":8,"key":"PowerPotion"},{"floor":14,"key":"AttackPotion"}],"is_trial":false,"path_per_floor":["M","M","M","?","T","R","M","E","T","E","R","?","M","M","R","B",null],"character_chosen":"IRONCLAD","items_purchased":[],"campfire_rested":0,"item_purchase_floors":[],"current_hp_per_floor":[72,69,74,63,63,63,55,51,51,51,51,40,40,43,43,16,16],"gold":347,"neow_bonus":"THREE_RARE_CARDS","is_prod":false,"is_daily":false,"chose_seed":false,"campfire_upgraded":3,"win_rate":0,"timestamp":1560044697,"path_taken":["M","M","M","?","?","R","?","E","T","E","R","?","M","M","R","BOSS"],"build_version":"2019-01-23","purchased_purges":0,"victory":false,"max_hp_per_floor":[75,75,75,75,75,75,75,75,75,75,75,75,75,75,75,75,75],"card_choices":[{"not_picked":["Exhume","Double Tap"],"picked":"Immolate","floor":0},{"not_picked":["Body Slam","Blood for Blood","Clothesline"],"picked":"SKIP","floor":1},{"not_picked":["Body Slam","Sever Soul"],"picked":"Power Through","floor":2},{"not_picked":["Rage","Warcry"],"picked":"Twin Strike","floor":3},{"not_picked":["Intimidate","Wild Strike"],"picked":"Burning Pact","floor":7},{"not_picked":["Sever Soul","Power Through"],"picked":"Armaments","floor":8},{"not_picked":["Cleave","Anger"],"picked":"Spot Weakness","floor":10},{"not_picked":["Wild Strike","Infernal Blade","Body Slam"],"picked":"SKIP","floor":13},{"not_picked":["Clothesline","Bloodletting"],"picked":"Pummel","floor":14},{"not_picked":["Bludgeon","Dark Embrace"],"picked":"Offering","floor":16}],"player_experience":783453,"relics_obtained":[{"floor":5,"key":"Sundial"},{"floor":8,"key":"The Courier"},{"floor":9,"key":"Art of War"},{"floor":10,"key":"Mercury Hourglass"}],"event_choices":[{"damage_healed":0,"gold_gain":75,"player_choice":"Gather Gold","damage_taken":11,"max_hp_gain":0,"max_hp_loss":0,"event_name":"World of Goop","floor":4,"gold_loss":0},{"damage_healed":0,"gold_gain":0,"player_choice":"Damaged","damage_taken":11,"max_hp_gain":0,"max_hp_loss":0,"event_name":"Wheel of Change","floor":12,"gold_loss":0}],"is_beta":false,"boss_relics":[{"not_picked":["Tiny House","Black Star"],"picked":"Pandora\u0027s Box"}],"items_purged_floors":[],"is_endless":false,"potions_floor_spawned":[2,3,7,8,14],"ascension_level":20}