{"gold_per_floor":[110,129,144,144,168,168,201,201,201,236,236,268,135,147,147,221,221,221,15,15,15,15,15],"floor_reached":23,"playtime":866,"items_purged":["Strike_B"],"score":418,"play_id":"b229f87e-c12b-4213-89a7-e4f65a9235f4","local_time":"20181109183143","is_ascension_mode":true,"campfire_choices":[{"data":"Go for the Eyes","floor":6.0,"key":"SMITH"},{"floor":8.0,"key":"REST"},{"floor":15,"key":"REST"}],"neow_cost":"NONE","seed_source_timestamp":2576132808893123,"circlet_count":0,"master_deck":["AscendersBane","Strike_B","Strike_B","Strike_B","Defend_B","Defend_B","Defend_B","Defend_B","Zap+1","Dualcast","White Noise","Go for the Eyes+1","Cold Snap","Ball Lightning","Hologram","Meteor Strike","Loop","Biased Cognition","Ball Lightning"],"special_seed":0,"relics":["Cracked Core","Blood Vial","Pen Nib","Girya","FossilizedHelix","Singing Bowl","Nunchaku","Ectoplasm"],"potions_floor_usage":[20,23],"damage_taken":[{"damage":2.0,"enemies":"2 Louse","floor":1.0,"turns":2.0},{"damage":9.0,"enemies":"Jaw Worm","floor":2.0,"turns":4.0},{"damage":7.0,"enemies":"Small Slimes","floor":3.0,"turns":3.0},{"damage":32.0,"enemies":"Gremlin Nob","floor":7.0,"turns":4.0},{"damage":9.0,"enemies":"Lagavulin","floor":10.0,"turns":6.0},{"damage":11,"enemies":"3 Sentries","floor":12,"turns":5},{"damage":16,"enemies":"Exordium Thugs","floor":14,"turns":4},{"damage":24,"enemies":"Hexaghost","floor":16,"turns":10},{"damage":11,"enemies":"Spheric Guardian","floor":18,"turns":4},{"damage":20,"enemies":"Shell Parasite","floor":20,"turns":5},{"damage":30,"enemies":"Shelled Parasite and Fungi","floor":21,"turns":7},{"damage":36,"enemies":"Gremlin Leader","floor":23,"turns":4}],"seed_played":"5462666048584375505","potions_obtained":[{"floor":3.0,"key":"AttackPotion"},{"floor":10.0,"key":"GamblersBrew"},{"floor":14,"key":"SteroidPotion"},{"floor":18,"key":"Regen Potion"},{"floor":20,"key":"PowerPotion"}],"is_trial":false,"path_per_floor":["M","M","M","?","T","R","E","R","T","E","?","E","$","M","R","B",null,"M","$","M","M","?","E"],"character_chosen":"DEFECT","items_purchased":["Hologram","Biased Cognition","Ball Lightning"],"campfire_rested":2,"item_purchase_floors":[13,19,19],"current_hp_per_floor":[64,57,52,52,52,52,22,43,43,36,36,29,29,17,39,17,61,52,52,50,24,24,0],"gold":15,"neow_bonus":"RANDOM_COMMON_RELIC","is_prod":false,"is_daily":false,"chose_seed":false,"campfire_upgraded":1,"win_rate":0,"timestamp":1541813503,"path_taken":["M","M","M","?","?","R","E","R","T","E","?","E","$","M","R","BOSS","M","$","M","M","?","E"],"build_version":"2018-11-08","purchased_purges":1,"victory":false,"max_hp_per_floor":[71,71,71,71,71,71,71,71,71,71,71,73,73,75,75,75,75,75,75,77,79,79,79],"card_choices":[{"not_picked":["Leap","Barrage"],"picked":"White Noise","floor":1.0},{"not_picked":["Redo","Force Field"],"picked":"Go for the Eyes","floor":2.0},{"not_picked":["Force Field","Steam","Self Repair"],"picked":"SKIP","floor":3.0},{"not_picked":["Double Energy","Doom and Gloom"],"picked":"Cold Snap","floor":7.0},{"not_picked":["Turbo","Streamline"],"picked":"Ball Lightning","floor":10.0},{"not_picked":["Darkness","Go for the Eyes","Storm"],"picked":"Singing Bowl","floor":12},{"not_picked":["BootSequence","Hyperbeam","Beam Cell"],"picked":"Singing Bowl","floor":14},{"not_picked":["Seek","Fission"],"picked":"Meteor Strike","floor":16},{"not_picked":["Hologram","Rebound+1"],"picked":"Loop","floor":18},{"not_picked":["Rebound","Redo","Stack"],"picked":"Singing Bowl","floor":20},{"not_picked":["Hologram","Go for the Eyes","Blizzard"],"picked":"Singing Bowl","floor":21}],"player_experience":605353,"relics_obtained":[{"floor":5.0,"key":"Pen Nib"},{"floor":7.0,"key":"Girya"},{"floor":9.0,"key":"FossilizedHelix"},{"floor":10.0,"key":"Singing Bowl"},{"floor":12,"key":"Nunchaku"}],"event_choices":[{"damage_healed":0.0,"max_hp_gain":0.0,"max_hp_loss":0.0,"gold_gain":0.0,"event_name":"Living Wall","player_choice":"Grow","floor":4.0,"gold_loss":0.0,"damage_taken":0.0,"cards_upgraded":["Zap"]},{"damage_healed":0,"gold_gain":0,"player_choice":"Leave","damage_taken":0,"max_hp_gain":0,"max_hp_loss":0,"event_name":"FaceTrader","floor":11,"gold_loss":0},{"damage_healed":0,"gold_gain":0,"player_choice":"Ignored","damage_taken":0,"max_hp_gain":0,"max_hp_loss":0,"event_name":"Cursed Tome","floor":22,"gold_loss":0}],"is_beta":false,"boss_relics":[{"not_picked":["Eternal Feather","Runic Pyramid"],"picked":"Ectoplasm"}],"items_purged_floors":[13],"is_endless":false,"potions_floor_spawned":[3,10,14,18,20],"killed_by":"Gremlin Leader","ascension_level":20}