{"gold_per_floor":[18,33,53,128,128,128,154,204,204,41,68,85,85,103,103,103],"floor_reached":16,"playtime":385,"items_purged":["Strike_R"],"score":220,"play_id":"65568913-8acf-4531-96f1-e17944b2e894","local_time":"20190607191537","is_ascension_mode":true,"campfire_choices":[{"data":"Bash","floor":6.0,"key":"SMITH"},{"data":"Pommel Strike","floor":13,"key":"SMITH"},{"data":"Metallicize","floor":15,"key":"SMITH"}],"neow_cost":"NO_GOLD","seed_source_timestamp":2046312138943018,"circlet_count":0,"master_deck":["AscendersBane","Strike_R","Strike_R","Strike_R","Strike_R","Defend_R","Defend_R","Defend_R","Defend_R","Bash+1","Immolate","Feel No Pain","Pommel Strike+1","Metallicize+1","Fiend Fire"],"special_seed":0,"relics":["Burning Blood","Torii","StoneCalendar","Potion Belt"],"potions_floor_usage":[],"damage_taken":[{"damage":7.0,"enemies":"Jaw Worm","floor":1.0,"turns":4.0},{"damage":0.0,"enemies":"2 Louse","floor":2.0,"turns":1.0},{"damage":1.0,"enemies":"Cultist","floor":3.0,"turns":3.0},{"damage":19.0,"enemies":"3 Sentries","floor":7.0,"turns":7.0},{"damage":23,"enemies":"Gremlin Nob","floor":11,"turns":4},{"damage":0,"enemies":"2 Fungi Beasts","floor":12,"turns":3},{"damage":25,"enemies":"Large Slime","floor":14,"turns":7},{"damage":22,"enemies":"The Guardian","floor":16,"turns":3}],"seed_played":"8361728997233335257","potions_obtained":[{"floor":3.0,"key":"SteroidPotion"},{"floor":7.0,"key":"SneckoOil"}],"is_trial":false,"path_per_floor":["M","M","M","?","?","R","E","?","T","$","E","M","R","M","R","B"],"character_chosen":"IRONCLAD","items_purchased":["Metallicize"],"campfire_rested":0,"item_purchase_floors":[10],"current_hp_per_floor":[67,73,75,64,69,69,56,56,56,56,39,45,45,26,26,4],"gold":103,"neow_bonus":"THREE_RARE_CARDS","is_prod":false,"is_daily":false,"chose_seed":false,"campfire_upgraded":3,"win_rate":0,"timestamp":1559960137,"path_taken":["M","M","M","?","?","R","E","?","T","$","E","?","R","M","R","BOSS"],"build_version":"2019-01-23","purchased_purges":1,"victory":false,"max_hp_per_floor":[75,75,75,75,80,80,80,80,80,80,80,80,80,80,80,80],"card_choices":[{"not_picked":["Fiend Fire","Brutality"],"picked":"Immolate","floor":0.0},{"not_picked":["Headbutt","True Grit"],"picked":"Feel No Pain","floor":1.0},{"not_picked":["Iron Wave","Wild Strike","Thunderclap"],"picked":"SKIP","floor":2.0},{"not_picked":["Clothesline","Iron Wave"],"picked":"Pommel Strike","floor":3.0},{"not_picked":["Clothesline","Entrench","Body Slam"],"picked":"SKIP","floor":7.0},{"not_picked":["Corruption","Power Through","Bloodletting"],"picked":"SKIP","floor":11},{"not_picked":["Havoc","Clash","Flex"],"picked":"SKIP","floor":12},{"not_picked":["Flex","Clash"],"picked":"Fiend Fire","floor":14}],"player_experience":777965,"relics_obtained":[{"floor":7.0,"key":"Torii"},{"floor":9.0,"key":"StoneCalendar"},{"floor":11,"key":"Potion Belt"}],"event_choices":[{"damage_healed":0.0,"max_hp_gain":0.0,"max_hp_loss":0.0,"gold_gain":75.0,"event_name":"World of Goop","player_choice":"Gather Gold","floor":4.0,"gold_loss":0.0,"damage_taken":11.0},{"damage_healed":0.0,"max_hp_gain":5.0,"max_hp_loss":0.0,"gold_gain":0.0,"event_name":"Big Fish","player_choice":"Donut","floor":5.0,"gold_loss":0.0,"damage_taken":0.0},{"damage_healed":0.0,"max_hp_gain":0.0,"max_hp_loss":0.0,"gold_gain":50.0,"event_name":"Golden Shrine","player_choice":"Pray","floor":8.0,"gold_loss":0.0,"damage_taken":0.0}],"is_beta":false,"boss_relics":[],"items_purged_floors":[10],"is_endless":false,"potions_floor_spawned":[3,7],"killed_by":"The Guardian","ascension_level":20}