{"gold_per_floor":[117,130,140,160,176,207,207,241,267,284,284,77,93,268,268,365,415,433,358,28,43,0,20,20,54,80,80,91,91,111,111,111,111],"floor_reached":33,"playtime":1660,"items_purged":[],"score":349,"play_id":"dfffd42c-2184-4ae6-8e72-7c3a0efc8013","local_time":"20190705150416","is_ascension_mode":true,"campfire_choices":[{"data":"Rainbow","floor":7,"key":"SMITH"},{"data":"Redo","floor":15,"key":"SMITH"},{"data":"Rainbow","floor":24,"key":"SMITH"},{"floor":27,"key":"REST"},{"floor":29,"key":"REST"},{"data":"Chaos","floor":32,"key":"SMITH"}],"neow_cost":"NONE","seed_source_timestamp":137357794179099,"circlet_count":0,"master_deck":["Strike_B","Strike_B","Defend_B","Defend_B","Defend_B","Defend_B","Zap","Dualcast","Glacier","Glacier","Fusion+1","Rainbow+1","Redo+1","Meteor Strike","Meteor Strike","Steam","Barrage","Rainbow+1","Gash","Redo+1","Chill","Bandage Up","Tempest+1","Darkness+1","Chaos+1","Loop+1","Fusion","Hologram"],"relics":["Cracked Core","NeowsBlessing","Calipers","DataDisk","Boot","Lee\u0027s Waffle","Tiny House","Toolbox","Potion Belt","Bag of Preparation"],"potions_floor_usage":[6,8,8,10,18,21,25,30,33],"damage_taken":[{"damage":0,"enemies":"2 Louse","floor":1,"turns":1},{"damage":0,"enemies":"Jaw Worm","floor":2,"turns":1},{"damage":0,"enemies":"Small Slimes","floor":3,"turns":1},{"damage":0,"enemies":"2 Fungi Beasts","floor":4,"turns":5},{"damage":6,"enemies":"3 Louse","floor":5,"turns":4},{"damage":21,"enemies":"3 Sentries","floor":6,"turns":6},{"damage":15,"enemies":"Lagavulin","floor":8,"turns":7},{"damage":13,"enemies":"Gremlin Gang","floor":10,"turns":6},{"damage":9,"enemies":"2 Fungi Beasts","floor":13,"turns":4},{"damage":57,"enemies":"Hexaghost","floor":16,"turns":11},{"damage":0,"enemies":"Chosen","floor":18,"turns":6},{"damage":0,"enemies":"Spheric Guardian","floor":21,"turns":3},{"damage":22,"enemies":"Snecko","floor":23,"turns":5},{"damage":69,"enemies":"Gremlin Leader","floor":25,"turns":10},{"damage":0,"enemies":"Centurion and Healer","floor":28,"turns":6},{"damage":6,"enemies":"Shelled Parasite and Fungi","floor":30,"turns":3},{"damage":63,"enemies":"Collector","floor":33,"turns":11}],"seed_played":"6513561632338383916","potions_obtained":[{"floor":1,"key":"FearPotion"},{"floor":5,"key":"Explosive Potion"},{"floor":6,"key":"Poison Potion"},{"floor":8,"key":"Block Potion"},{"floor":16,"key":"Dexterity Potion"},{"floor":17,"key":"Ancient Potion"},{"floor":18,"key":"Regen Potion"},{"floor":28,"key":"Poison Potion"},{"floor":30,"key":"Explosive Potion"}],"is_trial":false,"path_per_floor":["M","M","M","M","M","E","R","E","T","M","?","$","M","?","R","B",null,"M","?","$","M","?","M","R","E","T","R","M","R","M","?","R","B"],"character_chosen":"DEFECT","items_purchased":["Lee\u0027s Waffle","Toolbox","Chill","Bandage Up"],"campfire_rested":2,"item_purchase_floors":[12,20,20,20],"current_hp_per_floor":[75,75,75,75,69,48,48,33,33,20,45,82,73,73,73,16,71,71,71,71,84,84,66,66,1,1,27,31,57,55,55,55,0],"gold":111,"neow_bonus":"THREE_ENEMY_KILL","is_prod":false,"is_daily":false,"chose_seed":false,"campfire_upgraded":4,"win_rate":0,"timestamp":1562353456,"path_taken":["M","M","M","M","M","E","R","E","T","M","?","$","M","?","R","BOSS","M","?","$","M","?","?","R","E","T","R","M","R","M","?","R","BOSS"],"build_version":"2019-07-03","purchased_purges":0,"victory":false,"max_hp_per_floor":[75,75,75,75,75,75,75,75,75,75,75,82,82,82,82,82,87,87,87,87,87,87,87,87,87,87,87,87,87,87,87,87,87],"card_choices":[{"not_picked":["Ball Lightning","Go for the Eyes"],"picked":"Glacier","floor":1},{"not_picked":["Gash","Ball Lightning"],"picked":"Glacier","floor":2},{"not_picked":["Sweeping Beam","Heatsinks"],"picked":"Fusion","floor":3},{"not_picked":["Chill","Steam"],"picked":"Rainbow","floor":4},{"not_picked":["Rip and Tear","Stack"],"picked":"Redo","floor":5},{"not_picked":["Steam","Compile Driver"],"picked":"Meteor Strike","floor":6},{"not_picked":["Rebound","Barrage"],"picked":"Meteor Strike","floor":8},{"not_picked":["Conserve Battery","Barrage"],"picked":"Steam","floor":10},{"not_picked":["Tempest","Cold Snap"],"picked":"Barrage","floor":13},{"not_picked":["Machine Learning","Amplify"],"picked":"Rainbow","floor":16},{"not_picked":["Steam Power","Rebound"],"picked":"Gash","floor":17},{"not_picked":["Streamline","Stack"],"picked":"Redo+1","floor":18},{"not_picked":["Stack","Turbo","Sweeping Beam+1"],"picked":"SKIP","floor":21},{"not_picked":["Hologram","Go for the Eyes"],"picked":"Tempest+1","floor":23},{"not_picked":["Blizzard+1","Glacier+1"],"picked":"Darkness+1","floor":25},{"not_picked":["Seek","Steam"],"picked":"Chaos","floor":28},{"not_picked":["Auto Shields","Redo"],"picked":"Loop+1","floor":30}],"player_experience":1194356,"relics_obtained":[{"floor":6,"key":"Calipers"},{"floor":8,"key":"DataDisk"},{"floor":9,"key":"Boot"},{"floor":25,"key":"Potion Belt"},{"floor":26,"key":"Bag of Preparation"}],"event_choices":[{"damage_healed":25,"gold_gain":0,"player_choice":"Banana","damage_taken":0,"max_hp_gain":0,"max_hp_loss":0,"event_name":"Big Fish","floor":11,"gold_loss":0},{"damage_healed":0,"gold_gain":175,"player_choice":"AGREE","damage_taken":0,"max_hp_gain":0,"max_hp_loss":0,"event_name":"Liars Game","floor":14,"gold_loss":0,"cards_obtained":["Doubt"]},{"cards_removed":["Doubt"],"damage_healed":0,"gold_gain":0,"player_choice":"Gave Gold","damage_taken":0,"max_hp_gain":0,"max_hp_loss":0,"event_name":"Beggar","floor":19,"gold_loss":75},{"damage_healed":0,"gold_gain":0,"player_choice":"Paid Fearfully","damage_taken":0,"max_hp_gain":0,"max_hp_loss":0,"event_name":"Masked Bandits","floor":22,"gold_loss":43},{"damage_healed":0,"gold_gain":0,"cards_transformed":["Strike_B","Strike_B"],"player_choice":"Became Test Subject","damage_taken":0,"max_hp_gain":0,"max_hp_loss":0,"event_name":"Drug Dealer","floor":31,"gold_loss":0,"cards_obtained":["Fusion","Hologram"]}],"is_beta":true,"boss_relics":[{"not_picked":["Calling Bell","Coffee Dripper"],"picked":"Tiny House"}],"items_purged_floors":[],"is_endless":false,"potions_floor_spawned":[1,5,6,8,16,18,28,30],"killed_by":"Collector","ascension_level":5}