{"gold_per_floor":[111,111,111,111,63,63,81,95,121,146,169,181,210,236,248,359,371,403,435,447,384,415,427,472,484,551,563,589,165,165,182,182,182],"floor_reached":33,"playtime":2329,"items_purged":["Defend_R"],"score":267,"play_id":"427214f8-d0a1-4fcd-bfb6-3e4491e5e38f","local_time":"20190610173200","is_ascension_mode":false,"campfire_choices":[{"data":"Bash","floor":6,"key":"SMITH"},{"data":"Heavy Blade","floor":12,"key":"SMITH"},{"floor":15,"key":"REST"},{"floor":23,"key":"REST"},{"data":"Armaments","floor":25,"key":"SMITH"},{"data":"Heavy Blade","floor":27,"key":"SMITH"},{"floor":32,"key":"REST"}],"neow_cost":"NONE","seed_source_timestamp":813208345492076,"circlet_count":0,"master_deck":["Strike_R+1","Defend_R","Defend_R","Defend_R+1","Bash+1","Flex","Clothesline","Shrug It Off","Heavy Blade+1","Heavy Blade+1","Battle Trance","Armaments+1","Flex","Feed","Thunderclap","Shrug It Off","Shrug It Off","Decay","Flame Barrier"],"relics":["Runic Dome","Paper Frog","Regal Pillow","MawBank","Empty Cage","Bag of Marbles","Tiny Chest","HandDrill","Vajra"],"potions_floor_usage":[12,13,16,16,33],"damage_taken":[{"damage":8,"enemies":"Small Slimes","floor":1,"turns":3},{"damage":0,"enemies":"Jaw Worm","floor":7,"turns":2},{"damage":0,"enemies":"Cultist","floor":8,"turns":2},{"damage":12,"enemies":"Gremlin Nob","floor":10,"turns":3},{"damage":8,"enemies":"Blue Slaver","floor":11,"turns":3},{"damage":0,"enemies":"3 Louse","floor":13,"turns":2},{"damage":0,"enemies":"Exordium Wildlife","floor":14,"turns":2},{"damage":44,"enemies":"Slime Boss","floor":16,"turns":9},{"damage":10,"enemies":"Spheric Guardian","floor":18,"turns":3},{"damage":10,"enemies":"Chosen","floor":19,"turns":4},{"damage":42,"enemies":"Snake Plant","floor":22,"turns":4},{"damage":24,"enemies":"Slavers","floor":24,"turns":4},{"damage":16,"enemies":"Chosen and Byrds","floor":28,"turns":7},{"damage":7,"enemies":"Cultist and Chosen","floor":31,"turns":5},{"damage":69,"enemies":"Collector","floor":33,"turns":6}],"seed_played":"4866301021563104334","potions_obtained":[{"floor":1,"key":"Ancient Potion"},{"floor":10,"key":"Energy Potion"},{"floor":11,"key":"Fruit Juice"},{"floor":14,"key":"SteroidPotion"},{"floor":31,"key":"Dexterity Potion"}],"is_trial":false,"path_per_floor":["M","?","?","T","$","R","M","M","T","E","M","R","M","M","R","B",null,"M","M","?","?","M","R","E","R","T","R","M","$","?","M","R","B"],"character_chosen":"IRONCLAD","items_purchased":["Clothesline","HandDrill","Vajra"],"campfire_rested":3,"item_purchase_floors":[5,29,29],"current_hp_per_floor":[72,56,56,56,56,56,56,56,56,44,36,41,41,41,81,37,85,75,65,65,65,23,63,39,39,39,39,23,23,23,16,56,0],"gold":182,"neow_bonus":"BOSS_RELIC","is_prod":false,"is_daily":false,"chose_seed":false,"campfire_upgraded":4,"win_rate":0,"timestamp":1560202320,"path_taken":["M","?","?","?","$","R","M","?","T","E","M","R","M","M","R","BOSS","M","M","?","?","M","R","E","R","T","R","M","?","?","?","R","BOSS"],"build_version":"2019-01-23","purchased_purges":1,"victory":false,"max_hp_per_floor":[80,80,80,80,80,80,80,80,80,80,80,85,85,85,85,85,85,85,85,85,85,85,85,85,85,85,85,85,85,85,85,85,85],"card_choices":[{"not_picked":["Disarm","Headbutt"],"picked":"Flex","floor":1},{"not_picked":["Anger","Warcry"],"picked":"Shrug It Off","floor":7},{"not_picked":["Reckless Charge","Metallicize"],"picked":"Heavy Blade","floor":8},{"not_picked":["Carnage","Searing Blow"],"picked":"Heavy Blade","floor":10},{"not_picked":["Seeing Red","Intimidate"],"picked":"Battle Trance","floor":11},{"not_picked":["Fire Breathing","Carnage"],"picked":"Armaments","floor":13},{"not_picked":["Wild Strike","Shrug It Off"],"picked":"Flex","floor":14},{"not_picked":["Berserk","Juggernaut"],"picked":"Feed","floor":16},{"not_picked":["Body Slam","Second Wind","Headbutt"],"picked":"SKIP","floor":18},{"not_picked":["Clash","Sever Soul"],"picked":"Thunderclap","floor":19},{"not_picked":["Second Wind","Intimidate","Rupture"],"picked":"SKIP","floor":22},{"not_picked":["Carnage","Clothesline"],"picked":"Shrug It Off","floor":24},{"not_picked":["Reaper","Clothesline"],"picked":"Shrug It Off","floor":28},{"not_picked":["Twin Strike","Metallicize"],"picked":"Flame Barrier","floor":31}],"player_experience":106042,"relics_obtained":[{"floor":4,"key":"Paper Frog"},{"floor":9,"key":"Regal Pillow"},{"floor":10,"key":"MawBank"},{"floor":24,"key":"Bag of Marbles"},{"floor":26,"key":"Tiny Chest"}],"event_choices":[{"damage_healed":0,"gold_gain":0,"player_choice":"Entered Light","damage_taken":16,"max_hp_gain":0,"max_hp_loss":0,"event_name":"Shining Light","floor":2,"gold_loss":0,"cards_upgraded":["Defend_R","Strike_R"]},{"damage_healed":0,"gold_gain":0,"player_choice":"Fled","damage_taken":0,"max_hp_gain":0,"max_hp_loss":0,"event_name":"Scrap Ooze","floor":3,"gold_loss":0},{"cards_removed":["Strike_R"],"damage_healed":0,"gold_gain":0,"player_choice":"Elegance","damage_taken":0,"max_hp_gain":0,"max_hp_loss":0,"event_name":"Back to Basics","floor":20,"gold_loss":0},{"cards_removed":["Strike_R"],"damage_healed":0,"gold_gain":0,"player_choice":"Gave Gold","damage_taken":0,"max_hp_gain":0,"max_hp_loss":0,"event_name":"Beggar","floor":21,"gold_loss":75},{"damage_healed":0,"gold_gain":0,"player_choice":"Cursed","damage_taken":0,"max_hp_gain":0,"max_hp_loss":0,"event_name":"Wheel of Change","floor":30,"gold_loss":0,"cards_obtained":["Decay"]}],"is_beta":false,"boss_relics":[{"not_picked":["Runic Pyramid","Black Star"],"picked":"Empty Cage"}],"items_purged_floors":[29],"is_endless":false,"potions_floor_spawned":[1,10,11,14,31],"killed_by":"Collector","ascension_level":0}