{"gold_per_floor":[119,7,25,45,59,91,91,91,140,159,139,139,151,171,171,171],"floor_reached":16,"playtime":729,"items_purged":["Strike_B"],"score":208,"play_id":"047e9c73-fe98-4587-8bea-079b40b90579","local_time":"20190429202444","is_ascension_mode":true,"campfire_choices":[{"data":"Blizzard","floor":7,"key":"SMITH"},{"data":"Glacier","floor":12,"key":"SMITH"},{"data":"Go for the Eyes","floor":15,"key":"SMITH"}],"neow_cost":"NONE","seed_source_timestamp":1383974784813751,"circlet_count":0,"master_deck":["AscendersBane","Strike_B","Strike_B","Strike_B","Defend_B","Defend_B","Defend_B","Defend_B","Zap+1","Dualcast","Glacier+1","Blizzard+1","Undo","Go for the Eyes+1","Coolheaded","Conserve Battery","Coolheaded","Undo"],"special_seed":0,"relics":["Cracked Core","NeowsBlessing","Dodecahedron","DataDisk"],"potions_floor_usage":[6,13,16],"damage_taken":[{"damage":0.0,"enemies":"Cultist","floor":1.0,"turns":1.0},{"damage":0.0,"enemies":"Small Slimes","floor":3.0,"turns":1.0},{"damage":0.0,"enemies":"2 Louse","floor":4.0,"turns":1.0},{"damage":13.0,"enemies":"Exordium Wildlife","floor":5.0,"turns":5.0},{"damage":19,"enemies":"3 Sentries","floor":6,"turns":16},{"damage":0,"enemies":"3 Louse","floor":10,"turns":4},{"damage":6,"enemies":"Lots of Slimes","floor":13,"turns":5},{"damage":0,"enemies":"2 Fungi Beasts","floor":14,"turns":4},{"damage":37,"enemies":"Hexaghost","floor":16,"turns":17}],"seed_played":"-2261988922293047885","potions_obtained":[{"floor":3.0,"key":"Energy Potion"},{"floor":5.0,"key":"Block Potion"},{"floor":11,"key":"SteroidPotion"},{"floor":13,"key":"Block Potion"}],"is_trial":false,"path_per_floor":["M","$","M","M","M","E","R","?","T","M","?","R","M","M","R","B"],"character_chosen":"DEFECT","items_purchased":["Blizzard"],"campfire_rested":0,"item_purchase_floors":[2],"current_hp_per_floor":[64,64,64,64,51,32,32,32,32,32,32,32,26,26,26,0],"gold":171,"neow_bonus":"THREE_ENEMY_KILL","is_prod":false,"is_daily":false,"chose_seed":false,"campfire_upgraded":3,"win_rate":0,"timestamp":1556562284,"path_taken":["M","$","?","M","?","E","R","?","T","M","?","R","?","M","R","BOSS"],"build_version":"2019-01-23","purchased_purges":1,"victory":false,"max_hp_per_floor":[71,71,71,71,71,71,71,71,71,71,71,71,71,71,71,71],"card_choices":[{"not_picked":["Streamline","Doom and Gloom"],"picked":"Glacier","floor":1.0},{"not_picked":["Streamline","Sweeping Beam"],"picked":"Undo","floor":3.0},{"not_picked":["Storm","Cold Snap"],"picked":"Go for the Eyes","floor":4.0},{"not_picked":["Streamline","Steam"],"picked":"Coolheaded","floor":5.0},{"not_picked":["Stack","Static Discharge"],"picked":"Conserve Battery","floor":6},{"not_picked":["Steam Power","Compile Driver"],"picked":"Coolheaded","floor":10},{"not_picked":["Chaos","Barrage"],"picked":"Undo","floor":13},{"not_picked":["Hologram","Sunder","Turbo"],"picked":"SKIP","floor":14}],"player_experience":547061,"relics_obtained":[{"floor":6,"key":"Dodecahedron"},{"floor":9,"key":"DataDisk"}],"event_choices":[{"damage_healed":0,"gold_gain":0,"player_choice":"Grow","damage_taken":0,"max_hp_gain":0,"max_hp_loss":0,"event_name":"Living Wall","floor":8,"gold_loss":0,"cards_upgraded":["Zap"]},{"damage_healed":0,"gold_gain":0,"player_choice":"Bought 1 Potion","damage_taken":0,"max_hp_gain":0,"max_hp_loss":0,"event_name":"The Woman in Blue","floor":11,"gold_loss":0}],"is_beta":false,"boss_relics":[],"items_purged_floors":[2],"is_endless":false,"potions_floor_spawned":[3,5,13],"killed_by":"Hexaghost","ascension_level":20}