{"path_per_floor":["M","?","M","M","?","E","R","M","T","E","?","M","$","M","R"],"character_chosen":"DEFECT","items_purchased":["Trip","Capacitor","Barrage","Rebound"],"gold_per_floor":[111,111,131,146,146,172,172,187,187,219,219,235,14,32,32,32],"floor_reached":16,"campfire_rested":2,"playtime":839,"item_purchase_floors":[13,13,13,13],"current_hp_per_floor":[56,56,54,54,54,14,36,28,38,35,32,32,32,18,43,0],"items_purged":[],"gold":32,"score":118,"play_id":"dd39d553-16ae-437f-b332-6cbce6c6a342","local_time":"20180519125121","is_prod":false,"is_daily":false,"chose_seed":false,"is_ascension_mode":true,"campfire_upgraded":0,"timestamp":1526748681,"campfire_choices":[{"floor":7,"key":"REST"},{"floor":15,"key":"REST"}],"path_taken":["M","?","?","M","?","E","R","M","T","E","?","?","?","M","R","BOSS"],"build_version":"2018-05-18","seed_source_timestamp":510837665074401,"purchased_purges":0,"victory":false,"master_deck":["Strike_B","Strike_B","Strike_B","Defend_B","Defend_B","Defend_B","Defend_B","Zap","Dualcast","Reprogram","Conserve Battery","Beam Cell+1","Conserve Battery","Defragment","Consume","Leap","Trip","Capacitor","Barrage","Rebound","Sunder"],"max_hp_per_floor":[75,75,75,75,75,75,75,75,85,85,85,85,85,85,85,85],"relics":["White Beast Statue","Smiling Mask","Pear","Blue Candle","Dead Branch"],"card_choices":[{"not_picked":["Tempest","Leap"],"picked":"Reprogram","floor":1},{"not_picked":["Darkness","Barrage"],"picked":"Conserve Battery","floor":3},{"not_picked":["Doom and Gloom","Chaos"],"picked":"Beam Cell","floor":4},{"not_picked":["Leap","Streamline"],"picked":"Conserve Battery","floor":6},{"not_picked":["Tempest","Loop"],"picked":"Defragment","floor":8},{"not_picked":["Beam Cell","Buffer"],"picked":"Consume","floor":10},{"not_picked":["Coolheaded","Turbo"],"picked":"Leap","floor":12},{"not_picked":["Hologram","Cold Snap"],"picked":"Sunder","floor":14}],"player_experience":301810,"potions_floor_usage":[4,6,6,8,10,12,14,16],"damage_taken":[{"damage":19,"enemies":"Cultist","floor":1,"turns":6},{"damage":2,"enemies":"2 Louse","floor":3,"turns":3},{"damage":0,"enemies":"Small Slimes","floor":4,"turns":4},{"damage":40,"enemies":"Gremlin Nob","floor":6,"turns":5},{"damage":8,"enemies":"2 Fungi Beasts","floor":8,"turns":4},{"damage":3,"enemies":"3 Sentries","floor":10,"turns":8},{"damage":0,"enemies":"3 Louse","floor":12,"turns":2},{"damage":14,"enemies":"Exordium Thugs","floor":14,"turns":6},{"damage":45,"enemies":"Slime Boss","floor":16,"turns":7}],"relics_obtained":[{"floor":6,"key":"Smiling Mask"},{"floor":9,"key":"Pear"},{"floor":10,"key":"Blue Candle"}],"event_choices":[{"event_name":"Purifier","player_choice":"One Purge","floor":2,"damage_taken":0},{"event_name":"Living Wall","player_choice":"Grow","floor":5,"damage_taken":0},{"event_name":"Scrap Ooze","player_choice":"success","floor":11,"damage_taken":3}],"boss_relics":[],"items_purged_floors":[],"potions_floor_spawned":[1,3,4,6,8,10,12,14],"seed_played":"4112710885655828191","killed_by":"Slime Boss","ascension_level":1,"potions_obtained":[{"floor":1,"key":"SpeedPotion"},{"floor":3,"key":"AttackPotion"},{"floor":4,"key":"FocusPotion"},{"floor":6,"key":"Dexterity Potion"},{"floor":8,"key":"Fire Potion"},{"floor":10,"key":"SkillPotion"},{"floor":12,"key":"EssenceOfSteel"},{"floor":14,"key":"FocusPotion"}],"is_trial":false}