{"path_per_floor":["M","$","?","$","?","E","M","M","T","E","M","M","$","M","R","B",null,"M","M","$","M","M","R","M","T","T","M","M","?","R","M","R"],"character_chosen":"IRONCLAD","items_purchased":["Searing Blow","Feel No Pain"],"gold_per_floor":[114,39,39,2,2,35,49,66,66,93,105,115,15,28,28,133,133,147,121,43,53,65,65,80,80,80,95,109,109,109,124,124,124],"floor_reached":33,"campfire_rested":2,"playtime":2449,"current_hp_per_floor":[80,80,73,73,78,84,85,85,85,85,85,83,83,79,79,61,85,85,73,73,41,37,37,34,34,34,31,33,33,59,32,58,0],"items_purged":["Strike_R","Strike_R"],"gold":124,"score":288,"play_id":"88245201-b336-4488-b67c-813d3e6aae28","local_time":"20180428164958","is_prod":false,"is_daily":false,"chose_seed":false,"is_ascension_mode":false,"campfire_upgraded":2,"timestamp":1524948598,"path_taken":["M","$","?","?","?","E","M","?","T","E","M","M","$","M","R","BOSS","M","M","$","M","M","R","M","?","T","M","?","?","R","M","R","BOSS"],"build_version":"2018-04-28","seed_source_timestamp":1117389729620873,"purchased_purges":2,"victory":false,"master_deck":["Strike_R","Strike_R","Defend_R","Defend_R","Defend_R","Defend_R","Bash","Body Slam+1","Searing Blow+1","Second Wind","Flame Barrier","Flame Barrier","Bloodletting","Body Slam","Impervious","Feel No Pain","Second Wind","Feel No Pain","Warcry","Shockwave","Armaments+1","Dark Embrace","Decay","Havoc+1"],"max_hp_per_floor":[80,80,80,80,85,85,85,85,85,85,85,85,85,85,85,85,85,85,85,85,85,85,85,85,85,85,88,88,88,88,88,88,88],"relics":["Burning Blood","NeowsBlessing","Dead Branch","Charon\u0027s Ashes","Bottled Flame","Lizard Tail","Smiling Mask","Toxic Egg 2"],"card_choices":[{"not_picked":["Second Wind","Wild Strike"],"picked":"Body Slam","floor":1},{"not_picked":["Sentinel","Anger"],"picked":"Second Wind","floor":6},{"not_picked":["Twin Strike","Headbutt"],"picked":"Flame Barrier","floor":8},{"not_picked":["Exhume","Twin Strike"],"picked":"Flame Barrier","floor":10},{"not_picked":["Corruption","Searing Blow"],"picked":"Bloodletting","floor":11},{"not_picked":["Havoc","Headbutt"],"picked":"Body Slam","floor":12},{"not_picked":["Demon Form","Brutality"],"picked":"Impervious","floor":16},{"not_picked":["Reckless Charge","Pommel Strike"],"picked":"Feel No Pain","floor":18},{"not_picked":["Rupture","Twin Strike"],"picked":"Second Wind","floor":19},{"not_picked":["Corruption","Dropkick"],"picked":"Warcry","floor":21},{"not_picked":["Iron Wave","Spot Weakness"],"picked":"Shockwave","floor":24},{"not_picked":["Rage","Fire Breathing"],"picked":"Armaments","floor":27},{"not_picked":["Pommel Strike","Entrench"],"picked":"Dark Embrace","floor":28},{"not_picked":["Heavy Blade","Iron Wave"],"picked":"Havoc","floor":31}],"player_experience":769016,"potions_floor_usage":[8,10,12,16,18,24,31,33],"damage_taken":[{"damage":0,"enemies":"Small Slimes","floor":1,"turns":2},{"damage":0,"enemies":"Gremlin Nob","floor":6,"turns":1},{"damage":0,"enemies":"Jaw Worm","floor":7,"turns":1},{"damage":6,"enemies":"2 Louse","floor":8,"turns":4},{"damage":6,"enemies":"3 Sentries","floor":10,"turns":5},{"damage":5,"enemies":"Exordium Thugs","floor":11,"turns":5},{"damage":8,"enemies":"Blue Slaver","floor":12,"turns":2},{"damage":10,"enemies":"2 Fungi Beasts","floor":14,"turns":3},{"damage":24,"enemies":"Slime Boss","floor":16,"turns":8},{"damage":10,"enemies":"Chosen","floor":18,"turns":7},{"damage":18,"enemies":"2 Thieves","floor":19,"turns":5},{"damage":87,"enemies":"Centurion and Healer","floor":21,"turns":12},{"damage":10,"enemies":"Snecko","floor":22,"turns":6},{"damage":9,"enemies":"Snake Plant","floor":24,"turns":3},{"damage":12,"enemies":"Cultist and Chosen","floor":27,"turns":7},{"damage":4,"enemies":"Centurion and Healer","floor":28,"turns":6},{"damage":33,"enemies":"Snake Plant","floor":31,"turns":5},{"damage":78,"enemies":"Champ","floor":33,"turns":14}],"event_choices":[{"event_name":"Golden Wing","player_choice":"Card Removal","floor":3,"damage_taken":0},{"event_name":"Big Fish","player_choice":"Donut","floor":5,"damage_taken":0},{"event_name":"Forgotten Altar","player_choice":"Smashed Altar","floor":29,"damage_taken":0}],"boss_relics":[{"not_picked":["Ectoplasm","Black Star"],"picked":"Lizard Tail"}],"potions_floor_spawned":[1,7,10,14,16,22,28,31],"seed_played":"4152151942677441167","killed_by":"Champ","ascension_level":0,"is_trial":false}