{"gold_per_floor":[114,131,145,157,168,199,199,199],"floor_reached":8,"playtime":410,"items_purged":[],"score":72,"play_id":"e3239049-6ecc-4526-87e4-7875cc3cef56","local_time":"20190416031956","is_ascension_mode":true,"campfire_choices":[{"data":"Creative AI","floor":7,"key":"SMITH"}],"neow_cost":"TEN_PERCENT_HP_LOSS","seed_source_timestamp":53766201822200,"circlet_count":0,"master_deck":["Strike_B","Strike_B","Strike_B","Strike_B","Defend_B","Defend_B","Defend_B","Defend_B","Zap","Dualcast","Core Surge","Coolheaded","Chaos","Fusion","Hologram","Cold Snap","Creative AI+1"],"relics":["Cracked Core","Ancient Tea Set"],"potions_floor_usage":[5,6,8],"damage_taken":[{"damage":2,"enemies":"Jaw Worm","floor":1,"turns":2},{"damage":0,"enemies":"2 Louse","floor":2,"turns":2},{"damage":0,"enemies":"Cultist","floor":3,"turns":4},{"damage":9,"enemies":"Looter","floor":4,"turns":4},{"damage":0,"enemies":"Large Slime","floor":5,"turns":2},{"damage":20,"enemies":"3 Sentries","floor":6,"turns":9},{"damage":47,"enemies":"Gremlin Nob","floor":8,"turns":4}],"seed_played":"-1780159009201078889","potions_obtained":[{"floor":4,"key":"AttackPotion"},{"floor":5,"key":"Block Potion"},{"floor":6,"key":"SpeedPotion"}],"is_trial":false,"path_per_floor":["M","M","M","M","M","E","R","E"],"character_chosen":"DEFECT","items_purchased":[],"campfire_rested":0,"item_purchase_floors":[],"current_hp_per_floor":[66,66,66,57,57,37,37,0],"gold":199,"neow_bonus":"THREE_RARE_CARDS","is_prod":false,"is_daily":false,"chose_seed":false,"campfire_upgraded":1,"win_rate":0,"timestamp":1555399196,"path_taken":["M","M","M","M","M","E","R","E"],"build_version":"2019-04-04","purchased_purges":0,"victory":false,"max_hp_per_floor":[68,68,68,68,68,68,68,68],"card_choices":[{"not_picked":["Machine Learning","Buffer"],"picked":"Core Surge","floor":0},{"not_picked":["Beam Cell","Tempest"],"picked":"Coolheaded","floor":1},{"not_picked":["Compile Driver","Ball Lightning"],"picked":"Chaos","floor":2},{"not_picked":["Coolheaded","Reprogram"],"picked":"Fusion","floor":3},{"not_picked":["Ball Lightning","Redo"],"picked":"Hologram","floor":4},{"not_picked":["Ball Lightning","Storm"],"picked":"Cold Snap","floor":5},{"not_picked":["White Noise","Steam Power"],"picked":"Creative AI","floor":6}],"player_experience":804045,"relics_obtained":[{"floor":6,"key":"Ancient Tea Set"}],"event_choices":[],"is_beta":true,"boss_relics":[],"items_purged_floors":[],"is_endless":false,"potions_floor_spawned":[4,5,6],"killed_by":"Gremlin Nob","ascension_level":4}