{"path_per_floor":["M","?","M","?","M","R","T","M","T","M","M","E","?","?","R"],"character_chosen":"IRONCLAD","items_purchased":[],"gold_per_floor":[116,291,311,311,331,331,331,345,345,361,371,401,401,401,401,401],"floor_reached":16,"campfire_rested":0,"playtime":615,"current_hp_per_floor":[80,80,80,77,80,80,80,74,74,77,80,66,66,66,66,0],"items_purged":[],"gold":401,"score":102,"play_id":"bf210142-4201-499a-8ba2-c8606d945597","local_time":"20180508183002","is_prod":false,"is_daily":false,"chose_seed":false,"is_ascension_mode":false,"campfire_upgraded":2,"timestamp":1525818602,"path_taken":["M","?","M","?","M","R","?","M","T","M","M","E","?","?","R","BOSS"],"build_version":"2018-05-07","seed_source_timestamp":6964212795690,"purchased_purges":0,"victory":false,"master_deck":["Strike_R","Strike_R","Strike_R","Strike_R","Strike_R","Defend_R","Defend_R","Defend_R","Bash","Perfected Strike+1","Doubt","Twin Strike","Inflame+1","Flame Barrier","Seeing Red","Metallicize+1"],"max_hp_per_floor":[80,80,80,80,80,80,80,80,80,80,80,80,74,74,74,74],"relics":["Burning Blood","Juzu Bracelet","Blood Vial","Gremlin Horn","Frozen Egg 2","Golden Idol"],"card_choices":[{"not_picked":["Shrug It Off","True Grit"],"picked":"Perfected Strike","floor":1},{"not_picked":["Warcry","Anger"],"picked":"Twin Strike","floor":3},{"not_picked":["Cleave","Power Through"],"picked":"Inflame","floor":8},{"not_picked":["Body Slam","Carnage"],"picked":"Flame Barrier","floor":10},{"not_picked":["Wild Strike","Clash"],"picked":"Seeing Red","floor":12}],"player_experience":210963,"potions_floor_usage":[12,16],"damage_taken":[{"damage":3,"enemies":"Small Slimes","floor":1,"turns":4},{"damage":3,"enemies":"Jaw Worm","floor":3,"turns":5},{"damage":1,"enemies":"Cultist","floor":5,"turns":3},{"damage":12,"enemies":"Blue Slaver","floor":8,"turns":3},{"damage":5,"enemies":"2 Fungi Beasts","floor":10,"turns":3},{"damage":0,"enemies":"3 Louse","floor":11,"turns":2},{"damage":20,"enemies":"Gremlin Nob","floor":12,"turns":4},{"damage":75,"enemies":"The Guardian","floor":16,"turns":14}],"event_choices":[{"event_name":"Liars Game","player_choice":"agreed","floor":2,"damage_taken":0},{"event_name":"Scrap Ooze","player_choice":"success","floor":4,"damage_taken":3},{"event_name":"Golden Idol","player_choice":"Lose Max HP","floor":13,"damage_taken":0},{"event_name":"Transmorgrifier","player_choice":"Transform","floor":14,"damage_taken":0}],"boss_relics":[],"potions_floor_spawned":[8,12],"seed_played":"-1035472580292429094","killed_by":"The Guardian","ascension_level":0,"is_trial":false}