{"gold_per_floor":[114,43,58,58,73,73,88,103,153,183,183,198,213,213],"floor_reached":14,"playtime":578,"items_purged":[],"score":119,"play_id":"a97cf40a-0e45-4d11-a9cb-5236de6ecefd","local_time":"20180705041626","daily_mods":["Specialized","Uncertain Future","Terminal"],"is_ascension_mode":false,"campfire_choices":[{"data":"Compile Driver","floor":6,"key":"SMITH"}],"neow_cost":"","seed_source_timestamp":0,"circlet_count":0,"master_deck":["Strike_B","Strike_B","Strike_B","Strike_B","Defend_B","Defend_B","Defend_B","Defend_B","Zap","Dualcast","Rainbow","Rainbow","Rainbow","Rainbow+1","Rainbow","Storm","Capacitor+1","Heatsinks","Compile Driver+1","Hologram","Thunder Strike","Multi-Cast","Sweeping Beam","Gash"],"special_seed":17717,"relics":["Cracked Core","Omamori","Mango"],"potions_floor_usage":[7,13,14],"damage_taken":[{"damage":0,"enemies":"Cultist","floor":1,"turns":3},{"damage":6,"enemies":"2 Louse","floor":3,"turns":3},{"damage":4,"enemies":"Jaw Worm","floor":5,"turns":4},{"damage":0,"enemies":"Exordium Thugs","floor":7,"turns":5},{"damage":0,"enemies":"Large Slime","floor":8,"turns":4},{"damage":11,"enemies":"3 Sentries","floor":10,"turns":6},{"damage":44,"enemies":"Gremlin Gang","floor":12,"turns":6},{"damage":0,"enemies":"3 Louse","floor":13,"turns":2},{"damage":7,"enemies":"Lots of Slimes","floor":14,"turns":1}],"seed_played":"-5958423263724567793","potions_obtained":[{"floor":3,"key":"Block Potion"},{"floor":10,"key":"Ancient Potion"},{"floor":12,"key":"Fire Potion"},{"floor":13,"key":"Weak Potion"}],"is_trial":false,"path_per_floor":["M","$","M","$","M","R","M","M","T","E","?","M","M"],"character_chosen":"DEFECT","items_purchased":["Capacitor"],"campfire_rested":0,"item_purchase_floors":[2],"current_hp_per_floor":[73,72,66,66,62,62,62,62,62,65,49,5,5,0],"gold":213,"neow_bonus":"","is_prod":false,"is_daily":true,"chose_seed":false,"campfire_upgraded":1,"win_rate":0,"timestamp":1530778586,"path_taken":["M","$","M","?","M","R","M","M","T","E","?","?","M","M"],"build_version":"2018-07-04","purchased_purges":0,"victory":false,"max_hp_per_floor":[73,72,71,70,69,68,67,66,65,78,77,76,75,75],"card_choices":[{"not_picked":["Reinforced Body","Go for the Eyes"],"picked":"Storm","floor":1},{"not_picked":["Streamline","Coolheaded"],"picked":"Heatsinks","floor":3},{"not_picked":["Sweeping Beam","Rip and Tear"],"picked":"Compile Driver","floor":5},{"not_picked":["Rebound","Beam Cell"],"picked":"Hologram","floor":7},{"not_picked":["Hologram","Tempest"],"picked":"Thunder Strike","floor":8},{"not_picked":["Recycle","FTL"],"picked":"Multi-Cast","floor":10},{"not_picked":["Streamline","Barrage"],"picked":"Sweeping Beam","floor":12},{"not_picked":["Rebound","Ball Lightning"],"picked":"Gash","floor":13}],"player_experience":384140,"relics_obtained":[{"floor":9,"key":"Omamori"},{"floor":10,"key":"Mango"}],"event_choices":[{"event_name":"Shining Light","player_choice":"Entered Light","floor":11,"damage_taken":0}],"boss_relics":[],"items_purged_floors":[],"is_endless":false,"potions_floor_spawned":[3,10,12,13],"killed_by":"Lots of Slimes","ascension_level":0}