{"path_per_floor":["M","?","?","M","?","E","R","E","T","M","M","M","R","M","R","B",null,"M","M","?","M","?","$","R","M","T","R","M","M","?","?","R","B",null,"M","?","M","$","M","R","?"],"character_chosen":"IRONCLAD","items_purchased":["Gremlin Horn","Metallicize","Metallicize","Bag of Preparation","Matryoshka","Ghostly Armor","Panacea"],"gold_per_floor":[109,109,109,123,123,166,166,210,210,235,260,278,278,291,291,421,459,474,462,562,580,580,201,201,222,247,247,262,287,557,472,472,600,600,616,616,637,62,82,82,443,443],"floor_reached":42,"campfire_rested":4,"playtime":2357,"current_hp_per_floor":[44,44,44,48,48,32,32,26,26,33,44,51,75,84,84,42,93,97,93,93,89,89,89,101,95,95,95,87,94,62,62,92,44,105,99,99,89,89,77,111,30,0],"items_purged":["Strike_R","Defend_R"],"gold":443,"score":485,"play_id":"1ae051bc-7ed0-47c2-bcc0-2b9ccef3dc6e","local_time":"20180416125731","is_prod":false,"is_daily":false,"chose_seed":false,"is_ascension_mode":false,"campfire_upgraded":3,"timestamp":1523897851,"path_taken":["M","?","?","M","?","E","R","E","T","M","M","M","R","M","R","BOSS","M","M","?","M","?","$","R","M","T","R","M","?","?","?","R","BOSS","M","?","M","$","M","R","?","M"],"build_version":"2018-04-12","seed_source_timestamp":66790074300504,"purchased_purges":2,"victory":false,"master_deck":["Strike_R","Defend_R","Defend_R","Bash","Armaments+1","Rampage+1","Body Slam+1","Feed+1","Shrug It Off","Impervious","Shrug It Off","Metallicize","Body Slam+1","Armaments+1","Ghostly Armor","Panacea","Feed"],"max_hp_per_floor":[80,80,80,80,74,74,74,74,74,74,77,80,80,84,84,88,93,97,97,97,101,101,101,101,101,101,101,101,103,103,103,103,105,105,111,111,113,113,115,115,119,119],"relics":["Burning Blood","Golden Idol","The Courier","Happy Flower","Blood Vial","Tiny House","Gremlin Horn","Singing Bowl","Kunai","Black Star","Bag of Preparation","Matryoshka","Old Coin"],"card_choices":[{"not_picked":["Carnage","Hemokinesis"],"picked":"Armaments","floor":1},{"not_picked":["Clothesline","True Grit"],"picked":"Rampage","floor":4},{"not_picked":["Havoc","Fire Breathing"],"picked":"Body Slam","floor":6},{"not_picked":["Rupture","Body Slam"],"picked":"Feed","floor":8},{"not_picked":["Combust","Spot Weakness"],"picked":"Shrug It Off","floor":10},{"not_picked":["Exhume","Brutality"],"picked":"Impervious","floor":16},{"not_picked":["Havoc","Evolve"],"picked":"Shrug It Off","floor":17},{"not_picked":["Headbutt","Uppercut"],"picked":"Body Slam","floor":25},{"not_picked":["Carnage","Spot Weakness"],"picked":"Armaments","floor":28},{"not_picked":["Warcry","Battle Trance"],"picked":"Feed","floor":41}],"player_experience":661422,"potions_floor_usage":[6,8,12,14,18,21,25,28,35,39,41],"damage_taken":[{"damage":2,"enemies":"Small Slimes","floor":1,"turns":5},{"damage":2,"enemies":"Jaw Worm","floor":4,"turns":4},{"damage":22,"enemies":"Lagavulin","floor":6,"turns":10},{"damage":12,"enemies":"3 Sentries","floor":8,"turns":8},{"damage":1,"enemies":"Cultist","floor":10,"turns":3},{"damage":0,"enemies":"Looter","floor":11,"turns":3},{"damage":4,"enemies":"2 Fungi Beasts","floor":12,"turns":3},{"damage":0,"enemies":"3 Louse","floor":14,"turns":4},{"damage":52,"enemies":"The Guardian","floor":16,"turns":12},{"damage":3,"enemies":"Spheric Guardian","floor":18,"turns":4},{"damage":10,"enemies":"2 Thieves","floor":19,"turns":4},{"damage":16,"enemies":"3 Cultists","floor":21,"turns":9},{"damage":12,"enemies":"Snake Plant","floor":25,"turns":7},{"damage":16,"enemies":"Snecko","floor":28,"turns":6},{"damage":3,"enemies":"Centurion and Healer","floor":29,"turns":9},{"damage":58,"enemies":"Automaton","floor":33,"turns":13},{"damage":18,"enemies":"3 Shapes","floor":35,"turns":7},{"damage":20,"enemies":"3 Darklings","floor":37,"turns":8},{"damage":22,"enemies":"4 Shapes","floor":39,"turns":7},{"damage":93,"enemies":"Mysterious Sphere","floor":41,"turns":8},{"damage":34,"enemies":"Sphere and 2 Shapes","floor":42,"turns":7}],"event_choices":[{"event_name":"Living Wall","player_choice":"Forget","floor":2,"damage_taken":0},{"event_name":"Purifier","player_choice":"One Purge","floor":3,"damage_taken":0},{"event_name":"Golden Idol","player_choice":"Lose Max HP","floor":5,"damage_taken":0},{"event_name":"Golden Shrine","player_choice":"Pray","floor":20,"damage_taken":0},{"event_name":"Accursed Blacksmith","player_choice":"Forge","floor":22,"damage_taken":0},{"event_name":"Knowing Skull","player_choice":"GOLD GOLD GOLD ","floor":30,"damage_taken":0},{"event_name":"Addict","player_choice":"Obtained Relic","floor":31,"damage_taken":0},{"event_name":"Mysterious Sphere","player_choice":"Fight","floor":41,"damage_taken":0}],"boss_relics":[{"not_picked":["Astrolabe","White Beast Statue"],"picked":"Tiny House"},{"not_picked":["Philosopher\u0027s Stone","Mark of Pain"],"picked":"Black Star"}],"potions_floor_spawned":[1,4,10,11,12,19,25,33,37,39],"seed_played":"8874713382817700314","killed_by":"Sphere and 2 Shapes","ascension_level":0,"is_trial":false}