{"path_per_floor":["M","?","$","?","M","R","M","M","T","M","M","R","?","M","R","B",null,"M","?","?","M","M"],"character_chosen":"DEFECT","items_purchased":["Panache"],"gold_per_floor":[115,190,12,12,30,30,45,59,59,71,85,85,85,103,103,198,198,185,110,110,124,137,137],"floor_reached":23,"campfire_rested":1,"playtime":934,"item_purchase_floors":[3],"current_hp_per_floor":[75,64,64,64,61,61,61,47,47,46,42,42,35,34,56,56,75,38,38,38,26,4,0],"items_purged":[],"gold":137,"score":260,"play_id":"f40a71b4-e5ba-46c8-b6d4-0dbad2e47348","local_time":"20180519095805","is_prod":false,"is_daily":false,"chose_seed":false,"is_ascension_mode":false,"campfire_upgraded":2,"timestamp":1526738285,"campfire_choices":[{"data":"Loop","floor":6,"key":"SMITH"},{"data":"Gash","floor":12,"key":"SMITH"},{"floor":15,"key":"REST"}],"path_taken":["M","?","$","?","M","R","?","?","T","M","M","R","?","M","R","BOSS","M","?","?","M","M","E"],"build_version":"2018-05-18","seed_source_timestamp":500355671974999,"purchased_purges":0,"victory":false,"master_deck":["Defend_B","Defend_B","Defend_B","Defend_B","Zap","Dualcast","Machine Learning","Loop+1","Panache","Beam Cell","Glacier","Consume","Gash+1","Electrodynamics","Tempest","Static Discharge","Loop","Cold Snap","Streamline","Sunder","Bite","Bite","Bite","Bite","Bite","Chill","Amplify"],"max_hp_per_floor":[75,75,75,75,75,75,75,75,75,75,75,75,75,75,75,75,75,75,75,52,52,52,52],"relics":["Cracked Core","Thread and Needle","Unceasing Top","Orrery"],"card_choices":[{"not_picked":["Consume","Leap"],"picked":"Loop","floor":1},{"not_picked":["Sweeping Beam","Steam"],"picked":"Beam Cell","floor":5},{"not_picked":["Streamline","Beam Cell"],"picked":"Glacier","floor":7},{"not_picked":["Steam","Stack"],"picked":"Consume","floor":8},{"not_picked":["Streamline","Ball Lightning","Stack"],"picked":"SKIP","floor":10},{"not_picked":["Doom and Gloom","Redo"],"picked":"Gash","floor":11},{"not_picked":["Barrage","Axe Kick","Coolheaded"],"picked":"SKIP","floor":14},{"not_picked":["Fission","Creative AI"],"picked":"Electrodynamics","floor":16},{"not_picked":["Cold Snap","Axe Kick"],"picked":"Tempest","floor":17},{"not_picked":["Storm","Axe Kick"],"picked":"Static Discharge","floor":17},{"not_picked":["Chill","Reprogram"],"picked":"Loop","floor":17},{"not_picked":["Barrage","Ball Lightning"],"picked":"Cold Snap","floor":17},{"not_picked":["Heatsinks","Skim"],"picked":"Streamline","floor":17},{"not_picked":["Skim","Barrage+1"],"picked":"Sunder","floor":18},{"not_picked":["Scrape","Coolheaded"],"picked":"Chill","floor":21},{"not_picked":["Axe Kick","Cold Snap+1"],"picked":"Amplify","floor":22}],"player_experience":294818,"potions_floor_usage":[16,18,23],"damage_taken":[{"damage":0,"enemies":"Small Slimes","floor":1,"turns":3},{"damage":3,"enemies":"2 Louse","floor":5,"turns":3},{"damage":0,"enemies":"Cultist","floor":7,"turns":3},{"damage":14,"enemies":"Lots of Slimes","floor":8,"turns":5},{"damage":1,"enemies":"2 Fungi Beasts","floor":10,"turns":3},{"damage":4,"enemies":"Large Slime","floor":11,"turns":6},{"damage":1,"enemies":"Looter","floor":14,"turns":3},{"damage":0,"enemies":"The Guardian","floor":16,"turns":10},{"damage":37,"enemies":"2 Thieves","floor":18,"turns":4},{"damage":16,"enemies":"3 Byrds","floor":21,"turns":3},{"damage":48,"enemies":"Centurion and Healer","floor":22,"turns":12},{"damage":8,"enemies":"Slavers","floor":23,"turns":1}],"relics_obtained":[{"floor":9,"key":"Thread and Needle"}],"event_choices":[{"event_name":"World of Goop","player_choice":"Gather Gold","floor":2,"damage_taken":0},{"event_name":"Shining Light","player_choice":"Ignored","floor":4,"damage_taken":0},{"event_name":"Scrap Ooze","player_choice":"success","floor":13,"damage_taken":7},{"event_name":"Beggar","player_choice":"Gave Gold","floor":19,"damage_taken":0},{"event_name":"Vampires","player_choice":"Became a vampire","floor":20,"damage_taken":0}],"boss_relics":[{"not_picked":["Runic Pyramid","White Beast Statue"],"picked":"Orrery"}],"items_purged_floors":[],"potions_floor_spawned":[1,11,22],"seed_played":"7064368714892359823","killed_by":"Slavers","ascension_level":0,"potions_obtained":[{"floor":1,"key":"Swift Potion"},{"floor":11,"key":"Strength Potion"},{"floor":22,"key":"LiquidBronze"}],"is_trial":false}