{"gold_per_floor":[19,19,19,19,29,29,55,68,94,122,82,82,99,6,6,108,108,125,144,144,159,173,173,136,165,165,165,165,165,165,179,179,179],"floor_reached":33,"playtime":1167,"items_purged":[],"score":287,"play_id":"625b8b2b-e69d-4b79-9f03-36730d5450f4","local_time":"20180703022022","is_ascension_mode":true,"campfire_choices":[{"data":"BootSequence","floor":6,"key":"SMITH"},{"floor":15,"key":"REST"},{"floor":23,"key":"REST"},{"floor":27,"key":"REST"},{"floor":30,"key":"REST"},{"data":"Tempest","floor":32,"key":"SMITH"}],"neow_cost":"NO_GOLD","seed_source_timestamp":94999270598148,"circlet_count":0,"master_deck":["Strike_B","Strike_B+1","Strike_B","Strike_B","Defend_B+1","Defend_B","Defend_B+1","Zap","Dualcast+1","Electrodynamics+1","Self Repair","BootSequence+1","Leap","Self Repair","Thunder Strike","Loop","Melter","Stack","Multi-Cast","Turbo","Turbo","Sunder+1","Hologram","Sunder","Ball Lightning","Regret","Tempest+1"],"relics":["Cracked Core","Ancient Tea Set","Pen Nib","War Paint","Cursed Key","Enchiridion","Blood Vial","Singing Bowl"],"potions_floor_usage":[10,10,16,18,19,22,22,25],"damage_taken":[{"damage":0,"enemies":"2 Louse","floor":1,"turns":2},{"damage":8,"enemies":"Small Slimes","floor":5,"turns":3},{"damage":11,"enemies":"3 Sentries","floor":7,"turns":3},{"damage":6,"enemies":"Cultist","floor":8,"turns":3},{"damage":26,"enemies":"Gremlin Nob","floor":10,"turns":4},{"damage":17,"enemies":"Exordium Wildlife","floor":13,"turns":4},{"damage":16,"enemies":"Slime Boss","floor":16,"turns":5},{"damage":5,"enemies":"Chosen","floor":18,"turns":4},{"damage":0,"enemies":"2 Thieves","floor":19,"turns":3},{"damage":21,"enemies":"Snake Plant","floor":21,"turns":4},{"damage":40,"enemies":"Cultist and Chosen","floor":22,"turns":8},{"damage":39,"enemies":"Gremlin Leader","floor":25,"turns":7},{"damage":19,"enemies":"3 Cultists","floor":31,"turns":5},{"damage":68,"enemies":"Champ","floor":33,"turns":9}],"seed_played":"-5790260501655792888","potions_obtained":[{"floor":1,"key":"FearPotion"},{"floor":8,"key":"PowerPotion"},{"floor":11,"key":"FearPotion"},{"floor":11,"key":"Dexterity Potion"},{"floor":11,"key":"Block Potion"},{"floor":13,"key":"AttackPotion"},{"floor":18,"key":"AttackPotion"},{"floor":21,"key":"AttackPotion"},{"floor":22,"key":"FearPotion"}],"is_trial":false,"path_per_floor":["M","$","?","?","M","R","E","M","T","E","?","?","M","$","R","B",null,"M","M","?","M","M","R","$","E","T","R","?","?","R","M","R"],"character_chosen":"DEFECT","items_purchased":["Melter","Stack","Sunder"],"campfire_rested":4,"item_purchase_floors":[14,14,24],"current_hp_per_floor":[75,75,75,68,67,67,63,64,64,52,52,37,34,34,56,54,75,75,75,59,52,40,62,62,37,37,59,45,45,69,66,66,0],"gold":179,"neow_bonus":"THREE_RARE_CARDS","is_prod":false,"is_daily":false,"chose_seed":false,"campfire_upgraded":2,"win_rate":0,"timestamp":1530598822,"path_taken":["M","$","?","?","M","R","E","?","T","E","?","?","?","$","R","BOSS","M","M","?","M","?","R","$","E","T","R","?","?","R","M","R","BOSS"],"build_version":"2018-06-29","purchased_purges":0,"victory":false,"max_hp_per_floor":[75,75,75,75,75,75,75,75,75,75,75,75,75,75,75,75,75,75,75,75,75,75,75,75,75,75,75,80,80,80,80,80,80],"card_choices":[{"not_picked":["Hyperbeam","Fission"],"picked":"Electrodynamics","floor":0},{"not_picked":["Hello World","Reprogram"],"picked":"Self Repair","floor":1},{"not_picked":["Streamline","Go for the Eyes"],"picked":"BootSequence","floor":5},{"not_picked":["Reprogram","Sweeping Beam"],"picked":"Leap","floor":7},{"not_picked":["Conserve Battery","Barrage"],"picked":"Self Repair","floor":8},{"not_picked":["Ball Lightning","Gash"],"picked":"Thunder Strike","floor":10},{"not_picked":["Defragment","Skim"],"picked":"Loop","floor":13},{"not_picked":["Creative AI","Core Surge"],"picked":"Multi-Cast","floor":16},{"not_picked":["Hello World+1","Glacier"],"picked":"Turbo","floor":18},{"not_picked":["Hologram+1","Compile Driver"],"picked":"Turbo","floor":19},{"not_picked":["Blizzard+1","Machine Learning"],"picked":"Sunder+1","floor":21},{"not_picked":["Genetic Algorithm","Sweeping Beam"],"picked":"Hologram","floor":22},{"not_picked":["Biased Cognition","Sweeping Beam"],"picked":"Ball Lightning","floor":25},{"not_picked":["Barrage","Coolheaded"],"picked":"Tempest","floor":31}],"player_experience":373786,"relics_obtained":[{"floor":7,"key":"Ancient Tea Set"},{"floor":9,"key":"Pen Nib"},{"floor":10,"key":"War Paint"},{"floor":20,"key":"Enchiridion"},{"floor":25,"key":"Blood Vial"},{"floor":26,"key":"Singing Bowl"}],"event_choices":[{"event_name":"Living Wall","player_choice":"Grow","floor":3,"damage_taken":0},{"event_name":"Golden Wing","player_choice":"Card Removal","floor":4,"damage_taken":0},{"event_name":"The Woman in Blue","player_choice":"Bought 3 Potions","floor":11,"damage_taken":0},{"event_name":"Shining Light","player_choice":"Entered Light","floor":12,"damage_taken":0},{"event_name":"Cursed Tome","player_choice":"Obtained Book","floor":20,"damage_taken":0},{"event_name":"Forgotten Altar","player_choice":"Shed Blood","floor":28,"damage_taken":0},{"event_name":"Addict","player_choice":"Ignored","floor":29,"damage_taken":0}],"boss_relics":[{"not_picked":["Runic Pyramid","Ectoplasm"],"picked":"Cursed Key"}],"items_purged_floors":[],"is_endless":false,"potions_floor_spawned":[1,8,13,18,21,22],"killed_by":"Champ","ascension_level":1}