{"path_per_floor":["M","?","M","$","M","M","M","R","T","R","M","M","$","M","R"],"character_chosen":"IRONCLAD","items_purchased":["Rupture","Dramatic Entrance","Bag of Preparation","Panacea"],"gold_per_floor":[119,294,314,37,47,62,79,79,103,103,114,129,30,45,45,45],"floor_reached":16,"campfire_rested":0,"playtime":643,"current_hp_per_floor":[80,80,80,80,73,74,69,69,69,69,65,62,62,68,68,0],"items_purged":[],"gold":45,"score":96,"play_id":"f5e2326d-5277-4304-9ac3-eb4bf64b9323","local_time":"20180503062928","is_prod":false,"is_daily":false,"chose_seed":false,"is_ascension_mode":false,"campfire_upgraded":3,"timestamp":1525343368,"path_taken":["M","?","M","?","M","M","M","R","T","R","?","?","$","M","R","BOSS"],"build_version":"2018-05-02","seed_source_timestamp":1513996301119835,"purchased_purges":0,"victory":false,"master_deck":["Strike_R","Strike_R","Strike_R","Strike_R","Strike_R","Defend_R","Defend_R","Defend_R","Defend_R","Bash+1","Writhe","Body Slam+1","Doubt","Rupture","Rupture","Dramatic Entrance","Whirlwind","Inflame","Dropkick","Whirlwind","Flex","Panacea","Infernal Blade+1"],"max_hp_per_floor":[80,80,80,80,80,80,80,80,80,80,80,80,80,80,80,80],"relics":["Burning Blood","Champion Belt","Bag of Preparation","Ancient Tea Set"],"card_choices":[{"not_picked":["Sword Boomerang","Spot Weakness"],"picked":"Body Slam","floor":1},{"not_picked":["Warcry","Ghostly Armor"],"picked":"Rupture","floor":3},{"not_picked":["Flex","Pommel Strike"],"picked":"Whirlwind","floor":5},{"not_picked":["Anger","Dual Wield"],"picked":"Inflame","floor":6},{"not_picked":["Warcry","Sever Soul"],"picked":"Dropkick","floor":7},{"not_picked":["Corruption","Clash"],"picked":"Whirlwind","floor":11},{"not_picked":["Iron Wave","Burning Pact"],"picked":"Flex","floor":12},{"not_picked":["Armaments","Sword Boomerang"],"picked":"Infernal Blade","floor":14}],"player_experience":133273,"potions_floor_usage":[7,16,16,16],"damage_taken":[{"damage":4,"enemies":"2 Louse","floor":1,"turns":4},{"damage":6,"enemies":"Jaw Worm","floor":3,"turns":4},{"damage":13,"enemies":"Cultist","floor":5,"turns":6},{"damage":5,"enemies":"Lots of Slimes","floor":6,"turns":2},{"damage":11,"enemies":"Red Slaver","floor":7,"turns":3},{"damage":10,"enemies":"Exordium Wildlife","floor":11,"turns":4},{"damage":9,"enemies":"Blue Slaver","floor":12,"turns":4},{"damage":0,"enemies":"2 Fungi Beasts","floor":14,"turns":2},{"damage":71,"enemies":"The Guardian","floor":16,"turns":8}],"event_choices":[{"event_name":"Liars Game","player_choice":"agreed","floor":2,"damage_taken":0}],"boss_relics":[],"potions_floor_spawned":[3,5,12,14],"seed_played":"2725689607349280930","killed_by":"The Guardian","ascension_level":0,"is_trial":false}