{"gold_per_floor":[20,20,20,20,20,20,48,48,102,102,27,44,54,74,74,174,174,189,113,113,113,99,99,118,118,118,134,159,169,169,39,39,142,192,203,214,214,24,0,0,12,12,12,12,35,53,53,68,68,68],"floor_reached":51,"playtime":3205,"items_purged":["Strike_B"],"score":754,"play_id":"9b4a0c56-34df-4a72-aec0-80db71750df1","local_time":"20190625220043","is_ascension_mode":true,"campfire_choices":[{"data":"Zap","floor":6,"key":"SMITH"},{"floor":10,"key":"REST"},{"data":"Stack","floor":15,"key":"SMITH"},{"data":"Defragment","floor":23,"key":"SMITH"},{"data":"Rainbow","floor":25,"key":"SMITH"},{"data":"Dualcast","floor":30,"key":"SMITH"},{"data":"Coolheaded","floor":32,"key":"SMITH"},{"data":"Creative AI","floor":40,"key":"SMITH"},{"data":"Rainbow","floor":47,"key":"SMITH"},{"data":"Madness","floor":49,"key":"SMITH"}],"neow_cost":"NO_GOLD","seed_source_timestamp":6123915588397280,"circlet_count":0,"master_deck":["Strike_B","Strike_B+1","Defend_B+1","Defend_B+1","Defend_B+1","Defend_B","Zap+1","Dualcast+1","Rebound","Cold Snap","Compile Driver","Steam","Stack+1","Rainbow+1","Defragment+1","Cold Snap+1","Coolheaded+1","Dark Shackles+1","Rainbow+1","Chill","Creative AI+1","Madness+1","Madness","Redo","Leap+1"],"relics":["Cracked Core","Thread and Needle","Bronze Scales","FossilizedHelix","Busted Crown","Nloth\u0027s Gift","Bottled Tornado","Art of War","Tiny House","Lantern","Red Mask","Torii","Juzu Bracelet"],"potions_floor_usage":[50],"damage_taken":[{"damage":0,"enemies":"Cultist","floor":1,"turns":3},{"damage":16,"enemies":"Lagavulin","floor":7,"turns":6},{"damage":0,"enemies":"Small Slimes","floor":12,"turns":3},{"damage":0,"enemies":"Jaw Worm","floor":13,"turns":2},{"damage":0,"enemies":"3 Louse","floor":14,"turns":3},{"damage":0,"enemies":"The Guardian","floor":16,"turns":14},{"damage":0,"enemies":"Spheric Guardian","floor":18,"turns":4},{"damage":0,"enemies":"2 Thieves","floor":22,"turns":4},{"damage":0,"enemies":"Snecko","floor":24,"turns":4},{"damage":0,"enemies":"Centurion and Healer","floor":27,"turns":6},{"damage":8,"enemies":"Slavers","floor":28,"turns":6},{"damage":0,"enemies":"Chosen and Byrds","floor":29,"turns":4},{"damage":34,"enemies":"Collector","floor":33,"turns":16},{"damage":0,"enemies":"Orb Walker","floor":35,"turns":4},{"damage":0,"enemies":"3 Darklings","floor":36,"turns":6},{"damage":0,"enemies":"4 Shapes","floor":41,"turns":6},{"damage":0,"enemies":"Maw","floor":46,"turns":9},{"damage":0,"enemies":"Sphere and 2 Shapes","floor":48,"turns":4},{"damage":20,"enemies":"Awakened One","floor":50,"turns":24}],"seed_played":"1731020457937224507","potions_obtained":[{"floor":7,"key":"PowerPotion"},{"floor":12,"key":"PowerPotion"},{"floor":16,"key":"LiquidBronze"},{"floor":24,"key":"Swift Potion"},{"floor":28,"key":"SteroidPotion"},{"floor":34,"key":"FairyPotion"},{"floor":35,"key":"Energy Potion"}],"is_trial":false,"path_per_floor":["M","$","?","$","?","R","E","?","T","R","$","M","M","M","R","B",null,"M","$","?","?","M","R","M","R","T","M","E","M","R","$","R","B",null,"M","M","?","$","?","R","M","?","T","?","T","M","R","M","R","B",null],"character_chosen":"DEFECT","items_purchased":["Defragment","Coolheaded","Dark Shackles","Lantern","Redo"],"campfire_rested":1,"item_purchase_floors":[19,31,31,38,38],"current_hp_per_floor":[75,75,72,72,65,65,49,34,34,56,56,56,56,56,56,56,75,75,75,61,61,61,61,61,61,61,61,53,53,53,53,53,19,85,85,85,74,74,74,74,74,74,74,74,74,74,74,74,74,54],"gold":68,"neow_bonus":"ONE_RARE_RELIC","is_prod":false,"is_daily":false,"chose_seed":false,"campfire_upgraded":9,"win_rate":0,"timestamp":1561518043,"path_taken":["M","?","?","?","?","R","E","?","T","R","$","M","?","M","R","BOSS","M","$","?","?","M","R","M","R","T","M","E","M","R","$","R","BOSS","M","?","?","$","?","R","M","?","T","?","?","M","R","M","R","BOSS"],"build_version":"2019-01-23","purchased_purges":1,"victory":true,"max_hp_per_floor":[75,75,75,75,75,75,75,75,75,75,75,75,75,75,75,75,75,75,75,80,80,80,80,80,80,80,80,80,80,80,80,80,80,85,85,85,85,85,85,85,85,85,85,85,85,85,85,85,85,85],"card_choices":[{"not_picked":["Stack","Hello World"],"picked":"Rebound","floor":1},{"not_picked":["Sweeping Beam","Steam Power"],"picked":"Cold Snap","floor":7},{"not_picked":["Barrage","Loop"],"picked":"Compile Driver","floor":12},{"not_picked":["Redo","Stack"],"picked":"Steam","floor":13},{"not_picked":["Beam Cell","White Noise"],"picked":"Stack","floor":14},{"not_picked":["All For One","Meteor Strike"],"picked":"Rainbow","floor":16},{"not_picked":["Melter"],"picked":"SKIP","floor":18},{"not_picked":[],"picked":"Cold Snap+1","floor":22},{"not_picked":["Steam Power"],"picked":"SKIP","floor":24},{"not_picked":["Turbo"],"picked":"SKIP","floor":27},{"not_picked":["Rip and Tear"],"picked":"SKIP","floor":28},{"not_picked":["Ball Lightning"],"picked":"SKIP","floor":29},{"not_picked":[],"picked":"Rainbow","floor":33},{"not_picked":[],"picked":"Chill","floor":34},{"not_picked":["Conserve Battery"],"picked":"SKIP","floor":35},{"not_picked":[],"picked":"Creative AI","floor":36},{"not_picked":["Beam Cell"],"picked":"SKIP","floor":41},{"not_picked":["Turbo"],"picked":"SKIP","floor":46},{"not_picked":[],"picked":"Leap+1","floor":48}],"player_experience":187258,"relics_obtained":[{"floor":7,"key":"FossilizedHelix"},{"floor":9,"key":"War Paint"},{"floor":26,"key":"Bottled Tornado"},{"floor":28,"key":"Art of War"},{"floor":43,"key":"Torii"},{"floor":45,"key":"Juzu Bracelet"}],"event_choices":[{"damage_healed":0,"gold_gain":0,"player_choice":"Success","damage_taken":3,"relics_obtained":["Bronze Scales"],"max_hp_gain":0,"max_hp_loss":0,"event_name":"Scrap Ooze","floor":3,"gold_loss":0},{"cards_removed":["Strike_B"],"damage_healed":0,"gold_gain":0,"player_choice":"Card Removal","damage_taken":7,"max_hp_gain":0,"max_hp_loss":0,"event_name":"Golden Wing","floor":5,"gold_loss":0},{"damage_healed":0,"gold_gain":0,"player_choice":"Entered Light","damage_taken":15,"max_hp_gain":0,"max_hp_loss":0,"event_name":"Shining Light","floor":8,"gold_loss":0,"cards_upgraded":["Defend_B","Strike_B"]},{"damage_healed":0,"gold_gain":0,"player_choice":"Shed Blood","damage_taken":19,"max_hp_gain":5,"max_hp_loss":0,"event_name":"Forgotten Altar","floor":20,"gold_loss":0},{"damage_healed":0,"gold_gain":0,"player_choice":"Traded Relic","damage_taken":0,"relics_obtained":["Nloth\u0027s Gift"],"max_hp_gain":0,"max_hp_loss":0,"event_name":"N\u0027loth","floor":21,"relics_lost":["War Paint"],"gold_loss":0},{"damage_healed":0,"gold_gain":0,"player_choice":"Embrace Madness","damage_taken":11,"max_hp_gain":0,"max_hp_loss":0,"event_name":"Winding Halls","floor":37,"gold_loss":0,"cards_obtained":["Madness","Madness"]},{"damage_healed":0,"gold_gain":0,"player_choice":"Paid","damage_taken":0,"relics_obtained":["Red Mask"],"max_hp_gain":0,"max_hp_loss":0,"event_name":"Tomb of Lord Red Mask","floor":39,"gold_loss":24},{"damage_healed":0,"gold_gain":0,"player_choice":"Memory 1","damage_taken":0,"max_hp_gain":0,"max_hp_loss":0,"event_name":"SensoryStone","floor":42,"gold_loss":0},{"damage_healed":0,"gold_gain":0,"player_choice":"Ignored","damage_taken":0,"max_hp_gain":0,"max_hp_loss":0,"event_name":"Mysterious Sphere","floor":44,"gold_loss":0}],"is_beta":false,"boss_relics":[{"not_picked":["Astrolabe","Runic Dome"],"picked":"Busted Crown"},{"not_picked":["Calling Bell","Pandora\u0027s Box"],"picked":"Tiny House"}],"items_purged_floors":[11],"is_endless":false,"potions_floor_spawned":[7,12,16,22,24,28,35,41],"ascension_level":2}