{"path_per_floor":["?","?","?","?","?","?","?","?","?","?","?","?","?","?","?","B",null,"?","?","?","?","?","?","?","?","?","?","?","?","?","?","?","B",null,"?","?","?"],"character_chosen":"THE_SILENT","items_purchased":["Noxious Fumes","Infinite Blades","Tough Bandages"],"gold_per_floor":[114,129,144,100,100,100,130,130,130,145,145,160,175,190,190,290,290,305,305,320,335,350,350,365,365,365,365,380,305,320,335,335,435,435,450,46,61],"floor_reached":38,"campfire_rested":4,"playtime":3451,"current_hp_per_floor":[70,70,70,70,70,70,65,65,65,67,53,55,57,59,59,45,70,63,63,65,48,24,45,25,46,46,67,58,58,60,62,70,36,70,24,24,26],"items_purged":[],"gold":61,"score":334,"play_id":"233f988a-61e2-49de-9704-fd52a0b500c1","local_time":"20180308195921","daily_mods":[{"name":"Heirloom","description":"Start with 1 Rare relic.","modID":"Heirloom","img":{"data":{"file":{"file":{"path":"images\\ui\\run_mods\\heirloom.png"},"type":"Internal"},"width":64,"height":64,"format":"RGBA8888","useMipMaps":false,"isPrepared":false},"glTarget":3553,"glHandle":683,"minFilter":"Linear","magFilter":"Linear","uWrap":"ClampToEdge","vWrap":"ClampToEdge"},"positive":true},{"name":"Uncertain Future","description":"The map shows only ?.","modID":"Uncertain Future","img":{"data":{"file":{"file":{"path":"images\\ui\\run_mods\\uncertain_future.png"},"type":"Internal"},"width":64,"height":64,"format":"RGBA8888","useMipMaps":false,"isPrepared":false},"glTarget":3553,"glHandle":679,"minFilter":"Linear","magFilter":"Linear","uWrap":"ClampToEdge","vWrap":"ClampToEdge"},"positive":false},{"name":"Binary","description":"Card rewards contain only 2 cards.","modID":"Binary","img":{"data":{"file":{"file":{"path":"images\\ui\\run_mods\\binary.png"},"type":"Internal"},"width":64,"height":64,"format":"RGBA8888","useMipMaps":false,"isPrepared":false},"glTarget":3553,"glHandle":680,"minFilter":"Linear","magFilter":"Linear","uWrap":"ClampToEdge","vWrap":"ClampToEdge"},"positive":false},{"name":"Vintage","description":"The Merchant\u0027s prices are increased by 25%.","modID":"Vintage","img":{"data":{"file":{"file":{"path":"images\\ui\\run_mods\\vintage.png"},"type":"Internal"},"width":64,"height":64,"format":"RGBA8888","useMipMaps":false,"isPrepared":false},"glTarget":3553,"glHandle":677,"minFilter":"Linear","magFilter":"Linear","uWrap":"ClampToEdge","vWrap":"ClampToEdge"},"positive":false}],"is_prod":false,"is_daily":true,"is_ascension_mode":false,"campfire_upgraded":3,"timestamp":1520557161,"path_taken":["?","?","?","?","?","?","?","?","?","?","?","?","?","?","?","BOSS","?","?","?","?","?","?","?","?","?","?","?","?","?","?","?","BOSS","?","?","?","?"],"build_version":"2018-03-01-PROD1","purchased_purges":0,"victory":false,"master_deck":["Defend_G+1","Defend_G+1","Strike_G","Strike_G","Strike_G","Strike_G","Survivor+1","Dagger Spray","Prepared","Predator+1","Noxious Fumes+1","Bane","Accuracy","Dagger Spray","Backflip","Phantasmal Killer+1","Bullet Time","Finisher+1","Phantasmal Killer+1","Dash+1","Noxious Fumes+1","Slice+1","Acrobatics+1","Outmaneuver","Deadly Poison","Cloak And Dagger","Quick Slash+1","A Thousand Cuts","Adrenaline","Infinite Blades+1","Infinite Blades","Predator"],"max_hp_per_floor":[70,70,70,70,70,70,70,70,70,70,70,70,70,70,70,70,70,70,70,70,70,70,70,70,70,70,70,70,70,70,70,70,70,70,70,70,70],"relics":["Ring of the Snake","Thread and Needle","Blood Vial","Ginger","Astrolabe","Toolbox","The Specimen","Tough Bandages"],"card_choices":[{"not_picked":["Prepared"],"picked":"Dagger Spray"},{"not_picked":["Blade Dance"],"picked":"Prepared"},{"not_picked":["Bane"],"picked":"Predator"},{"not_picked":["Dodge and Roll"],"picked":"Bane"},{"not_picked":["Quick Slash"],"picked":"Accuracy"},{"not_picked":["Underhanded Strike"],"picked":"Dagger Spray"},{"not_picked":["Underhanded Strike"],"picked":"Backflip"},{"not_picked":["Underhanded Strike"],"picked":"Phantasmal Killer"},{"not_picked":["Tools of the Trade"],"picked":"Bullet Time"},{"not_picked":["Bouncing Flask"],"picked":"Noxious Fumes"},{"not_picked":["Infinite Blades"],"picked":"Slice"},{"not_picked":["Expertise"],"picked":"Acrobatics"},{"not_picked":["Dagger Spray"],"picked":"Outmaneuver"},{"not_picked":["Skewer"],"picked":"Deadly Poison"},{"not_picked":["Prepared"],"picked":"Cloak And Dagger"},{"not_picked":["Reflex"],"picked":"Quick Slash"},{"not_picked":["PiercingWail"],"picked":"A Thousand Cuts"},{"not_picked":["Tactician"],"picked":"Adrenaline"},{"not_picked":["Dagger Throw"],"picked":"Infinite Blades"},{"not_picked":["Endless Agony"],"picked":"Predator"}],"player_experience":359394,"potions_floor_usage":[14,16,16,18,21,22,30,33,38],"damage_taken":[{"damage":0,"enemies":"Cultist","floor":1,"turns":5},{"damage":0,"enemies":"2 Louse","floor":2,"turns":2},{"damage":0,"enemies":"Jaw Worm","floor":3,"turns":4},{"damage":5,"enemies":"Lagavulin","floor":7,"turns":7},{"damage":0,"enemies":"Large Slime","floor":10,"turns":6},{"damage":0,"enemies":"Exordium Thugs","floor":12,"turns":4},{"damage":0,"enemies":"2 Fungi Beasts","floor":13,"turns":4},{"damage":0,"enemies":"Exordium Wildlife","floor":14,"turns":4},{"damage":31,"enemies":"Hexaghost","floor":16,"turns":9},{"damage":7,"enemies":"Shell Parasite","floor":18,"turns":5},{"damage":0,"enemies":"3 Byrds","floor":20,"turns":6},{"damage":19,"enemies":"Sentry and Sphere","floor":21,"turns":6},{"damage":26,"enemies":"Centurion and Healer","floor":22,"turns":6},{"damage":22,"enemies":"Cultist and Chosen","floor":24,"turns":7},{"damage":11,"enemies":"Snake Plant","floor":28,"turns":2},{"damage":0,"enemies":"Centurion and Healer","floor":30,"turns":5},{"damage":0,"enemies":"Snecko","floor":31,"turns":4},{"damage":38,"enemies":"Champ","floor":33,"turns":12},{"damage":46,"enemies":"3 Darklings","floor":35,"turns":4},{"damage":0,"enemies":"Orb Walker","floor":37,"turns":3},{"damage":32,"enemies":"Sphere and 2 Shapes","floor":38,"turns":3}],"event_choices":[{"event_name":"Living Wall","player_choice":"Grow","floor":5,"damage_taken":0},{"event_name":"Shining Light","player_choice":"Entered Light","floor":11,"damage_taken":0},{"event_name":"Wheel of Change","player_choice":"Card Removal","floor":19,"damage_taken":0},{"event_name":"Beggar","player_choice":"Gave Gold","floor":29,"damage_taken":0}],"boss_relics":[{"not_picked":["Runic Pyramid","Pandora\u0027s Box"],"picked":"Astrolabe"},{"not_picked":["Black Star","White Beast Statue"],"picked":"The Specimen"}],"potions_floor_spawned":[10,12,14,16,20,21,24,31,37],"seed_played":"6419525779391338913","killed_by":"Sphere and 2 Shapes","ascension_level":0,"is_trial":false}