{"gold_per_floor":[114,129,304,334,334,353,353,391,391,410,386,386,424,443,443,568,568,587,6,6,25,25,63,82,132,144,156,187,199,11,30,30,155,155,174,174,116,135,154,154,487,487,487,502,502,22,52,67,67,67],"floor_reached":50,"playtime":2131,"items_purged":[],"score":695,"play_id":"0bee7d73-071c-4421-93f2-b5d68945bd5f","local_time":"20190501152852","daily_mods":["Draft","Vintage","Night Terrors"],"is_ascension_mode":false,"campfire_choices":[{"data":"Infernal Blade","floor":7.0,"key":"SMITH"},{"data":"Entrench","floor":15.0,"key":"SMITH"},{"floor":27.0,"key":"REST"},{"data":"Jack Of All Trades","floor":32.0,"key":"SMITH"},{"data":"Limit Break","floor":40.0,"key":"SMITH"},{"data":"Mayhem","floor":42.0,"key":"SMITH"},{"floor":49.0,"key":"REST"}],"neow_cost":"","seed_source_timestamp":1271895689217700,"circlet_count":0,"master_deck":["Seeing Red+1","Shrug It Off+1","Body Slam","Rampage+1","Shockwave+1","Carnage","Iron Wave","Feel No Pain","Sever Soul","Iron Wave","Ghostly Armor+1","Shrug It Off","Infernal Blade+1","Entrench+1","Body Slam","Dark Embrace","Violence+1","J.A.X.","Blind","Blind","Jack Of All Trades+1","Trip","Infernal Blade","Rampage+1","Limit Break+1","Purity","Finesse","Mayhem+1","Whirlwind"],"special_seed":18017,"relics":["Burning Blood","Gremlin Horn","Omamori","Tiny Chest","Darkstone Periapt","Kunai","Matryoshka","War Paint","Bronze Scales","Shuriken","Empty Cage","Vajra","Mummified Hand","Orichalcum","Bottled Lightning","Bag of Marbles","MawBank","Potion Belt","Smiling Mask","Blood Vial","Pantograph","MealTicket","Happy Flower","White Beast Statue","Ginger","Ornamental Fan","Question Card","Blue Candle","Centennial Puzzle","Whetstone","The Courier","Chemical X","Bag of Preparation","Letter Opener","Pear","Du-Vu Doll"],"potions_floor_usage":[50],"damage_taken":[{"damage":11.0,"enemies":"Jaw Worm","floor":1.0,"turns":2.0},{"damage":0.0,"enemies":"2 Louse","floor":2.0,"turns":2.0},{"damage":0.0,"enemies":"Small Slimes","floor":6.0,"turns":2.0},{"damage":0.0,"enemies":"Gremlin Nob","floor":8.0,"turns":4.0},{"damage":13.0,"enemies":"Exordium Wildlife","floor":10.0,"turns":3.0},{"damage":0.0,"enemies":"3 Sentries","floor":13.0,"turns":7.0},{"damage":0.0,"enemies":"Looter","floor":14.0,"turns":1.0},{"damage":34.0,"enemies":"Hexaghost","floor":16.0,"turns":11.0},{"damage":1.0,"enemies":"Spheric Guardian","floor":18.0,"turns":5.0},{"damage":14.0,"enemies":"3 Byrds","floor":21.0,"turns":2.0},{"damage":6.0,"enemies":"Gremlin Leader","floor":23.0,"turns":7.0},{"damage":18.0,"enemies":"Snake Plant","floor":24.0,"turns":3.0},{"damage":6.0,"enemies":"Book of Stabbing","floor":25.0,"turns":4.0},{"damage":6.0,"enemies":"Snecko","floor":28.0,"turns":3.0},{"damage":3.0,"enemies":"3 Cultists","floor":31.0,"turns":3.0},{"damage":45.0,"enemies":"Automaton","floor":33.0,"turns":9.0},{"damage":10.0,"enemies":"3 Shapes","floor":35.0,"turns":4.0},{"damage":0.0,"enemies":"Orb Walker","floor":38.0,"turns":1.0},{"damage":6.0,"enemies":"Transient","floor":39.0,"turns":5.0},{"damage":42.0,"enemies":"4 Shapes","floor":44.0,"turns":5.0},{"damage":28.0,"enemies":"Giant Head","floor":47.0,"turns":6.0},{"damage":0.0,"enemies":"Sphere and 2 Shapes","floor":48.0,"turns":3.0},{"damage":95,"enemies":"Time Eater","floor":50,"turns":10}],"seed_played":"-5970224170056604862","potions_obtained":[{"floor":1.0,"key":"SteroidPotion"},{"floor":2.0,"key":"LiquidBronze"},{"floor":10.0,"key":"EssenceOfSteel"},{"floor":14.0,"key":"SpeedPotion"},{"floor":18.0,"key":"FairyPotion"},{"floor":24.0,"key":"FearPotion"},{"floor":35.0,"key":"Energy Potion"},{"floor":38.0,"key":"GamblersBrew"},{"floor":39.0,"key":"Weak Potion"},{"floor":44.0,"key":"Strength Potion"},{"floor":47.0,"key":"SmokeBomb"},{"floor":48.0,"key":"Dexterity Potion"}],"is_trial":false,"path_per_floor":["M","M","?","T","?","M","R","E","T","M","?","?","E","M","R","B",null,"M","$","?","M","?","E","M","E","T","R","M","?","$","M","R","B",null,"M","?","?","M","M","R","?","R","T","M","?","$","E","M","R","B"],"character_chosen":"IRONCLAD","items_purchased":["Mummified Hand","Violence","Orichalcum","MealTicket","Chemical X","Bag of Preparation","Letter Opener"],"campfire_rested":2,"item_purchase_floors":[19,19,19,30,46,46,46],"current_hp_per_floor":[75,80,80,80,80,80,80,80,80,73,73,57,63,69,69,41,80,80,80,80,72,32,32,20,20,20,75,75,75,75,75,75,36,75,71,61,61,69,71,71,71,71,71,37,37,37,27,35,80,0],"gold":67,"neow_bonus":"","is_prod":false,"is_daily":true,"chose_seed":false,"campfire_upgraded":5,"win_rate":0,"timestamp":1556738932,"path_taken":["M","M","?","?","?","M","R","E","T","M","?","?","E","M","R","BOSS","M","$","?","M","?","E","M","E","T","R","?","?","?","M","R","BOSS","M","?","?","?","M","R","?","R","T","M","?","?","E","M","R","BOSS"],"build_version":"2019-04-23","purchased_purges":0,"victory":false,"max_hp_per_floor":[80,80,80,80,80,80,80,80,80,80,80,80,80,80,80,80,80,80,80,80,80,80,80,80,80,80,75,75,75,75,75,75,75,75,75,75,75,75,75,75,75,75,75,75,75,75,85,85,80,80],"card_choices":[{"not_picked":["Body Slam","Thunderclap"],"picked":"Seeing Red","floor":0.0},{"not_picked":["Flex","Reckless Charge"],"picked":"Shrug It Off","floor":0.0},{"not_picked":["Blood for Blood","Sword Boomerang"],"picked":"Body Slam","floor":0.0},{"not_picked":["Heavy Blade","Shrug It Off"],"picked":"Rampage","floor":0.0},{"not_picked":["Twin Strike","Wild Strike"],"picked":"Shockwave","floor":0.0},{"not_picked":["Sever Soul","Twin Strike"],"picked":"Carnage","floor":0.0},{"not_picked":["Disarm","Flex"],"picked":"True Grit","floor":0.0},{"not_picked":["Clash","Thunderclap"],"picked":"Iron Wave","floor":0.0},{"not_picked":["Twin Strike","Clash"],"picked":"Shrug It Off","floor":0.0},{"not_picked":["Anger","Twin Strike"],"picked":"Feel No Pain","floor":0.0},{"not_picked":["Whirlwind","Warcry"],"picked":"Sever Soul","floor":0.0},{"not_picked":["Metallicize","Searing Blow"],"picked":"Iron Wave","floor":0.0},{"not_picked":["Perfected Strike","Whirlwind"],"picked":"Ghostly Armor","floor":0.0},{"not_picked":["Headbutt","Sever Soul"],"picked":"Shrug It Off","floor":0.0},{"not_picked":["Perfected Strike","Clothesline"],"picked":"Infernal Blade","floor":0.0},{"not_picked":["Combust","Clothesline"],"picked":"Entrench","floor":8.0},{"not_picked":["Headbutt","Iron Wave"],"picked":"Body Slam","floor":13.0},{"not_picked":["Immolate","Fiend Fire"],"picked":"Dark Embrace","floor":16.0},{"not_picked":["Bloodletting","Anger+1"],"picked":"Infernal Blade","floor":23.0},{"not_picked":["Perfected Strike","Anger+1"],"picked":"Rampage","floor":25.0},{"not_picked":["Immolate","Juggernaut"],"picked":"Limit Break","floor":33.0},{"not_picked":["Jack Of All Trades","Dark Shackles"],"picked":"Purity","floor":36.0},{"not_picked":["Impatience","Mind Blast"],"picked":"Finesse","floor":36.0},{"not_picked":["Blind","Trip"],"picked":"Mayhem","floor":36.0},{"not_picked":["Ghostly Armor","Disarm","Pommel Strike"],"picked":"Whirlwind","floor":47.0}],"player_experience":828318,"relics_obtained":[{"floor":1.0,"key":"Gremlin Horn"},{"floor":2.0,"key":"Omamori"},{"floor":4.0,"key":"Tiny Chest"},{"floor":6.0,"key":"Darkstone Periapt"},{"floor":8.0,"key":"Kunai"},{"floor":9.0,"key":"Matryoshka"},{"floor":10.0,"key":"War Paint"},{"floor":13.0,"key":"Bronze Scales"},{"floor":14.0,"key":"Shuriken"},{"floor":18.0,"key":"Vajra"},{"floor":21.0,"key":"Bottled Lightning"},{"floor":23.0,"key":"Bag of Marbles"},{"floor":24.0,"key":"MawBank"},{"floor":25.0,"key":"Potion Belt"},{"floor":26.0,"key":"Smiling Mask"},{"floor":26.0,"key":"Blood Vial"},{"floor":28.0,"key":"Pantograph"},{"floor":31.0,"key":"Happy Flower"},{"floor":35.0,"key":"Ginger"},{"floor":38.0,"key":"Question Card"},{"floor":39.0,"key":"Blue Candle"},{"floor":43.0,"key":"Centennial Puzzle"},{"floor":43.0,"key":"Whetstone"},{"floor":44.0,"key":"The Courier"},{"floor":47.0,"key":"Pear"},{"floor":48.0,"key":"Du-Vu Doll"}],"event_choices":[{"damage_healed":0.0,"max_hp_gain":0.0,"max_hp_loss":0.0,"gold_gain":175.0,"event_name":"Liars Game","player_choice":"AGREE","floor":3.0,"gold_loss":0.0,"damage_taken":0.0,"cards_obtained":["Doubt"]},{"damage_healed":0.0,"max_hp_gain":0.0,"max_hp_loss":0.0,"gold_gain":0.0,"event_name":"Golden Idol","player_choice":"Take Wound","floor":5.0,"gold_loss":0.0,"damage_taken":0.0,"relics_obtained":["Golden Idol"],"cards_obtained":["Injury"]},{"damage_healed":0.0,"max_hp_gain":0.0,"max_hp_loss":0.0,"gold_gain":0.0,"event_name":"World of Goop","player_choice":"Left Gold","floor":11.0,"gold_loss":24.0,"damage_taken":0.0},{"damage_healed":0.0,"max_hp_gain":0.0,"max_hp_loss":0.0,"gold_gain":0.0,"event_name":"Shining Light","player_choice":"Entered Light","floor":12.0,"gold_loss":0.0,"damage_taken":16.0,"cards_upgraded":["Shockwave","Ghostly Armor"]},{"damage_healed":0.0,"max_hp_gain":0.0,"max_hp_loss":0.0,"gold_gain":0.0,"event_name":"Drug Dealer","player_choice":"Obtain J.A.X.","floor":20.0,"gold_loss":0.0,"damage_taken":0.0,"cards_obtained":["J.A.X."]},{"damage_healed":0.0,"max_hp_gain":0.0,"max_hp_loss":0.0,"gold_gain":0.0,"event_name":"Knowing Skull","player_choice":"CARD CARD CARD CARD ","floor":22.0,"potions_obtained":[],"gold_loss":0.0,"damage_taken":40.0,"cards_obtained":["Blind","Blind","Jack Of All Trades","Trip"]},{"damage_healed":0.0,"max_hp_gain":0.0,"max_hp_loss":0.0,"gold_gain":0.0,"event_name":"Upgrade Shrine","player_choice":"Upgraded","floor":29.0,"gold_loss":0.0,"damage_taken":0.0,"cards_upgraded":["Violence"]},{"damage_healed":0.0,"max_hp_gain":0.0,"max_hp_loss":0.0,"gold_gain":0.0,"event_name":"SensoryStone","player_choice":"Memory 3","floor":36.0,"gold_loss":0.0,"damage_taken":10.0},{"damage_healed":0.0,"max_hp_gain":0.0,"max_hp_loss":0.0,"gold_gain":0.0,"event_name":"WeMeetAgain","player_choice":"Paid Gold","floor":37.0,"gold_loss":58.0,"damage_taken":0.0,"relics_obtained":["Ornamental Fan"]},{"damage_healed":0.0,"max_hp_gain":0.0,"max_hp_loss":0.0,"gold_gain":333.0,"event_name":"The Moai Head","player_choice":"Gave Idol","floor":41.0,"relics_lost":["Golden Idol"],"gold_loss":0.0,"damage_taken":0.0},{"damage_healed":0.0,"max_hp_gain":0.0,"max_hp_loss":0.0,"gold_gain":0.0,"event_name":"Tomb of Lord Red Mask","player_choice":"Ignored","floor":45.0,"gold_loss":0.0,"damage_taken":0.0}],"is_beta":true,"boss_relics":[{"not_picked":["Tiny House","Busted Crown"],"picked":"Empty Cage"},{"not_picked":["Runic Cube","Orrery"],"picked":"White Beast Statue"}],"items_purged_floors":[],"is_endless":false,"potions_floor_spawned":[1,2,10,14,18,24,35,38,39,44,47,48],"killed_by":"Time Eater","ascension_level":0}