{"gold_per_floor":[114,114,129,144,159,159,174,204,254,269,284,299,329,344,344,444,444,459,459,374,374,389,389,404,419,444,459,489,489,39,54,54,154,154,169,169,184,199,159,159,189,204,204,229,244,259,509,29,29,29],"floor_reached":51,"playtime":1575,"items_purged":[],"score":1342,"play_id":"fa48ebdf-286c-4a44-a970-b5ff58565ec1","local_time":"20180716022037","daily_mods":["Brewmaster","Cursed Run","Hoarder"],"is_ascension_mode":false,"campfire_choices":[{"data":"Backstab","floor":6,"key":"SMITH"},{"data":"Backstab","floor":15,"key":"SMITH"},{"floor":23,"key":"DIG"},{"floor":32,"key":"DIG"},{"floor":40,"key":"DIG"},{"floor":49,"key":"DIG"}],"neow_cost":"","seed_source_timestamp":597396391813484,"circlet_count":0,"master_deck":["Defend_G","Defend_G","Defend_G","Defend_G","Defend_G","Survivor","Neutralize","Venomology","Venomology","Venomology","Venomology","Venomology","Venomology","Venomology","Venomology","Venomology","Venomology","Venomology","Venomology","Venomology","Venomology","Venomology","Slice","Slice","Slice","Blur","Blur","Blur","Finisher","Finisher","Finisher","Backstab+1","Backstab","Backstab+1","Noxious Fumes","Noxious Fumes","Noxious Fumes","Predator","Predator","Predator","Shame","Shame","Shame","Slice","Slice","Slice","Prepared","Prepared","Prepared","Venomology","Venomology","Venomology","Riddle With Holes","Riddle With Holes","Riddle With Holes","Acrobatics","Acrobatics","Acrobatics","Pain","Pain","Pain","Tools of the Trade","Tools of the Trade","Tools of the Trade","Backstab","Backstab","Backstab","Calculated Gamble","Calculated Gamble","Calculated Gamble","Distraction","Distraction","Distraction","Deadly Poison+1","Deadly Poison+1","Deadly Poison+1","Terror","Terror","Terror","Regret","Regret","Regret","Prepared","Prepared","Prepared","Blur","Blur","Blur","Bite","Bite","Bite","Bite","Bite","Bite","Bite","Bite","Bite","Bite","Bite","Bite","Bite","Bite","Bite","Slice","Slice","Slice","Parasite","Parasite","Parasite","Phantasmal Killer","Phantasmal Killer","Phantasmal Killer","Dash","Dash","Dash","Jack Of All Trades","Jack Of All Trades","Jack Of All Trades","Flash of Steel","Flash of Steel","Flash of Steel","Finesse","Finesse","Finesse","Distraction","Distraction","Distraction","Flying Knee+1","Flying Knee+1","Flying Knee+1","Well Laid Plans+1","Well Laid Plans+1","Well Laid Plans+1","Dagger Throw+1","Dagger Throw+1","Dagger Throw+1","Decay","Decay","Decay","Writhe","Writhe","Writhe","Poisoned Stab+1","Poisoned Stab+1","Poisoned Stab+1","Deflect+1","Deflect+1","Deflect+1","Regret","Regret","Regret","Parasite","Parasite","Parasite"],"special_seed":17728,"relics":["Cursed Key","Darkstone Periapt","Du-Vu Doll","White Beast Statue","Dodecahedron","Potion Belt","Boot","Orichalcum","Black Star","Shovel","Gremlin Horn","Bag of Preparation","Art of War","Centennial Puzzle","Oddly Smooth Stone","Bottled Lightning","Membership Card","Matryoshka","Lizard Tail","Snake Skull","Blood Vial","Anchor","Vajra","Pen Nib","Happy Flower","Bronze Scales","Sling","Toxic Egg 2","Juzu Bracelet","Ornamental Fan"],"potions_floor_usage":[1,1,1,1,1,1,1,1,1,1,1,3,3,3,4,4,4,4,4,4,4,5,5,5,5,5,5,5,8,8,8,8,8,8,8,8,8,8,11,11,12,13,14,14,14,16,16,16,16,16,16,18,18,22,22,22,24,25,31,33,33,33,37,38,38,38,38,41,41,41,41,41,41,41,41,42,42,42,42,42,42,42,50,50,50,50],"damage_taken":[{"damage":9,"enemies":"Jaw Worm","floor":1,"turns":4},{"damage":0,"enemies":"2 Louse","floor":3,"turns":2},{"damage":0,"enemies":"Cultist","floor":4,"turns":2},{"damage":0,"enemies":"Blue Slaver","floor":5,"turns":3},{"damage":0,"enemies":"3 Louse","floor":7,"turns":1},{"damage":0,"enemies":"Lagavulin","floor":8,"turns":5},{"damage":0,"enemies":"2 Fungi Beasts","floor":10,"turns":1},{"damage":0,"enemies":"Blue Slaver","floor":11,"turns":1},{"damage":0,"enemies":"Looter","floor":12,"turns":1},{"damage":0,"enemies":"Gremlin Nob","floor":13,"turns":1},{"damage":0,"enemies":"Red Slaver","floor":14,"turns":1},{"damage":31,"enemies":"Hexaghost","floor":16,"turns":5},{"damage":0,"enemies":"Shell Parasite","floor":18,"turns":1},{"damage":4,"enemies":"3 Byrds","floor":22,"turns":3},{"damage":0,"enemies":"Centurion and Healer","floor":24,"turns":1},{"damage":6,"enemies":"Snake Plant","floor":25,"turns":1},{"damage":0,"enemies":"Sentry and Sphere","floor":27,"turns":1},{"damage":0,"enemies":"Slavers","floor":28,"turns":1},{"damage":0,"enemies":"3 Cultists","floor":31,"turns":2},{"damage":2,"enemies":"Collector","floor":33,"turns":2},{"damage":0,"enemies":"Orb Walker","floor":35,"turns":1},{"damage":0,"enemies":"Flame Bruiser 1 Orb","floor":37,"turns":1},{"damage":0,"enemies":"Maw","floor":38,"turns":2},{"damage":0,"enemies":"2 Orb Walkers","floor":41,"turns":1},{"damage":0,"enemies":"Transient","floor":42,"turns":5},{"damage":0,"enemies":"3 Darklings","floor":45,"turns":1},{"damage":0,"enemies":"Flame Bruiser 2 Orb","floor":46,"turns":1},{"damage":33,"enemies":"Awakened One","floor":50,"turns":4}],"seed_played":"-2205032152784244808","potions_obtained":[{"floor":1,"key":"AttackPotion"},{"floor":3,"key":"PowerPotion"},{"floor":4,"key":"Poison Potion"},{"floor":5,"key":"SteroidPotion"},{"floor":8,"key":"LiquidBronze"},{"floor":10,"key":"Energy Potion"},{"floor":11,"key":"Block Potion"},{"floor":12,"key":"AttackPotion"},{"floor":13,"key":"SkillPotion"},{"floor":14,"key":"AttackPotion"},{"floor":16,"key":"FearPotion"},{"floor":18,"key":"SteroidPotion"},{"floor":22,"key":"SpeedPotion"},{"floor":24,"key":"EssenceOfSteel"},{"floor":25,"key":"EssenceOfSteel"},{"floor":28,"key":"Poison Potion"},{"floor":31,"key":"Ancient Potion"},{"floor":33,"key":"Weak Potion"},{"floor":37,"key":"Fire Potion"},{"floor":38,"key":"Ancient Potion"},{"floor":39,"key":"EntropicBrew"},{"floor":39,"key":"Energy Potion"},{"floor":39,"key":"Weak Potion"},{"floor":41,"key":"SpeedPotion"},{"floor":42,"key":"PowerPotion"},{"floor":45,"key":"LiquidBronze"},{"floor":46,"key":"Weak Potion"}],"is_trial":false,"path_per_floor":["M","?","M","M","M","R","M","E","T","M","M","M","E","M","R","B",null,"M","?","?","?","M","R","M","M","T","M","E","?","$","M","R","B",null,"M","?","M","M","?","R","E","M","T","T","M","M","?","$","R","B"],"character_chosen":"THE_SILENT","items_purchased":["Bottled Lightning","Membership Card","Sling","Toxic Egg 2","Juzu Bracelet"],"campfire_rested":0,"item_purchase_floors":[30,30,48,48,48],"current_hp_per_floor":[61,58,58,63,63,63,63,63,69,69,69,69,69,69,69,44,82,82,82,82,82,78,78,78,72,78,78,78,61,61,61,61,67,67,67,57,57,59,59,59,59,67,73,79,79,79,85,85,85,64],"gold":29,"neow_bonus":"","is_prod":false,"is_daily":true,"chose_seed":false,"campfire_upgraded":2,"win_rate":0,"timestamp":1531722037,"path_taken":["M","?","M","M","M","R","M","E","T","M","M","M","E","M","R","BOSS","M","?","?","?","M","R","M","M","T","?","E","?","$","M","R","BOSS","M","?","M","M","?","R","E","M","T","?","M","?","?","?","R","BOSS"],"build_version":"2018-07-13","purchased_purges":0,"victory":true,"max_hp_per_floor":[70,70,70,70,70,70,70,70,76,76,76,76,76,76,76,82,82,82,82,82,82,82,82,82,82,88,88,88,61,61,61,61,67,67,67,67,67,67,67,67,67,67,73,79,79,79,85,85,85,91],"card_choices":[{"not_picked":["Flying Knee","Expertise"],"picked":"Slice","floor":1},{"not_picked":["Quick Slash","Footwork"],"picked":"Blur","floor":3},{"not_picked":["Footwork","Skewer"],"picked":"Finisher","floor":4},{"not_picked":["Prepared","Flying Knee"],"picked":"Backstab","floor":5},{"not_picked":["Prepared","Deadly Poison"],"picked":"Noxious Fumes","floor":7},{"not_picked":["Bouncing Flask","Terror"],"picked":"Predator","floor":8},{"not_picked":["Sucker Punch","Masterful Stab"],"picked":"Slice","floor":10},{"not_picked":["Eviscerate","Caltrops"],"picked":"Prepared","floor":11},{"not_picked":["Footwork","Blade Dance"],"picked":"Venomology","floor":12},{"not_picked":["Dagger Spray","Leg Sweep"],"picked":"Riddle With Holes","floor":13},{"not_picked":["Slice","Catalyst"],"picked":"Acrobatics","floor":14},{"not_picked":["A Thousand Cuts","Unload"],"picked":"Tools of the Trade","floor":16},{"not_picked":["Quick Slash","Noxious Fumes"],"picked":"Backstab","floor":18},{"not_picked":["Bane","Deadly Poison"],"picked":"Distraction","floor":22},{"not_picked":["PiercingWail","Endless Agony"],"picked":"Deadly Poison+1","floor":24},{"not_picked":["Footwork","Quick Slash"],"picked":"Terror","floor":25},{"not_picked":["Cloak And Dagger","Dagger Throw"],"picked":"Prepared","floor":27},{"not_picked":["Concentrate","Cloak And Dagger"],"picked":"Blur","floor":28},{"not_picked":["Underhanded Strike","Cloak And Dagger"],"picked":"Slice","floor":31},{"not_picked":["Envenom","Die Die Die"],"picked":"Phantasmal Killer","floor":33},{"not_picked":["Underhanded Strike","Dagger Spray+1"],"picked":"Dash","floor":35},{"not_picked":["Magnetism","Trip"],"picked":"Jack Of All Trades","floor":36},{"not_picked":["Chrysalis","Panacea"],"picked":"Flash of Steel","floor":36},{"not_picked":["The Bomb","Trip"],"picked":"Finesse","floor":36},{"not_picked":["Cloak And Dagger+1","Poisoned Stab+1"],"picked":"Distraction","floor":37},{"not_picked":["Dodge and Roll+1","Outmaneuver"],"picked":"Flying Knee+1","floor":38},{"not_picked":["Dash","Poisoned Stab"],"picked":"Well Laid Plans+1","floor":41},{"not_picked":["Outmaneuver+1","Dagger Spray+1"],"picked":"Dagger Throw+1","floor":42},{"not_picked":["Caltrops","Prepared"],"picked":"Poisoned Stab+1","floor":45},{"not_picked":["Catalyst+1","Poisoned Stab"],"picked":"Deflect+1","floor":46}],"player_experience":440548,"relics_obtained":[{"floor":8,"key":"Potion Belt"},{"floor":9,"key":"Boot"},{"floor":13,"key":"Orichalcum"},{"floor":23,"key":"Bag of Preparation"},{"floor":26,"key":"Art of War"},{"floor":28,"key":"Centennial Puzzle"},{"floor":28,"key":"Oddly Smooth Stone"},{"floor":32,"key":"Matryoshka"},{"floor":40,"key":"Snake Skull"},{"floor":41,"key":"Blood Vial"},{"floor":41,"key":"Anchor"},{"floor":43,"key":"Vajra"},{"floor":43,"key":"Pen Nib"},{"floor":44,"key":"Happy Flower"},{"floor":44,"key":"Bronze Scales"},{"floor":49,"key":"Ornamental Fan"}],"event_choices":[{"event_name":"Scrap Ooze","player_choice":"success","floor":2,"damage_taken":3},{"event_name":"Accursed Blacksmith","player_choice":"Rummage","floor":19,"damage_taken":0},{"event_name":"Addict","player_choice":"Obtained Relic","floor":20,"damage_taken":0},{"event_name":"The Library","player_choice":"Read","floor":21,"damage_taken":0},{"event_name":"Vampires","player_choice":"Became a vampire","floor":29,"damage_taken":0},{"event_name":"SensoryStone","player_choice":"Memory 3","floor":36,"damage_taken":0},{"event_name":"The Woman in Blue","player_choice":"Bought 3 Potions","floor":39,"damage_taken":0},{"event_name":"Golden Shrine","player_choice":"Desecrate","floor":47,"damage_taken":0}],"boss_relics":[{"not_picked":["Tiny House","Snecko Eye"],"picked":"Black Star"},{"not_picked":["Sozu","Velvet Choker"],"picked":"Lizard Tail"}],"items_purged_floors":[],"is_endless":false,"potions_floor_spawned":[1,3,4,5,7,8,10,11,12,13,14,16,18,22,24,25,27,28,31,33,35,37,38,41,42,45,46],"ascension_level":0}