{"gold_per_floor":[117,117,117,117,137,198,198,13,60,83,29,29,29,52,52,180,180,200,1,1,36,49,49,87,87,110,134,59,59,82,117,117,117],"floor_reached":33,"playtime":2513,"items_purged":[],"score":306,"play_id":"e88bf9af-c402-4e59-9e7b-1f000ef54d85","local_time":"20190704230404","is_ascension_mode":false,"campfire_choices":[{"floor":15,"key":"REST"},{"data":"Defragment","floor":23,"key":"SMITH"},{"floor":29,"key":"REST"},{"floor":32,"key":"REST"}],"neow_cost":"NONE","seed_source_timestamp":735117362992992,"circlet_count":0,"master_deck":["Strike_B","Strike_B+1","Strike_B+1","Strike_B","Defend_B","Defend_B","Defend_B","Defend_B","Zap","Dualcast","Defragment+1","Skim","Ball Lightning","Self Repair","FTL+1","Rip and Tear+1","Loop","Conserve Battery","FTL+1","Rainbow","Cold Snap+1","Darkness","Ball Lightning+1","Conserve Battery","Necronomicurse","Consume","Compile Driver+1","Echo Form"],"relics":["Cracked Core","Golden Idol","Darkstone Periapt","Tiny Chest","Molten Egg 2","Oddly Smooth Stone","Pen Nib","Philosopher\u0027s Stone","PreservedInsect","Lantern","Red Mask","Pear","Necronomicon","Blood Vial","Anchor"],"potions_floor_usage":[24,30,31,31],"damage_taken":[{"damage":2,"enemies":"2 Louse","floor":1,"turns":3},{"damage":6,"enemies":"Jaw Worm","floor":5,"turns":4},{"damage":34,"enemies":"3 Sentries","floor":6,"turns":8},{"damage":0,"enemies":"Cultist","floor":10,"turns":2},{"damage":1,"enemies":"2 Fungi Beasts","floor":14,"turns":3},{"damage":11,"enemies":"Slime Boss","floor":16,"turns":7},{"damage":30,"enemies":"3 Byrds","floor":18,"turns":5},{"damage":5,"enemies":"Masked Bandits","floor":21,"turns":4},{"damage":6,"enemies":"Shell Parasite","floor":22,"turns":3},{"damage":27,"enemies":"Slavers","floor":24,"turns":4},{"damage":20,"enemies":"Shelled Parasite and Fungi","floor":27,"turns":4},{"damage":30,"enemies":"3 Cultists","floor":30,"turns":6},{"damage":9,"enemies":"Gremlin Leader","floor":31,"turns":3},{"damage":62,"enemies":"Automaton","floor":33,"turns":6}],"seed_played":"-2100987642418216399","potions_obtained":[{"floor":1,"key":"Explosive Potion"},{"floor":14,"key":"Strength Potion"},{"floor":21,"key":"Poison Potion"},{"floor":24,"key":"Strength Potion"}],"is_trial":false,"path_per_floor":["M","?","?","?","M","E","T","$","T","M","$","?","$","M","R","B",null,"M","$","T","?","M","R","E","?","T","M","?","R","M","E","R","B"],"character_chosen":"DEFECT","items_purchased":["Self Repair","FTL+1","Rip and Tear+1","Conserve Battery","PreservedInsect","Cold Snap+1"],"campfire_rested":3,"item_purchase_floors":[8,8,8,11,19,19],"current_hp_per_floor":[80,64,64,52,46,12,12,12,12,19,19,19,19,25,47,36,76,53,53,53,55,56,56,46,36,36,18,18,45,24,24,51,0],"gold":117,"neow_bonus":"TEN_PERCENT_HP_BONUS","is_prod":false,"is_daily":false,"chose_seed":false,"campfire_upgraded":1,"win_rate":0.0,"timestamp":1562295844,"path_taken":["M","?","?","?","M","E","?","$","T","?","$","?","?","M","R","BOSS","M","$","?","?","M","R","E","?","T","M","?","R","M","E","R","BOSS"],"build_version":"2019-07-01","purchased_purges":0,"victory":false,"max_hp_per_floor":[82,82,76,76,76,76,76,76,76,76,76,76,76,76,76,76,76,76,76,76,76,76,76,86,92,92,92,92,92,92,92,92,92],"card_choices":[{"not_picked":["Rebound","Redo"],"picked":"Defragment","floor":1},{"not_picked":["Force Field","Hello World"],"picked":"Skim","floor":5},{"not_picked":["Beam Cell","Lockon"],"picked":"Ball Lightning","floor":6},{"not_picked":["Hologram","Redo"],"picked":"Loop","floor":10},{"not_picked":["Barrage+1","Streamline+1"],"picked":"FTL+1","floor":14},{"not_picked":["Multi-Cast","Thunder Strike+1"],"picked":"Rainbow","floor":16},{"not_picked":["Aggregate+1","Sweeping Beam+1"],"picked":"Scrape+1","floor":18},{"not_picked":["Streamline+1","Undo"],"picked":"Darkness","floor":21},{"not_picked":["Redo","Hologram"],"picked":"Ball Lightning+1","floor":22},{"not_picked":["Beam Cell+1","Gash+1"],"picked":"Conserve Battery","floor":24},{"not_picked":["Leap","Redo"],"picked":"Consume","floor":27},{"not_picked":["Rebound+1","Steam+1"],"picked":"Compile Driver+1","floor":30},{"not_picked":["Steam","Self Repair"],"picked":"Echo Form","floor":31}],"player_experience":35517,"relics_obtained":[{"floor":6,"key":"Tiny Chest"},{"floor":7,"key":"Molten Egg 2"},{"floor":9,"key":"Oddly Smooth Stone"},{"floor":20,"key":"Lantern"},{"floor":21,"key":"Red Mask"},{"floor":24,"key":"Pear"},{"floor":25,"key":"Necronomicon"},{"floor":26,"key":"Blood Vial"},{"floor":31,"key":"Anchor"}],"event_choices":[{"damage_healed":0,"gold_gain":0,"player_choice":"Entered Light","damage_taken":16,"max_hp_gain":0,"max_hp_loss":0,"event_name":"Shining Light","floor":2,"gold_loss":0,"cards_upgraded":["Strike_B","Strike_B"]},{"damage_healed":0,"gold_gain":0,"player_choice":"Lose Max HP","damage_taken":0,"relics_obtained":["Golden Idol"],"max_hp_gain":0,"max_hp_loss":6,"event_name":"Golden Idol","floor":3,"gold_loss":0},{"damage_healed":0,"gold_gain":0,"player_choice":"Success","damage_taken":12,"relics_obtained":["Darkstone Periapt"],"max_hp_gain":0,"max_hp_loss":0,"event_name":"Scrap Ooze","floor":4,"gold_loss":0},{"damage_healed":0,"gold_gain":0,"player_choice":"Searched \u00272\u0027 times","damage_taken":0,"relics_obtained":["Pen Nib"],"max_hp_gain":0,"max_hp_loss":0,"event_name":"Dead Adventurer","floor":12,"gold_loss":0},{"damage_healed":0,"gold_gain":0,"player_choice":"Fought Bandits","damage_taken":0,"max_hp_gain":0,"max_hp_loss":0,"event_name":"Masked Bandits","floor":21,"gold_loss":0},{"damage_healed":0,"gold_gain":0,"player_choice":"Obtained Book","damage_taken":16,"max_hp_gain":0,"max_hp_loss":0,"event_name":"Cursed Tome","floor":25,"gold_loss":0},{"cards_removed":["Scrape"],"damage_healed":0,"gold_gain":0,"player_choice":"Gave Gold","damage_taken":0,"max_hp_gain":0,"max_hp_loss":0,"event_name":"Beggar","floor":28,"gold_loss":75}],"is_beta":false,"boss_relics":[{"not_picked":["Coffee Dripper","Busted Crown"],"picked":"Philosopher\u0027s Stone"}],"items_purged_floors":[],"is_endless":false,"potions_floor_spawned":[1,14,21,24,27],"killed_by":"Automaton","ascension_level":0}