{"path_per_floor":["M","?","?","?","T","R","?","M","T","M","M","M","M","M","R"],"character_chosen":"THE_SILENT","items_purchased":[],"gold_per_floor":[144,144,144,217,242,242,242,287,337,382,427,472,517,562,562,562],"floor_reached":16,"campfire_rested":2,"playtime":1218,"current_hp_per_floor":[70,63,68,68,68,75,75,72,72,49,49,40,40,32,54,0],"items_purged":[],"gold":562,"score":144,"play_id":"8f40c63a-2cab-4fdf-95e1-194b4521cc37","local_time":"20180329194750","daily_mods":["Diverse","Midas","Insanity"],"is_prod":false,"is_daily":true,"is_ascension_mode":false,"campfire_upgraded":0,"timestamp":1522367270,"path_taken":["M","?","?","?","?","R","?","M","T","M","M","M","M","M","R","BOSS"],"build_version":"2018-03-22v2","purchased_purges":0,"victory":false,"master_deck":["Adrenaline","Accuracy","Eviscerate","Calculated Gamble","Masterful Stab","Crippling Poison","Catalyst","Doppelganger","Terror","Tactician","Doppelganger","Blade Dance","After Image","Catalyst","Deflect","Well Laid Plans","Burst","Venomology","Tools of the Trade","Envenom","After Image","Tactician","Bane","Sucker Punch","Phantasmal Killer","Predator","Catalyst+1","A Thousand Cuts","Quick Slash","Escape Plan","Infinite Blades","Outmaneuver","After Image","Backflip","Night Terror","Outmaneuver","Flying Knee","Reflex","Dagger Spray","Flying Knee","Survivor+1","Heel Hook","Expertise","Crippling Poison","Adrenaline","Phantasmal Killer","Survivor","Dagger Throw","Dagger Throw","Uppercut","Pummel","Endless Agony","Tactician","Masterful Stab","Infinite Blades","Blade Dance"],"max_hp_per_floor":[70,70,75,75,75,75,75,75,75,75,75,75,75,75,75,75],"relics":["Ring of the Snake","Dodecahedron","Oddly Smooth Stone","War Paint"],"card_choices":[{"not_picked":["Catalyst","Reflex"],"picked":"Tactician","floor":11},{"not_picked":["Poisoned Stab","PiercingWail"],"picked":"Masterful Stab","floor":12},{"not_picked":["Reflex","Outmaneuver"],"picked":"Infinite Blades","floor":13},{"not_picked":["Masterful Stab","Slice"],"picked":"Blade Dance","floor":14}],"player_experience":558229,"potions_floor_usage":[8,11,14,16,16],"damage_taken":[{"damage":0,"enemies":"Cultist","floor":1,"turns":3},{"damage":3,"enemies":"2 Louse","floor":8,"turns":5},{"damage":23,"enemies":"Small Slimes","floor":10,"turns":4},{"damage":0,"enemies":"Exordium Wildlife","floor":11,"turns":3},{"damage":9,"enemies":"Blue Slaver","floor":12,"turns":4},{"damage":0,"enemies":"Looter","floor":13,"turns":2},{"damage":8,"enemies":"2 Fungi Beasts","floor":14,"turns":3},{"damage":70,"enemies":"The Guardian","floor":16,"turns":10}],"event_choices":[{"event_name":"Scrap Ooze","player_choice":"success","floor":2,"damage_taken":7},{"event_name":"Big Fish","player_choice":"Donut","floor":3,"damage_taken":0},{"event_name":"Golden Wing","player_choice":"Gained Gold","floor":4,"damage_taken":0},{"event_name":"Transmorgrifier","player_choice":"Transform","floor":7,"damage_taken":0}],"boss_relics":[],"potions_floor_spawned":[10,12,14],"seed_played":"-5446097650958542841","killed_by":"The Guardian","ascension_level":0,"is_trial":false}