{"path_per_floor":["M","M","?","M","$","R","?","R","T","M","?","M","M","E","R","B",null,"M","$","M","?","M","M","R","M","T","?","M"],"character_chosen":"IRONCLAD","items_purchased":["Mind Blast","Bronze Scales","Master of Strategy","Feel No Pain"],"gold_per_floor":[113,126,126,146,45,45,73,73,124,144,209,224,244,271,271,374,374,391,30,41,41,57,74,74,89,89,89,103],"floor_reached":29,"campfire_rested":2,"playtime":978,"current_hp_per_floor":[80,80,77,80,80,80,64,80,80,80,80,80,80,78,78,64,80,80,80,78,63,38,36,61,25,25,25,8],"items_purged":[],"gold":103,"score":229,"play_id":"502afa37-2737-47cd-84f8-b7a120059a51","local_time":"20180316191935","is_prod":false,"is_daily":false,"is_ascension_mode":false,"campfire_upgraded":2,"timestamp":1521242375,"path_taken":["M","M","?","M","$","R","?","R","T","M","?","M","?","E","R","BOSS","M","$","M","?","M","M","R","M","T","?","M","?"],"build_version":"2018-03-15v2","purchased_purges":0,"victory":false,"master_deck":["Strike_R","Strike_R","Strike_R","Strike_R","Strike_R","Defend_R","Defend_R","Defend_R","Defend_R","Bash","Thunderclap","Clash","Perfected Strike","Mind Blast+1","Clash","Offering+1","Intimidate","Havoc","Inflame","True Grit","Dark Embrace","Thunderclap","Master of Strategy","Feel No Pain","Rampage","Carnage","Spot Weakness","Inflame","Thunderclap+1","Searing Blow","Clothesline","Heavy Blade+1"],"max_hp_per_floor":[80,80,80,80,80,80,80,80,80,80,80,80,80,80,80,80,80,80,80,80,85,85,85,85,85,85,85,85],"relics":["Burning Blood","Dream Catcher","Odd Mushroom","Vajra","Smiling Mask","Philosopher\u0027s Stone","Bronze Scales","Shovel"],"card_choices":[{"not_picked":["Searing Blow","Iron Wave"],"picked":"Thunderclap"},{"not_picked":["Havoc","Iron Wave"],"picked":"Clash"},{"not_picked":["Warcry","Heavy Blade"],"picked":"Perfected Strike"},{"not_picked":["Feel No Pain","Hemokinesis"],"picked":"Clash"},{"not_picked":["Disarm","Warcry"],"picked":"Offering"},{"not_picked":["Armaments","Anger"],"picked":"Intimidate"},{"not_picked":["Hemokinesis","Headbutt"],"picked":"Havoc"},{"not_picked":["Sword Boomerang","Power Through"],"picked":"Inflame"},{"not_picked":["Evolve","Entrench"],"picked":"True Grit"},{"not_picked":["Fiend Fire","Limit Break"],"picked":"Dark Embrace"},{"not_picked":["Wild Strike","Heavy Blade"],"picked":"Thunderclap"},{"not_picked":["Feel No Pain","Pommel Strike"],"picked":"Rampage"},{"not_picked":["Searing Blow","Pommel Strike"],"picked":"Carnage"},{"not_picked":["Warcry","Body Slam"],"picked":"Spot Weakness"},{"not_picked":["Havoc","Uppercut"],"picked":"Inflame"},{"not_picked":["Iron Wave","Headbutt"],"picked":"Thunderclap"},{"not_picked":["Ghostly Armor","Evolve"],"picked":"Heavy Blade"}],"player_experience":462663,"potions_floor_usage":[14,16,20,20,23,23],"damage_taken":[{"damage":1,"enemies":"2 Louse","floor":1,"turns":3},{"damage":1,"enemies":"Cultist","floor":2,"turns":4},{"damage":1,"enemies":"Jaw Worm","floor":4,"turns":2},{"damage":22,"enemies":"The Mushroom Lair","floor":7,"turns":4},{"damage":0,"enemies":"3 Louse","floor":10,"turns":1},{"damage":0,"enemies":"Large Slime","floor":12,"turns":3},{"damage":0,"enemies":"Looter","floor":13,"turns":1},{"damage":8,"enemies":"Gremlin Nob","floor":14,"turns":3},{"damage":20,"enemies":"Hexaghost","floor":16,"turns":7},{"damage":0,"enemies":"Spheric Guardian","floor":18,"turns":1},{"damage":8,"enemies":"2 Thieves","floor":20,"turns":3},{"damage":31,"enemies":"Snake Plant","floor":22,"turns":2},{"damage":8,"enemies":"3 Cultists","floor":23,"turns":3},{"damage":42,"enemies":"Centurion and Healer","floor":25,"turns":4},{"damage":23,"enemies":"Slaver and Parasite","floor":28,"turns":3},{"damage":11,"enemies":"Snake Plant","floor":29,"turns":2}],"event_choices":[{"event_name":"Scrap Ooze","player_choice":"success","floor":3,"damage_taken":3},{"event_name":"Mushrooms","player_choice":"Fought Mushrooms","floor":7,"damage_taken":0},{"event_name":"Golden Wing","player_choice":"Gained Gold","floor":11,"damage_taken":0},{"event_name":"Forgotten Altar","player_choice":"Shed Blood","floor":21,"damage_taken":0},{"event_name":"Match and Keep!","player_choice":"2 cards matched","floor":27,"damage_taken":0}],"boss_relics":[{"not_picked":["Velvet Choker","Snecko Eye"],"picked":"Philosopher\u0027s Stone"}],"potions_floor_spawned":[2,13,14,16,18,22],"seed_played":"4592259117578289826","killed_by":"Snake Plant","ascension_level":0,"is_trial":false}