{"gold_per_floor":[119,138,157,171,188,188,204,216,216,226,226,226],"floor_reached":12,"playtime":551,"items_purged":[],"score":148,"play_id":"87ecd760-faf9-4f26-af50-3e1a127b7f0a","local_time":"20190614231215","is_ascension_mode":true,"campfire_choices":[{"data":"Footwork","floor":6,"key":"SMITH"},{"data":"Footwork","floor":11,"key":"SMITH"}],"neow_cost":"NONE","seed_source_timestamp":178006997298987,"circlet_count":0,"master_deck":["AscendersBane","Defend_G","Defend_G","Defend_G","Defend_G","Defend_G","Strike_G","Strike_G","Strike_G","Strike_G","Strike_G","Survivor","Neutralize","Tools of the Trade","Blade Dance","Blade Dance","Footwork+1","After Image","Footwork+1","Terror"],"relics":["Ring of the Snake","Dodecahedron"],"potions_floor_usage":[7,12],"damage_taken":[{"damage":0,"enemies":"Cultist","floor":1,"turns":4},{"damage":1,"enemies":"2 Louse","floor":2,"turns":4},{"damage":1,"enemies":"Jaw Worm","floor":3,"turns":5},{"damage":5,"enemies":"Looter","floor":4,"turns":4},{"damage":0,"enemies":"2 Fungi Beasts","floor":5,"turns":5},{"damage":0,"enemies":"Lots of Slimes","floor":7,"turns":2},{"damage":15,"enemies":"3 Louse","floor":8,"turns":5},{"damage":0,"enemies":"Large Slime","floor":10,"turns":7},{"damage":44,"enemies":"Gremlin Nob","floor":12,"turns":4}],"seed_played":"-6654829198188797857","potions_obtained":[{"floor":2,"key":"AttackPotion"},{"floor":3,"key":"SneckoOil"},{"floor":5,"key":"Explosive Potion"}],"is_trial":false,"path_per_floor":["M","M","M","M","M","R","M","M","T","M","R","E"],"character_chosen":"THE_SILENT","items_purchased":[],"campfire_rested":0,"item_purchase_floors":[],"current_hp_per_floor":[59,58,57,52,52,52,52,37,37,37,37,0],"gold":226,"neow_bonus":"ONE_RANDOM_RARE_CARD","is_prod":false,"is_daily":false,"chose_seed":false,"campfire_upgraded":2,"win_rate":0,"timestamp":1560546735,"path_taken":["M","M","M","?","?","R","M","?","T","M","R","E"],"build_version":"2019-01-23","purchased_purges":0,"victory":false,"max_hp_per_floor":[66,66,66,66,66,66,66,66,66,66,66,66],"card_choices":[{"not_picked":["Outmaneuver","Acrobatics"],"picked":"Blade Dance","floor":1},{"not_picked":["Tactician","Slice"],"picked":"Blade Dance","floor":2},{"not_picked":["PiercingWail","Sucker Punch"],"picked":"Footwork","floor":3},{"not_picked":["Masterful Stab","Underhanded Strike"],"picked":"After Image","floor":4},{"not_picked":["PiercingWail","Dagger Spray"],"picked":"Footwork","floor":5},{"not_picked":["Choke","Underhanded Strike","Eviscerate"],"picked":"SKIP","floor":7},{"not_picked":["Outmaneuver","Dagger Spray"],"picked":"Terror","floor":8},{"not_picked":["Distraction","Acrobatics","Poisoned Stab"],"picked":"SKIP","floor":10}],"player_experience":599597,"relics_obtained":[{"floor":9,"key":"Dodecahedron"}],"event_choices":[],"is_beta":false,"boss_relics":[],"items_purged_floors":[],"is_endless":false,"potions_floor_spawned":[2,3,5],"killed_by":"Gremlin Nob","ascension_level":19}