{"path_per_floor":["M","?","M","?","M","R","E","M","T","?","M","R","$","M","R","B",null,"M","?","M","$","?","R","?","R","T","M","M","?","T","M","R","B",null,"M","?","$","M","M","R","M","M","T","?","M","R","$","M","R"],"character_chosen":"DEFECT","items_purchased":["Sunder","Bandage Up","Consume","Melter","Bandage Up","Regal Pillow","Ornamental Fan"],"gold_per_floor":[113,113,124,94,107,107,139,150,150,150,170,170,2,14,14,117,117,135,135,154,2,0,0,250,250,250,268,284,284,308,323,323,424,424,443,497,5,25,41,41,51,63,63,0,14,14,14,29,29,29],"floor_reached":50,"campfire_rested":2,"playtime":3385,"current_hp_per_floor":[68,68,62,62,62,62,71,71,71,76,76,76,76,67,67,9,80,61,45,51,51,51,75,75,75,75,46,77,77,77,32,56,38,80,80,38,38,72,80,80,33,63,63,63,74,74,74,80,80,0],"items_purged":[],"gold":29,"score":471,"play_id":"4b743f32-4991-44a1-9df9-e00c3cd1a0d2","local_time":"20180506232912","is_prod":false,"is_daily":false,"chose_seed":false,"is_ascension_mode":false,"campfire_upgraded":7,"timestamp":1525663752,"path_taken":["M","?","?","?","M","R","E","M","T","?","?","R","$","M","R","BOSS","M","?","?","$","?","R","?","R","T","M","M","?","?","M","R","BOSS","M","?","$","?","M","R","M","M","T","?","M","R","?","M","R","BOSS"],"build_version":"2018-05-03","seed_source_timestamp":1831617464902103,"purchased_purges":0,"victory":false,"master_deck":["Defend_B","Defend_B","Defend_B","Defend_B","Zap","Dualcast","Loop+1","Auto Shields+1","Buffer+1","Streamline+1","Sunder+1","Sunder+1","Bandage Up+1","Echo Form+1","Streamline+1","Turbo+1","Amplify+1","Self Repair+1","Consume+1","Melter+1","Buffer+1","Rainbow","Thunder Strike+1","Melter+1","Sunder+1","Bandage Up+1","Storm+1","Amplify+1","BootSequence"],"max_hp_per_floor":[75,75,75,75,75,75,75,75,75,80,80,80,80,80,80,80,80,80,80,80,80,80,80,80,80,80,80,80,80,80,80,80,80,80,80,80,80,80,80,80,80,80,80,80,80,80,80,80,80,80],"relics":["Cracked Core","Molten Egg 2","Frozen Egg 2","Astrolabe","Nilry\u0027s Codex","Ginger","Lantern","White Beast Statue","Bird Faced Urn","Regal Pillow","Ornamental Fan","Darkstone Periapt","Red Mask"],"card_choices":[{"not_picked":["Conserve Battery","Turbo"],"picked":"Auto Shields","floor":3},{"not_picked":["Rebound","Skim"],"picked":"Buffer","floor":5},{"not_picked":["Steam Power","Multi-Cast"],"picked":"Streamline","floor":7},{"not_picked":["Streamline","Coolheaded"],"picked":"Sunder","floor":8},{"not_picked":["Thunder Strike","Redo"],"picked":"Echo Form","floor":16},{"not_picked":["Capacitor","Coolheaded"],"picked":"Self Repair","floor":18},{"not_picked":["Conserve Battery","Turbo"],"picked":"Buffer","floor":27},{"not_picked":["Cold Snap","Hologram"],"picked":"Rainbow","floor":31},{"not_picked":["Fusion","All For One"],"picked":"Thunder Strike","floor":33},{"not_picked":["Cold Snap","Hologram"],"picked":"Melter","floor":35},{"not_picked":["Scrape","Hologram"],"picked":"Sunder","floor":36},{"not_picked":["Leap","Darkness"],"picked":"Storm","floor":39},{"not_picked":["Skim","Chill"],"picked":"Amplify","floor":41},{"not_picked":["Beam Cell","Sweeping Beam"],"picked":"BootSequence","floor":48}],"player_experience":159876,"potions_floor_usage":[7,7,11,14,14,18,31,35,35,36,38,39,42,42,45,48,50],"damage_taken":[{"damage":7,"enemies":"Small Slimes","floor":1,"turns":3},{"damage":6,"enemies":"Jaw Worm","floor":3,"turns":4},{"damage":0,"enemies":"Cultist","floor":5,"turns":4},{"damage":6,"enemies":"3 Sentries","floor":7,"turns":9},{"damage":0,"enemies":"3 Louse","floor":8,"turns":2},{"damage":0,"enemies":"Lots of Slimes","floor":11,"turns":4},{"damage":13,"enemies":"Exordium Thugs","floor":14,"turns":3},{"damage":64,"enemies":"Hexaghost","floor":16,"turns":12},{"damage":25,"enemies":"Shell Parasite","floor":18,"turns":6},{"damage":0,"enemies":"Spheric Guardian","floor":20,"turns":4},{"damage":35,"enemies":"Centurion and Healer","floor":27,"turns":6},{"damage":1,"enemies":"Snecko","floor":28,"turns":6},{"damage":71,"enemies":"Chosen and Byrds","floor":31,"turns":8},{"damage":44,"enemies":"Champ","floor":33,"turns":11},{"damage":15,"enemies":"3 Darklings","floor":35,"turns":9},{"damage":58,"enemies":"Mysterious Sphere","floor":36,"turns":8},{"damage":22,"enemies":"Orb Walker","floor":38,"turns":6},{"damage":3,"enemies":"4 Shapes","floor":39,"turns":5},{"damage":75,"enemies":"Spire Growth","floor":41,"turns":7},{"damage":0,"enemies":"Flame Bruiser 2 Orb","floor":42,"turns":7},{"damage":27,"enemies":"3 Darklings","floor":45,"turns":5},{"damage":33,"enemies":"Maw","floor":48,"turns":9},{"damage":152,"enemies":"Awakened One","floor":50,"turns":7}],"event_choices":[{"event_name":"Living Wall","player_choice":"Change","floor":2,"damage_taken":0},{"event_name":"The Woman in Blue","player_choice":"Bought 2 Potions","floor":4,"damage_taken":0},{"event_name":"Big Fish","player_choice":"Donut","floor":10,"damage_taken":0},{"event_name":"Cursed Tome","player_choice":"Obtained Book","floor":19,"damage_taken":0},{"event_name":"Masked Bandits","player_choice":"Paid Bandits 2 gold","floor":22,"damage_taken":0},{"event_name":"Golden Shrine","player_choice":"Desecrate","floor":24,"damage_taken":0},{"event_name":"Back to Basics","player_choice":"Elegance","floor":29,"damage_taken":0},{"event_name":"Mysterious Sphere","player_choice":"Fight","floor":36,"damage_taken":0},{"event_name":"Tomb of Lord Red Mask","player_choice":"Paid","floor":44,"damage_taken":0}],"boss_relics":[{"not_picked":["Philosopher\u0027s Stone","Velvet Choker"],"picked":"Astrolabe"},{"not_picked":["Sozu","Runic Dome"],"picked":"White Beast Statue"}],"potions_floor_spawned":[3,7,11,16,27,31,33,35,36,38,39,41,42,45,48],"seed_played":"3396299257035699261","killed_by":"Awakened One","ascension_level":0,"is_trial":false}