{"gold_per_floor":[114,114,126,138,138,138,158,158,204,220,220,230,81,91,91,91],"floor_reached":16,"playtime":570,"items_purged":[],"score":108,"play_id":"1293a58a-9fca-449a-b6b6-e5507c521468","local_time":"20180629025203","is_ascension_mode":true,"campfire_choices":[{"data":"Rupture","floor":6,"key":"SMITH"},{"data":"Reaper","floor":8,"key":"SMITH"},{"data":"Flame Barrier","floor":11,"key":"SMITH"},{"data":"Bludgeon","floor":15,"key":"SMITH"}],"neow_cost":"TEN_PERCENT_HP_LOSS","seed_source_timestamp":131125850392927,"circlet_count":0,"master_deck":["Strike_R","Strike_R","Strike_R","Strike_R","Defend_R","Defend_R","Defend_R","Defend_R","Bash","Flame Barrier","Reaper+1","Iron Wave","Rupture+1","Anger","Flame Barrier+1","Bludgeon+1","Barricade"],"relics":["Burning Blood","Turnip","Singing Bowl"],"potions_floor_usage":[7,12,12,16],"damage_taken":[{"damage":13,"enemies":"Jaw Worm","floor":1,"turns":5},{"damage":0,"enemies":"Cultist","floor":3,"turns":5},{"damage":8,"enemies":"2 Louse","floor":4,"turns":3},{"damage":0,"enemies":"Blue Slaver","floor":7,"turns":5},{"damage":0,"enemies":"Exordium Wildlife","floor":10,"turns":3},{"damage":4,"enemies":"Exordium Thugs","floor":12,"turns":7},{"damage":22,"enemies":"Lots of Slimes","floor":14,"turns":5},{"damage":89,"enemies":"Hexaghost","floor":16,"turns":12}],"seed_played":"3789277441772408887","potions_obtained":[{"floor":4,"key":"EssenceOfSteel"},{"floor":7,"key":"Weak Potion"},{"floor":10,"key":"SpeedPotion"},{"floor":12,"key":"Regen Potion"}],"is_trial":false,"path_per_floor":["M","?","M","M","?","R","M","R","T","M","R","M","$","M","R"],"character_chosen":"IRONCLAD","items_purchased":["Bludgeon"],"campfire_rested":0,"item_purchase_floors":[13],"current_hp_per_floor":[65,65,71,70,75,75,77,77,77,77,77,79,79,69,69,0],"gold":91,"neow_bonus":"ONE_RARE_RELIC","is_prod":false,"is_daily":false,"chose_seed":false,"campfire_upgraded":4,"win_rate":0,"timestamp":1530255123,"path_taken":["M","?","M","M","?","R","?","R","T","M","R","M","$","M","R","BOSS"],"build_version":"2018-06-28","purchased_purges":0,"victory":false,"max_hp_per_floor":[72,72,72,72,77,77,77,77,77,77,77,79,79,79,79,79],"card_choices":[{"not_picked":["Warcry","Wild Strike"],"picked":"Flame Barrier","floor":1},{"not_picked":["Fire Breathing","Thunderclap"],"picked":"Iron Wave","floor":3},{"not_picked":["Burning Pact","Havoc"],"picked":"Rupture","floor":4},{"not_picked":["Armaments","Clothesline"],"picked":"Anger","floor":7},{"not_picked":["Clothesline","Burning Pact"],"picked":"Flame Barrier","floor":10},{"not_picked":["Perfected Strike","Twin Strike","Clash"],"picked":"Singing Bowl","floor":12},{"not_picked":["Seeing Red","Shrug It Off"],"picked":"Barricade","floor":14}],"player_experience":355360,"relics_obtained":[{"floor":9,"key":"Singing Bowl"}],"event_choices":[{"event_name":"Transmorgrifier","player_choice":"Transform","floor":2,"damage_taken":0},{"event_name":"Big Fish","player_choice":"Donut","floor":5,"damage_taken":0}],"boss_relics":[],"items_purged_floors":[],"is_endless":false,"potions_floor_spawned":[4,7,10,12],"killed_by":"Hexaghost","ascension_level":3}