{"path_per_floor":["M","?","M","?","?","R","M","$","T","M","?","M","M","M","R"],"character_chosen":"IRONCLAD","items_purchased":["Combust","Paper Frog","Blood for Blood"],"gold_per_floor":[360,360,373,373,373,373,387,14,14,29,29,47,72,96,96,96],"floor_reached":16,"campfire_rested":1,"playtime":702,"current_hp_per_floor":[76,69,77,77,57,57,65,65,65,71,76,77,75,67,85,0],"items_purged":[],"gold":96,"score":94,"play_id":"4a0942e5-cef1-4dc7-a369-805c76681626","local_time":"20180503065250","is_prod":false,"is_daily":false,"chose_seed":false,"is_ascension_mode":false,"campfire_upgraded":1,"timestamp":1525344770,"path_taken":["M","?","?","?","?","R","M","$","T","M","?","?","M","?","R","BOSS"],"build_version":"2018-05-02","seed_source_timestamp":1515339045524431,"purchased_purges":0,"victory":false,"master_deck":["Strike_R","Strike_R","Strike_R","Strike_R","Strike_R","Defend_R","Defend_R","Defend_R","Defend_R","Bash","Normality","Bloodletting","Rage+1","Heavy Blade","Combust","Blood for Blood","Rampage","Fire Breathing"],"max_hp_per_floor":[80,80,80,80,80,80,80,80,80,80,85,85,85,85,85,85],"relics":["Burning Blood","Blood Vial","Golden Idol","Paper Frog","Dodecahedron"],"card_choices":[{"not_picked":["Warcry","True Grit"],"picked":"Bloodletting","floor":1},{"not_picked":["Perfected Strike","Headbutt"],"picked":"Rage","floor":3},{"not_picked":["Armaments","True Grit"],"picked":"Heavy Blade","floor":7},{"not_picked":["True Grit","Seeing Red"],"picked":"Rampage","floor":10},{"not_picked":["Clothesline","Clash"],"picked":"Fire Breathing","floor":14}],"player_experience":134588,"potions_floor_usage":[10,13,13,16],"damage_taken":[{"damage":10,"enemies":"Jaw Worm","floor":1,"turns":6},{"damage":0,"enemies":"2 Louse","floor":3,"turns":3},{"damage":0,"enemies":"Cultist","floor":7,"turns":4},{"damage":2,"enemies":"3 Louse","floor":10,"turns":4},{"damage":7,"enemies":"2 Fungi Beasts","floor":12,"turns":4},{"damage":10,"enemies":"Looter","floor":13,"turns":2},{"damage":16,"enemies":"Exordium Wildlife","floor":14,"turns":4},{"damage":89,"enemies":"Hexaghost","floor":16,"turns":9}],"event_choices":[{"event_name":"Scrap Ooze","player_choice":"success","floor":2,"damage_taken":7},{"event_name":"The Cleric","player_choice":"Leave","floor":4,"damage_taken":0},{"event_name":"Golden Idol","player_choice":"Take Damage","floor":5,"damage_taken":0},{"event_name":"Big Fish","player_choice":"Donut","floor":11,"damage_taken":0}],"boss_relics":[],"potions_floor_spawned":[1,10,12,14],"seed_played":"7788526210158861101","killed_by":"Hexaghost","ascension_level":0,"is_trial":false}