{"path_per_floor":["M","?","M","M","$","E","M","R","T","M","R","E","M","M","R","B",null,"M","$","M","M","M","R","M","?","T","R","T","R","$","M","R"],"character_chosen":"THE_SILENT","items_purchased":["Skewer","Girya","Footwork","Predator"],"gold_per_floor":[114,114,129,144,109,139,184,184,209,224,224,254,269,284,284,384,384,399,23,38,53,68,68,83,83,83,83,83,83,49,64,64],"floor_reached":33,"campfire_rested":3,"playtime":1528,"current_hp_per_floor":[70,63,63,63,63,45,45,66,66,53,70,63,63,63,63,49,70,67,67,67,62,47,68,66,66,66,66,73,73,73,74,74],"items_purged":[],"gold":64,"score":261,"play_id":"ae5a3c1f-8e97-4b1a-8773-6815f105d41a","local_time":"20180316031520","daily_mods":["Heirloom","Elite Swarm","Vintage"],"is_prod":false,"is_daily":true,"is_ascension_mode":false,"campfire_upgraded":1,"timestamp":1521184520,"path_taken":["M","?","M","M","$","E","M","R","T","M","R","E","M","M","R","BOSS","M","$","M","M","M","R","M","?","T","R","?","R","?","?","R","BOSS"],"build_version":"2018-03-09","purchased_purges":0,"victory":false,"master_deck":["Survivor+1","Neutralize","Skewer","Glass Knife","Die Die Die+1","Glass Knife","Leg Sweep","Sucker Punch","PiercingWail","Sucker Punch","Cloak And Dagger","Bane","Dash","Dagger Throw","Setup","Bane","Footwork","Decay","Predator"],"max_hp_per_floor":[70,70,70,70,70,70,70,70,70,70,70,70,70,70,70,70,70,70,70,70,70,70,70,70,70,70,70,77,77,77,77,77],"relics":["Ring of the Snake","Thread and Needle","Centennial Puzzle","Lantern","Blue Candle","Meat on the Bone","Frozen Eye","Tiny Chest","Oddly Smooth Stone","War Paint","Singing Bowl","Bronze Scales","Art of War","Anchor","Pandora\u0027s Box","Bottled Flame","Girya","Pantograph","Bag of Preparation","Blood Vial","Dream Catcher","Du-Vu Doll","Strawberry","Snake Skull"],"card_choices":[{"not_picked":["Doppelganger","After Image"],"picked":"Glass Knife"},{"not_picked":["Grand Finale","Unload"],"picked":"Die Die Die"},{"not_picked":["Phantasmal Killer","Unload"],"picked":"Glass Knife"}],"player_experience":449942,"potions_floor_usage":[4,16,16,16,21,33],"damage_taken":[{"damage":0,"enemies":"Jaw Worm","floor":1,"turns":5},{"damage":0,"enemies":"Cultist","floor":3,"turns":4},{"damage":0,"enemies":"2 Louse","floor":4,"turns":1},{"damage":30,"enemies":"Lagavulin","floor":6,"turns":8},{"damage":0,"enemies":"Lots of Slimes","floor":7,"turns":5},{"damage":13,"enemies":"Exordium Wildlife","floor":10,"turns":5},{"damage":7,"enemies":"Gremlin Nob","floor":12,"turns":4},{"damage":0,"enemies":"Red Slaver","floor":13,"turns":2},{"damage":0,"enemies":"Large Slime","floor":14,"turns":3},{"damage":14,"enemies":"The Guardian","floor":16,"turns":14},{"damage":3,"enemies":"Chosen","floor":18,"turns":4},{"damage":0,"enemies":"Shell Parasite","floor":20,"turns":6},{"damage":5,"enemies":"Centurion and Healer","floor":21,"turns":6},{"damage":15,"enemies":"Chosen and Byrds","floor":22,"turns":7},{"damage":4,"enemies":"Snake Plant","floor":24,"turns":3},{"damage":1,"enemies":"Centurion and Healer","floor":31,"turns":4},{"damage":78,"enemies":"Automaton","floor":33,"turns":10}],"event_choices":[{"event_name":"Scrap Ooze","player_choice":"success","floor":2,"damage_taken":7},{"event_name":"Forgotten Altar","player_choice":"Smashed Altar","floor":25,"damage_taken":0}],"boss_relics":[{"not_picked":["Philosopher\u0027s Stone","White Beast Statue"],"picked":"Pandora\u0027s Box"}],"potions_floor_spawned":[3,12,13,14,20,22],"seed_played":"5375251351321028032","killed_by":"Automaton","ascension_level":0,"is_trial":false}