{"path_per_floor":["M","?","M","M","M","E","M","E","T","R","E","M","R","M","R","B",null,"M","M","?","$","M","R","M","?","T","R","M","M","$","?","R","B",null,"M","?","?","M","?","M","R","M","T","M","R","M","T","M","R"],"character_chosen":"IRONCLAD","items_purchased":["Mercury Hourglass","Mind Blast"],"gold_per_floor":[115,115,125,137,152,181,197,224,224,224,251,265,265,280,280,380,380,392,412,412,107,126,126,145,70,70,70,80,91,0,0,0,101,101,115,115,115,127,0,18,18,38,38,48,48,66,66,77,77],"floor_reached":50,"campfire_rested":9,"playtime":2235,"current_hp_per_floor":[80,80,80,80,72,55,54,44,44,68,45,25,49,55,79,53,80,46,37,27,27,9,34,12,12,12,37,43,44,44,44,69,13,86,86,75,75,50,50,53,79,64,64,56,82,39,39,18,44],"items_purged":["Normality"],"gold":77,"score":521,"play_id":"8ba8f54c-b224-4e19-8318-cbb51f61ba66","local_time":"20180316015541","is_prod":false,"is_daily":false,"is_ascension_mode":false,"campfire_upgraded":0,"timestamp":1521179741,"path_taken":["M","?","M","M","M","E","M","E","T","R","E","M","R","M","R","BOSS","M","M","?","$","M","R","M","?","T","R","M","M","?","?","R","BOSS","M","?","?","M","?","M","R","M","T","M","R","?","?","M","R","BOSS"],"build_version":"2018-03-09","purchased_purges":1,"victory":false,"master_deck":["Strike_R","Strike_R","Strike_R","Strike_R","Defend_R","Defend_R","Defend_R","Defend_R","Bash","Thunderclap","Wild Strike","Seeing Red","Clash","Dark Embrace","Shockwave","Double Tap","Inflame","Spot Weakness","Armaments","Heavy Blade","Berserk","Clumsy","Spot Weakness","Wild Strike","Necronomicurse","Clash+1","Cleave","Disarm","Brutality","Mind Blast","Feed","Heavy Blade","Perfected Strike+1","Perfected Strike","Inflame","Heavy Blade","Heavy Blade","Madness","Madness","Ghostly Armor","Ghostly Armor+1","Reckless Charge+1","Clothesline+1","Brutality","Heavy Blade+1"],"max_hp_per_floor":[80,80,80,80,80,80,80,80,80,80,80,80,80,80,80,80,80,80,80,86,86,86,86,86,86,86,86,86,86,86,86,86,86,86,86,86,86,86,86,89,89,89,89,89,89,89,89,89,89],"relics":["Burning Blood","Red Skull","Vajra","Smiling Mask","Sundial","Calling Bell","Bronze Scales","Matryoshka","Darkstone Periapt","Necronomicon","Mercury Hourglass","Pantograph","Bag of Preparation","Orrery","Red Mask","Ornamental Fan","Unceasing Top","Ice Cream"],"card_choices":[{"not_picked":["Twin Strike","Warcry"],"picked":"Thunderclap"},{"not_picked":["Havoc","Body Slam"],"picked":"Wild Strike"},{"not_picked":["Warcry","Clothesline"],"picked":"Clash"},{"not_picked":["Clothesline","Warcry"],"picked":"Dark Embrace"},{"not_picked":["Sentinel","Burning Pact"],"picked":"Shockwave"},{"not_picked":["Havoc","Twin Strike"],"picked":"Double Tap"},{"not_picked":["Anger","Flame Barrier"],"picked":"Inflame"},{"not_picked":["Uppercut","Headbutt"],"picked":"Spot Weakness"},{"not_picked":["Combust","Sever Soul"],"picked":"Armaments"},{"not_picked":["Carnage","Clothesline"],"picked":"Heavy Blade"},{"not_picked":["Twin Strike","Pommel Strike"],"picked":"Thunderclap"},{"not_picked":["Barricade","Immolate"],"picked":"Berserk"},{"not_picked":["Blood for Blood","Headbutt"],"picked":"Spot Weakness"},{"not_picked":["Blood for Blood","Body Slam"],"picked":"Wild Strike"},{"not_picked":["Body Slam","Second Wind"],"picked":"Clash"},{"not_picked":["Armaments","Reckless Charge"],"picked":"Cleave"},{"not_picked":["Warcry","Body Slam"],"picked":"Disarm"},{"not_picked":["Entrench","Havoc"],"picked":"Brutality"},{"not_picked":["Double Tap","Dark Embrace"],"picked":"Feed"},{"not_picked":["Anger","Intimidate"],"picked":"Heavy Blade"},{"not_picked":["True Grit","Sword Boomerang"],"picked":"Perfected Strike"},{"not_picked":["Metallicize","Iron Wave"],"picked":"Perfected Strike"},{"not_picked":["Warcry","Armaments"],"picked":"Inflame"},{"not_picked":["Twin Strike","Headbutt"],"picked":"Heavy Blade"},{"not_picked":["Cleave","Pommel Strike"],"picked":"Heavy Blade"},{"not_picked":["Rage","Clash"],"picked":"Ghostly Armor"},{"not_picked":["Pommel Strike","Sentinel"],"picked":"Ghostly Armor"},{"not_picked":["Perfected Strike","Burning Pact"],"picked":"Reckless Charge"},{"not_picked":["True Grit","Dual Wield"],"picked":"Clothesline"},{"not_picked":["Thunderclap","Sword Boomerang"],"picked":"Brutality"},{"not_picked":["Flex","Ghostly Armor"],"picked":"Heavy Blade"}],"player_experience":444576,"potions_floor_usage":[5,8,11,16,19,33,33,35,35,40,44,50],"damage_taken":[{"damage":5,"enemies":"Jaw Worm","floor":1,"turns":5},{"damage":0,"enemies":"2 Louse","floor":3,"turns":2},{"damage":3,"enemies":"Small Slimes","floor":4,"turns":2},{"damage":14,"enemies":"Blue Slaver","floor":5,"turns":4},{"damage":23,"enemies":"Gremlin Nob","floor":6,"turns":5},{"damage":7,"enemies":"Looter","floor":7,"turns":2},{"damage":16,"enemies":"Lagavulin","floor":8,"turns":5},{"damage":29,"enemies":"Gremlin Nob","floor":11,"turns":4},{"damage":26,"enemies":"Exordium Wildlife","floor":12,"turns":4},{"damage":0,"enemies":"2 Fungi Beasts","floor":14,"turns":2},{"damage":32,"enemies":"Hexaghost","floor":16,"turns":8},{"damage":40,"enemies":"Chosen","floor":18,"turns":7},{"damage":15,"enemies":"Shell Parasite","floor":19,"turns":3},{"damage":24,"enemies":"Snake Plant","floor":22,"turns":3},{"damage":28,"enemies":"3 Cultists","floor":24,"turns":4},{"damage":0,"enemies":"Snecko","floor":28,"turns":2},{"damage":5,"enemies":"Chosen and Byrds","floor":29,"turns":5},{"damage":79,"enemies":"Automaton","floor":33,"turns":8},{"damage":2,"enemies":"3 Darklings","floor":35,"turns":3},{"damage":31,"enemies":"Orb Walker","floor":38,"turns":3},{"damage":6,"enemies":"4 Shapes","floor":40,"turns":2},{"damage":21,"enemies":"3 Darklings","floor":42,"turns":5},{"damage":14,"enemies":"Sphere and 2 Shapes","floor":44,"turns":3},{"damage":49,"enemies":"Maw","floor":46,"turns":7},{"damage":27,"enemies":"4 Shapes","floor":48,"turns":3},{"damage":70,"enemies":"Time Eater","floor":50,"turns":8}],"event_choices":[{"event_name":"Living Wall","player_choice":"Change","floor":2,"damage_taken":0},{"event_name":"Cursed Tome","player_choice":"Obtained Book","floor":20,"damage_taken":0},{"event_name":"Beggar","player_choice":"Gave Gold","floor":25,"damage_taken":0},{"event_name":"Addict","player_choice":"Ignored","floor":31,"damage_taken":0},{"event_name":"Winding Halls","player_choice":"Embrace Madness","floor":36,"damage_taken":0},{"event_name":"Tomb of Lord Red Mask","player_choice":"Paid","floor":39,"damage_taken":0}],"boss_relics":[{"not_picked":["Runic Pyramid","Runic Cube"],"picked":"Calling Bell"},{"not_picked":["Tiny House","Lizard Tail"],"picked":"Orrery"}],"potions_floor_spawned":[4,7,8,14,16,19,24,28,33,38,42,48],"seed_played":"1797540611788208004","killed_by":"Time Eater","ascension_level":0,"is_trial":false}