{"gold_per_floor":[11,11,11,29,46,79,95,95,120,120,120,149,166,198,198,293,293,309,324,335,68,68,99,112,112,112,129,140,166,182,207,207,305,305,315,332,197,497,510,535,535,555,580,596,596,696,696,711,711,711],"floor_reached":51,"playtime":2046,"items_purged":["Strike_B","Strike_B"],"score":1006,"play_id":"f7e6c721-1d58-4805-9b00-a7d85c5e9b03","local_time":"20181115205521","is_ascension_mode":true,"campfire_choices":[{"data":"White Noise","floor":8.0,"key":"SMITH"},{"data":"Rip and Tear","floor":11.0,"key":"SMITH"},{"data":"Reinforced Body","floor":15.0,"key":"SMITH"},{"data":"Ball Lightning","floor":25.0,"key":"SMITH"},{"data":"Undo","floor":32,"key":"SMITH"},{"data":"Electrodynamics","floor":41,"key":"SMITH"},{"data":"Conserve Battery","floor":45,"key":"SMITH"},{"data":"Sunder","floor":49,"key":"SMITH"}],"neow_cost":"NO_GOLD","seed_source_timestamp":148520265601826,"circlet_count":0,"master_deck":["Strike_B","Defend_B","Defend_B","Defend_B","Zap+1","Dualcast","Rip and Tear+1","Ball Lightning+1","Compile Driver","White Noise+1","Conserve Battery+1","Reinforced Body+1","Echo Form","Self Repair+1","Auto Shields+1","Doom and Gloom+1","Undo+1","Electrodynamics+1","Enlightenment","Sunder+1"],"special_seed":0,"relics":["Cracked Core","CultistMask","Vajra","Ancient Tea Set","Pear","Anchor","Blood Vial","Velvet Choker","Chemical X","Smiling Mask","FossilizedHelix","Meat on the Bone","Pocketwatch","Red Mask","Snecko Eye","Mummified Hand","Bag of Preparation","Turnip"],"potions_floor_usage":[50,50,50],"damage_taken":[{"damage":0.0,"enemies":"2 Louse","floor":1.0,"turns":2.0},{"damage":0.0,"enemies":"Cultist","floor":4.0,"turns":2.0},{"damage":6.0,"enemies":"Jaw Worm","floor":5.0,"turns":2.0},{"damage":26.0,"enemies":"3 Sentries","floor":6.0,"turns":6.0},{"damage":3.0,"enemies":"Gremlin Gang","floor":7.0,"turns":3.0},{"damage":0.0,"enemies":"Gremlin Nob","floor":12.0,"turns":2.0},{"damage":6.0,"enemies":"Exordium Wildlife","floor":13.0,"turns":3.0},{"damage":13.0,"enemies":"3 Sentries","floor":14.0,"turns":4.0},{"damage":21.0,"enemies":"The Guardian","floor":16.0,"turns":9.0},{"damage":15.0,"enemies":"2 Thieves","floor":18.0,"turns":4.0},{"damage":0.0,"enemies":"Chosen","floor":19.0,"turns":4.0},{"damage":16.0,"enemies":"Snake Plant","floor":20.0,"turns":5.0},{"damage":21.0,"enemies":"Slavers","floor":23.0,"turns":5.0},{"damage":0.0,"enemies":"Cultist and Chosen","floor":24.0,"turns":6.0},{"damage":0.0,"enemies":"3 Cultists","floor":27.0,"turns":3.0},{"damage":0.0,"enemies":"Centurion and Healer","floor":28.0,"turns":6.0},{"damage":12.0,"enemies":"Gremlin Leader","floor":29.0,"turns":7.0},{"damage":0.0,"enemies":"Chosen and Byrds","floor":30.0,"turns":4.0},{"damage":24,"enemies":"Masked Bandits","floor":31,"turns":3},{"damage":26,"enemies":"Automaton","floor":33,"turns":9},{"damage":0,"enemies":"3 Darklings","floor":35,"turns":2},{"damage":0,"enemies":"3 Shapes","floor":36,"turns":3},{"damage":0,"enemies":"Spire Growth","floor":39,"turns":5},{"damage":0,"enemies":"Nemesis","floor":40,"turns":7},{"damage":0,"enemies":"Transient","floor":42,"turns":5},{"damage":0,"enemies":"3 Darklings","floor":44,"turns":4},{"damage":0,"enemies":"Mind Bloom Boss Battle","floor":46,"turns":6},{"damage":0,"enemies":"4 Shapes","floor":48,"turns":2},{"damage":0,"enemies":"Awakened One","floor":50,"turns":12}],"seed_played":"6394017853743050437","potions_obtained":[{"floor":1.0,"key":"LiquidBronze"},{"floor":5.0,"key":"Poison Potion"},{"floor":13.0,"key":"FairyPotion"},{"floor":14.0,"key":"Swift Potion"},{"floor":20.0,"key":"EssenceOfSteel"},{"floor":23.0,"key":"SneckoOil"},{"floor":24.0,"key":"SteroidPotion"},{"floor":28.0,"key":"SpeedPotion"},{"floor":31,"key":"Strength Potion"},{"floor":47,"key":"LiquidBronze"}],"is_trial":false,"path_per_floor":["M","?","?","M","M","E","M","R","T","T","R","E","M","E","R","B",null,"M","M","M","$","?","E","M","R","T","M","M","E","M","?","R","B",null,"M","M","$","?","M","E","R","M","T","M","R","?","?","M","R","B",null],"character_chosen":"DEFECT","items_purchased":["Chemical X","Enlightenment"],"campfire_rested":0,"item_purchase_floors":[21,37],"current_hp_per_floor":[75,75,75,75,69,43,40,40,40,50,50,50,44,31,31,12,85,70,85,79,79,79,80,85,85,85,85,85,83,85,71,71,57,85,85,85,85,85,85,85,85,85,85,85,85,85,85,85,85,85],"gold":711,"neow_bonus":"REMOVE_TWO","is_prod":false,"is_daily":false,"chose_seed":false,"campfire_upgraded":8,"win_rate":0,"timestamp":1542340521,"path_taken":["M","?","?","M","?","E","M","R","T","?","R","E","M","E","R","BOSS","M","?","M","$","?","E","?","R","T","M","M","E","M","?","R","BOSS","M","M","$","?","?","E","R","M","T","M","R","?","?","?","R","BOSS"],"build_version":"2018-11-15","purchased_purges":2,"victory":true,"max_hp_per_floor":[75,75,75,75,75,75,75,75,75,85,85,85,85,85,85,85,85,85,85,85,85,85,85,85,85,85,85,85,85,85,85,85,85,85,85,85,85,85,85,85,85,85,85,85,85,85,85,85,85,85],"card_choices":[{"not_picked":["Hello World","Recycle"],"picked":"Rip and Tear","floor":1.0},{"not_picked":["Hologram","Steam"],"picked":"Ball Lightning","floor":4.0},{"not_picked":["Barrage","Gash"],"picked":"Compile Driver","floor":5.0},{"not_picked":["Chaos","All For One"],"picked":"White Noise","floor":6.0},{"not_picked":["Compile Driver","Reprogram","Storm"],"picked":"SKIP","floor":7.0},{"not_picked":["Amplify","Redo","Double Energy"],"picked":"SKIP","floor":12.0},{"not_picked":["Steam","Lockon"],"picked":"Conserve Battery","floor":13.0},{"not_picked":["Redo","Coolheaded"],"picked":"Reinforced Body","floor":14.0},{"not_picked":["Thunder Strike","Seek"],"picked":"Echo Form","floor":16.0},{"not_picked":["Rip and Tear+1","Turbo+1"],"picked":"Self Repair+1","floor":18.0},{"not_picked":["Sweeping Beam","Hologram"],"picked":"Auto Shields+1","floor":19.0},{"not_picked":["Steam","Redo","Barrage"],"picked":"SKIP","floor":20.0},{"not_picked":["Rebound+1","Amplify","Echo Form"],"picked":"SKIP","floor":23.0},{"not_picked":["Aggregate+1","Stack","Compile Driver"],"picked":"SKIP","floor":24.0},{"not_picked":["Fusion","Melter+1","Stack+1"],"picked":"SKIP","floor":27.0},{"not_picked":["Leap+1","Conserve Battery","Hyperbeam"],"picked":"SKIP","floor":28.0},{"not_picked":["Stack+1","Consume"],"picked":"Doom and Gloom+1","floor":29.0},{"not_picked":["Rebound","Streamline"],"picked":"Undo","floor":30.0},{"not_picked":["Amplify","Machine Learning"],"picked":"Electrodynamics","floor":33},{"not_picked":["Chaos","Turbo+1","Static Discharge"],"picked":"SKIP","floor":35},{"not_picked":["Leap+1","Chill","Steam+1"],"picked":"SKIP","floor":36},{"not_picked":["Streamline+1","Sweeping Beam","Melter+1"],"picked":"SKIP","floor":39},{"not_picked":["Gash+1","Barrage","Static Discharge"],"picked":"SKIP","floor":40},{"not_picked":["Hello World+1","Blizzard","Cold Snap+1"],"picked":"SKIP","floor":42},{"not_picked":["Barrage","Redo","Storm+1"],"picked":"SKIP","floor":44},{"not_picked":["Steam+1","Recycle+1"],"picked":"Sunder","floor":48}],"player_experience":626680,"relics_obtained":[{"floor":6.0,"key":"Vajra"},{"floor":9.0,"key":"Ancient Tea Set"},{"floor":10.0,"key":"Pear"},{"floor":12.0,"key":"Anchor"},{"floor":14.0,"key":"Blood Vial"},{"floor":23.0,"key":"FossilizedHelix"},{"floor":26.0,"key":"Meat on the Bone"},{"floor":29.0,"key":"Pocketwatch"},{"floor":31,"key":"Red Mask"},{"floor":40,"key":"Mummified Hand"},{"floor":43,"key":"Bag of Preparation"},{"floor":46,"key":"Turnip"}],"event_choices":[{"damage_healed":0.0,"max_hp_gain":0.0,"max_hp_loss":0.0,"gold_gain":0.0,"event_name":"Living Wall","player_choice":"Grow","floor":2.0,"gold_loss":0.0,"damage_taken":0.0,"cards_upgraded":["Zap"]},{"damage_healed":0.0,"max_hp_gain":0.0,"max_hp_loss":0.0,"gold_gain":0.0,"event_name":"FaceTrader","player_choice":"Trade","floor":3.0,"gold_loss":0.0,"damage_taken":0.0,"relics_obtained":["CultistMask"]},{"damage_healed":0.0,"max_hp_gain":0.0,"max_hp_loss":0.0,"gold_gain":0.0,"event_name":"WeMeetAgain","player_choice":"Gave Potion","floor":22.0,"gold_loss":0.0,"damage_taken":0.0,"relics_obtained":["Smiling Mask"]},{"damage_healed":0,"gold_gain":0,"player_choice":"Fought Bandits","damage_taken":0,"max_hp_gain":0,"max_hp_loss":0,"event_name":"Masked Bandits","floor":31,"gold_loss":0},{"damage_healed":0,"gold_gain":300,"player_choice":"Gold","damage_taken":0,"max_hp_gain":0,"max_hp_loss":0,"event_name":"Wheel of Change","floor":38,"gold_loss":0},{"damage_healed":0,"gold_gain":0,"player_choice":"Fight","damage_taken":0,"max_hp_gain":0,"max_hp_loss":0,"event_name":"MindBloom","floor":46,"gold_loss":0},{"damage_healed":0,"gold_gain":0,"player_choice":"Got Potions","damage_taken":0,"max_hp_gain":0,"max_hp_loss":0,"event_name":"Lab","floor":47,"gold_loss":0}],"is_beta":false,"boss_relics":[{"not_picked":["Orrery","Empty Cage"],"picked":"Velvet Choker"},{"not_picked":["Inserter","Runic Dome"],"picked":"Snecko Eye"}],"items_purged_floors":[21,37],"is_endless":false,"potions_floor_spawned":[1,5,13,14,20,23,24,28,31,33,39,40,42,44],"ascension_level":1}