{"gold_per_floor":[115,126,126,126,23,58,58,77,77,91,119,119,146,106,106,203,203,220,237,249,269,304,336,336,336,336,336,26,59,79,90,90,90],"floor_reached":33,"playtime":1547,"items_purged":[],"score":406,"play_id":"9e1ed05a-0706-4b17-8caa-dfe0061dcf0a","local_time":"20190405000201","is_ascension_mode":true,"campfire_choices":[{"data":"Enlightenment","floor":7,"key":"SMITH"},{"data":"Perfected Strike","floor":12,"key":"SMITH"},{"data":"Whirlwind","floor":15,"key":"SMITH"},{"data":"Demon Form","floor":25,"key":"SMITH"},{"floor":27,"key":"REST"},{"data":"Iron Wave","floor":32,"key":"SMITH"}],"neow_cost":"NONE","seed_source_timestamp":1509013037511000,"circlet_count":0,"master_deck":["Strike_R","Strike_R","Strike_R","Strike_R","Strike_R","Defend_R","Defend_R","Defend_R","Defend_R","Bash","Whirlwind+1","Perfected Strike","Iron Wave","Enlightenment+1","Flex","Perfected Strike+1","Impervious","Iron Wave","Perfected Strike","Immolate","Body Slam+1","Iron Wave+1","Inflame+1","Twin Strike","Inflame+1","Demon Form+1","Wild Strike","Wild Strike","Heavy Blade","Dual Wield+1"],"relics":["Burning Blood","Mango","Bag of Marbles","Pocketwatch","Question Card","Strawberry","Runic Cube","Red Mask","Lantern","Dream Catcher","Torii","Letter Opener"],"potions_floor_usage":[2,10,13,16,16,16,16,16,16,21,23,29,29,29,29,29,29,31,33],"damage_taken":[{"damage":9,"enemies":"Jaw Worm","floor":1,"turns":5},{"damage":0,"enemies":"2 Louse","floor":2,"turns":2},{"damage":30,"enemies":"3 Sentries","floor":6,"turns":9},{"damage":6,"enemies":"Cultist","floor":8,"turns":3},{"damage":0,"enemies":"Blue Slaver","floor":10,"turns":1},{"damage":15,"enemies":"Lagavulin","floor":11,"turns":4},{"damage":10,"enemies":"3 Sentries","floor":13,"turns":3},{"damage":5,"enemies":"Hexaghost","floor":16,"turns":5},{"damage":7,"enemies":"Chosen","floor":18,"turns":3},{"damage":0,"enemies":"2 Thieves","floor":19,"turns":2},{"damage":0,"enemies":"Snecko","floor":20,"turns":3},{"damage":7,"enemies":"Cultist and Chosen","floor":21,"turns":4},{"damage":44,"enemies":"Masked Bandits","floor":22,"turns":4},{"damage":7,"enemies":"Gremlin Leader","floor":23,"turns":5},{"damage":13,"enemies":"Slavers","floor":29,"turns":4},{"damage":16,"enemies":"Snake Plant","floor":30,"turns":3},{"damage":13,"enemies":"3 Cultists","floor":31,"turns":4},{"damage":99,"enemies":"Collector","floor":33,"turns":8}],"seed_played":"-3054043129600613893","potions_obtained":[{"floor":1,"key":"SkillPotion"},{"floor":8,"key":"GamblersBrew"},{"floor":11,"key":"AttackPotion"},{"floor":13,"key":"PowerPotion"},{"floor":14,"key":"EntropicBrew"},{"floor":14,"key":"Explosive Potion"},{"floor":20,"key":"PowerPotion"},{"floor":22,"key":"BloodPotion"},{"floor":24,"key":"SteroidPotion"},{"floor":24,"key":"Strength Potion"},{"floor":24,"key":"EntropicBrew"},{"floor":30,"key":"GamblersBrew"},{"floor":31,"key":"Weak Potion"}],"is_trial":false,"path_per_floor":["M","M","?","?","$","E","R","M","T","M","E","R","E","?","R","B",null,"M","M","M","M","?","E","?","R","T","R","$","E","M","M","R","B"],"character_chosen":"IRONCLAD","items_purchased":["Enlightenment","Flex","Torii"],"campfire_rested":1,"item_purchase_floors":[5,5,28],"current_hp_per_floor":[77,80,85,96,96,72,72,72,72,78,69,69,72,72,72,73,98,97,103,106,105,67,76,76,76,76,106,106,99,89,82,82,0],"gold":90,"neow_bonus":"THREE_CARDS","is_prod":false,"is_daily":false,"chose_seed":false,"campfire_upgraded":5,"win_rate":0,"timestamp":1554436921,"path_taken":["M","M","?","?","?","E","R","?","T","M","E","R","E","?","R","BOSS","M","M","?","M","?","E","?","R","T","R","$","E","?","M","R","BOSS"],"build_version":"2019-03-15","purchased_purges":0,"victory":false,"max_hp_per_floor":[80,80,85,99,99,99,99,99,99,99,99,99,106,106,106,106,106,106,106,106,106,106,106,106,106,106,106,106,106,106,106,106,106],"card_choices":[{"not_picked":["Evolve","Anger"],"picked":"Whirlwind","floor":0},{"not_picked":["Pommel Strike","True Grit"],"picked":"Perfected Strike","floor":1},{"not_picked":["Armaments","Metallicize"],"picked":"Iron Wave","floor":2},{"not_picked":["Sentinel","Anger","Warcry"],"picked":"SKIP","floor":6},{"not_picked":["Clothesline","Sentinel"],"picked":"Perfected Strike","floor":8},{"not_picked":["Hemokinesis","Cleave"],"picked":"Impervious","floor":10},{"not_picked":["Combust","Shrug It Off"],"picked":"Iron Wave","floor":11},{"not_picked":["Twin Strike","True Grit","Impervious"],"picked":"Perfected Strike","floor":13},{"not_picked":["Exhume","Feed","Juggernaut"],"picked":"Immolate","floor":16},{"not_picked":["Perfected Strike","Pommel Strike","Sword Boomerang+1"],"picked":"Body Slam+1","floor":18},{"not_picked":["Cleave","Flex","Heavy Blade"],"picked":"Iron Wave","floor":19},{"not_picked":["Battle Trance","Sword Boomerang","Warcry"],"picked":"Inflame+1","floor":20},{"not_picked":["True Grit","Uppercut","Dropkick+1"],"picked":"Twin Strike","floor":21},{"not_picked":["Anger","Body Slam","Spot Weakness+1"],"picked":"Inflame+1","floor":22},{"not_picked":["Double Tap","Iron Wave","Wild Strike"],"picked":"Demon Form","floor":23},{"not_picked":["Dropkick","Blood for Blood","Anger"],"picked":"Wild Strike","floor":27},{"not_picked":["Thunderclap","Combust","Seeing Red+1"],"picked":"Wild Strike","floor":29},{"not_picked":["Anger","Armaments","Spot Weakness+1"],"picked":"Heavy Blade","floor":30},{"not_picked":["Cleave","Wild Strike","Disarm"],"picked":"Dual Wield+1","floor":31}],"player_experience":764750,"relics_obtained":[{"floor":6,"key":"Bag of Marbles"},{"floor":9,"key":"Pocketwatch"},{"floor":11,"key":"Question Card"},{"floor":13,"key":"Strawberry"},{"floor":22,"key":"Red Mask"},{"floor":23,"key":"Lantern"},{"floor":26,"key":"Dream Catcher"},{"floor":29,"key":"Letter Opener"}],"event_choices":[{"damage_healed":0,"gold_gain":0,"player_choice":"Donut","damage_taken":0,"max_hp_gain":5,"max_hp_loss":0,"event_name":"Big Fish","floor":3,"gold_loss":0},{"damage_healed":0,"gold_gain":0,"player_choice":"Success","damage_taken":3,"relics_obtained":["Mango"],"max_hp_gain":0,"max_hp_loss":0,"event_name":"Scrap Ooze","floor":4,"gold_loss":0},{"damage_healed":0,"gold_gain":0,"player_choice":"Bought 3 Potions","damage_taken":0,"max_hp_gain":0,"max_hp_loss":0,"event_name":"The Woman in Blue","floor":14,"gold_loss":0},{"damage_healed":0,"gold_gain":0,"player_choice":"Fought Bandits","damage_taken":0,"max_hp_gain":0,"max_hp_loss":0,"event_name":"Masked Bandits","floor":22,"gold_loss":0},{"damage_healed":0,"gold_gain":0,"player_choice":"Got Potions","damage_taken":0,"max_hp_gain":0,"max_hp_loss":0,"event_name":"Lab","floor":24,"gold_loss":0}],"is_beta":true,"boss_relics":[{"not_picked":["Black Star","Lizard Tail"],"picked":"Runic Cube"}],"items_purged_floors":[],"is_endless":false,"potions_floor_spawned":[1,8,11,13,20,22,30,31],"killed_by":"Collector","ascension_level":5}