{"path_per_floor":["M","?","$","M","?","R","M","E","T","M","?","M","$","?","R","B",null,"M","M","M","?","?","R","M","R","T","M","$","M","M","M","R","B",null,"M","?","M","M","$","E","M","M","T","M","T","M","M","E","R","B"],"character_chosen":"THE_SILENT","items_purchased":["Footwork","Prepared","Blur","Footwork","Tough Bandages","Vajra","Bird Faced Urn","Acrobatics"],"gold_per_floor":[114,114,37,52,52,52,67,97,97,112,72,87,33,208,208,308,308,623,638,653,653,653,653,668,668,668,683,180,195,210,225,225,325,325,340,340,355,370,25,55,70,85,85,100,150,165,180,210,210,210],"floor_reached":51,"campfire_rested":2,"playtime":4425,"current_hp_per_floor":[67,67,67,61,47,47,47,33,33,35,35,44,44,50,78,52,88,88,88,74,74,57,57,57,57,63,60,60,62,63,63,94,88,94,94,94,93,92,92,92,94,93,99,97,103,106,106,104,104,105],"items_purged":[],"gold":210,"score":892,"play_id":"056a9a10-8452-499f-821c-0836e3991b5d","local_time":"20180418101620","daily_mods":["Draft","Night Terrors","Vintage"],"is_prod":false,"is_daily":true,"chose_seed":false,"is_ascension_mode":false,"campfire_upgraded":4,"timestamp":1524060980,"path_taken":["M","?","$","?","?","R","M","E","T","M","?","?","?","?","R","BOSS","M","?","?","?","?","R","M","R","T","M","$","M","M","M","R","BOSS","M","?","?","M","$","E","M","?","T","M","?","M","M","E","R","BOSS"],"build_version":"2018-04-12","seed_source_timestamp":0,"purchased_purges":0,"victory":true,"master_deck":["Calculated Gamble","Backflip+1","Reflex+1","Acrobatics+1","Prepared+1","Underhanded Strike+1","Poisoned Stab+1","Blade Dance+1","Sucker Punch","Deadly Poison+1","Deadly Poison","Outmaneuver","Infinite Blades","Backflip+1","Footwork","Accuracy","Prepared","Doubt","After Image+1","Writhe","Blur+1","Footwork","Envenom","Acrobatics","Flying Knee+1","Doubt","Regret","Blur+1"],"max_hp_per_floor":[70,70,70,70,70,70,70,70,70,70,70,77,77,83,78,88,88,88,88,88,88,93,93,93,93,99,99,99,99,99,99,94,94,94,94,94,94,94,94,94,94,94,100,100,106,106,106,106,106,106],"relics":["Ring of the Snake","Ninja Scroll","Blue Candle","Blood Vial","Regal Pillow","Letter Opener","Darkstone Periapt","Strawberry","Pear","Cursed Key","Old Coin","Snake Skull","Gambling Chip","Calipers","Meat on the Bone","Bag of Preparation","Tough Bandages","Vajra","Paper Crane","Molten Egg 2","Oddly Smooth Stone","Orichalcum","Sozu","Unceasing Top","War Paint","Matryoshka","Bird Faced Urn","Art of War","Frozen Egg 2","Singing Bowl","Pen Nib","Toxic Egg 2","Whetstone","Mummified Hand","Happy Flower","Bronze Scales","Lantern","Omamori"],"card_choices":[{"not_picked":["Outmaneuver","Sucker Punch"],"picked":"Calculated Gamble","floor":0},{"not_picked":["Cloak And Dagger","Dodge and Roll"],"picked":"Backflip","floor":0},{"not_picked":["Dodge and Roll","Finisher"],"picked":"Reflex","floor":0},{"not_picked":["Leg Sweep","Flying Knee"],"picked":"Acrobatics","floor":0},{"not_picked":["Sucker Punch","Choke"],"picked":"Prepared","floor":0},{"not_picked":["Sucker Punch","Dagger Spray"],"picked":"Underhanded Strike","floor":0},{"not_picked":["Underhanded Strike","Outmaneuver"],"picked":"Poisoned Stab","floor":0},{"not_picked":["Bane","Slice"],"picked":"Blade Dance","floor":0},{"not_picked":["Riddle With Holes","Masterful Stab"],"picked":"Sucker Punch","floor":0},{"not_picked":["Leg Sweep","Distraction"],"picked":"Bane","floor":0},{"not_picked":["Quick Slash","Slice"],"picked":"Deadly Poison","floor":0},{"not_picked":["Sucker Punch","Dagger Throw"],"picked":"Deadly Poison","floor":0},{"not_picked":["Endless Agony","Dodge and Roll"],"picked":"Outmaneuver","floor":0},{"not_picked":["Prepared","Riddle With Holes"],"picked":"Infinite Blades","floor":0},{"not_picked":["Quick Slash","Outmaneuver"],"picked":"Backflip","floor":0},{"not_picked":["Wraith Form v2","Underhanded Strike"],"picked":"Accuracy","floor":8},{"not_picked":["Tactician","Storm of Steel"],"picked":"After Image","floor":16},{"not_picked":["Storm of Steel","Tools of the Trade"],"picked":"Envenom","floor":33},{"not_picked":["Caltrops","Crippling Poison"],"picked":"Flying Knee","floor":40},{"not_picked":["Choke","PiercingWail"],"picked":"Blur","floor":48}],"player_experience":672639,"potions_floor_usage":[8,24,24,27,33,40],"damage_taken":[{"damage":3,"enemies":"Jaw Worm","floor":1,"turns":3},{"damage":6,"enemies":"2 Louse","floor":4,"turns":2},{"damage":0,"enemies":"Cultist","floor":7,"turns":3},{"damage":16,"enemies":"Gremlin Nob","floor":8,"turns":3},{"damage":0,"enemies":"Large Slime","floor":10,"turns":3},{"damage":0,"enemies":"3 Louse","floor":12,"turns":2},{"damage":36,"enemies":"Hexaghost","floor":16,"turns":6},{"damage":0,"enemies":"Shell Parasite","floor":18,"turns":4},{"damage":0,"enemies":"Chosen","floor":19,"turns":3},{"damage":14,"enemies":"3 Cultists","floor":20,"turns":6},{"damage":2,"enemies":"Sentry and Sphere","floor":24,"turns":3},{"damage":29,"enemies":"Slaver and Parasite","floor":27,"turns":4},{"damage":0,"enemies":"Cultist and Chosen","floor":29,"turns":6},{"damage":1,"enemies":"Chosen and Byrds","floor":30,"turns":6},{"damage":2,"enemies":"Slaver and Parasite","floor":31,"turns":5},{"damage":6,"enemies":"Automaton","floor":33,"turns":8},{"damage":0,"enemies":"Orb Walker","floor":35,"turns":3},{"damage":1,"enemies":"3 Shapes","floor":37,"turns":3},{"damage":2,"enemies":"Sphere and 2 Shapes","floor":38,"turns":5},{"damage":3,"enemies":"2 Orb Walkers","floor":40,"turns":5},{"damage":0,"enemies":"4 Shapes","floor":41,"turns":4},{"damage":2,"enemies":"3 Darklings","floor":42,"turns":7},{"damage":3,"enemies":"Maw","floor":44,"turns":6},{"damage":2,"enemies":"Sphere and 2 Shapes","floor":46,"turns":4},{"damage":2,"enemies":"4 Shapes","floor":47,"turns":4},{"damage":3,"enemies":"Giant Head","floor":48,"turns":6},{"damage":3,"enemies":"Awakened One","floor":50,"turns":10}],"event_choices":[{"event_name":"Living Wall","player_choice":"Grow","floor":2,"damage_taken":0},{"event_name":"Shining Light","player_choice":"Entered Light","floor":5,"damage_taken":0},{"event_name":"The Woman in Blue","player_choice":"Bought 3 Potions","floor":11,"damage_taken":0},{"event_name":"Liars Game","player_choice":"agreed","floor":14,"damage_taken":0},{"event_name":"Back to Basics","player_choice":"Simplicity","floor":21,"damage_taken":0},{"event_name":"Forgotten Altar","player_choice":"Shed Blood","floor":22,"damage_taken":0}],"boss_relics":[{"not_picked":["Runic Dome","White Beast Statue"],"picked":"Cursed Key"},{"not_picked":["Snecko Eye","Black Star"],"picked":"Sozu"}],"potions_floor_spawned":[1,8,12,19,20,24,31,37,40,46,47,48],"seed_played":"-4643760058957999775","ascension_level":0,"is_trial":false}