{"gold_per_floor":[114,114,126,145,145,145,178,178,178,178,191,224,243,270,270,371,371,385,385,405,405,405,405,405],"floor_reached":24,"playtime":753,"items_purged":[],"score":252,"play_id":"ffd73daf-b32a-41f0-84d3-a5ac3e59979d","local_time":"20180725060650","is_ascension_mode":true,"campfire_choices":[{"floor":6,"key":"REST"},{"data":"Electrodynamics","floor":8,"key":"SMITH"},{"floor":15,"key":"REST"},{"floor":23,"key":"REST"}],"neow_cost":"CURSE","seed_source_timestamp":1391914319461272,"circlet_count":0,"master_deck":["Strike_B","Strike_B","Strike_B","Strike_B","Defend_B","Defend_B","Defend_B+1","Defend_B+1","Zap","Dualcast","Normality","Electrodynamics+1","Leap","Gash","Conserve Battery","Consume","FTL","Machine Learning","Double Energy","Rainbow+1","Streamline+1","Self Repair"],"relics":["Cracked Core","Ginger","Meat on the Bone","Mummified Hand","The Courier","Ancient Tea Set","Nuclear Battery","Enchiridion"],"potions_floor_usage":[7,11,12,16,18],"damage_taken":[{"damage":0,"enemies":"2 Louse","floor":1,"turns":2},{"damage":10,"enemies":"Small Slimes","floor":3,"turns":2},{"damage":0,"enemies":"Jaw Worm","floor":4,"turns":3},{"damage":0,"enemies":"3 Sentries","floor":7,"turns":5},{"damage":7,"enemies":"Lots of Slimes","floor":11,"turns":2},{"damage":16,"enemies":"Gremlin Nob","floor":12,"turns":3},{"damage":3,"enemies":"Looter","floor":13,"turns":2},{"damage":31,"enemies":"Slime Boss","floor":16,"turns":9},{"damage":22,"enemies":"3 Byrds","floor":18,"turns":4},{"damage":27,"enemies":"2 Thieves","floor":20,"turns":4},{"damage":50,"enemies":"Gremlin Leader","floor":24,"turns":7}],"seed_played":"-156604419613007794","potions_obtained":[{"floor":4,"key":"Fire Potion"},{"floor":7,"key":"GamblersBrew"},{"floor":11,"key":"AttackPotion"},{"floor":12,"key":"Weak Potion"},{"floor":13,"key":"GamblersBrew"}],"is_trial":false,"path_per_floor":["M","?","M","M","?","R","E","R","T","T","M","E","M","T","R","B",null,"M","?","M","?","?","R"],"character_chosen":"DEFECT","items_purchased":[],"campfire_rested":3,"item_purchase_floors":[],"current_hp_per_floor":[75,60,50,50,50,72,72,72,72,72,65,49,46,46,68,49,75,53,37,22,22,22,44,0],"gold":405,"neow_bonus":"THREE_RARE_CARDS","is_prod":false,"is_daily":false,"chose_seed":false,"campfire_upgraded":1,"win_rate":0,"timestamp":1532513210,"path_taken":["M","?","?","M","?","R","E","R","T","?","M","E","M","?","R","BOSS","M","?","?","?","?","R","E"],"build_version":"2018-07-24","purchased_purges":0,"victory":false,"max_hp_per_floor":[75,75,75,75,75,75,75,75,75,75,75,75,75,75,75,75,75,75,75,75,75,75,75,75],"card_choices":[{"not_picked":["Multi-Cast","Fission"],"picked":"Electrodynamics","floor":0},{"not_picked":["Sweeping Beam","Lockon"],"picked":"Leap","floor":1},{"not_picked":["Turbo","FTL"],"picked":"Gash","floor":3},{"not_picked":["Barrage","Beam Cell"],"picked":"Conserve Battery","floor":4},{"not_picked":["Barrage","Rebound"],"picked":"Consume","floor":7},{"not_picked":["Cold Snap","Coolheaded"],"picked":"FTL","floor":11},{"not_picked":["Genetic Algorithm","Coolheaded"],"picked":"Machine Learning","floor":12},{"not_picked":["Sweeping Beam","Defragment"],"picked":"Double Energy","floor":13},{"not_picked":["Amplify","Machine Learning"],"picked":"Rainbow","floor":16},{"not_picked":["Scrape","Leap"],"picked":"Streamline+1","floor":18},{"not_picked":["Melter","Redo"],"picked":"Self Repair","floor":20}],"player_experience":503620,"relics_obtained":[{"floor":7,"key":"Ginger"},{"floor":9,"key":"Meat on the Bone"},{"floor":10,"key":"Mummified Hand"},{"floor":12,"key":"The Courier"},{"floor":14,"key":"Ancient Tea Set"},{"floor":19,"key":"Enchiridion"}],"event_choices":[{"event_name":"Shining Light","player_choice":"Entered Light","floor":2,"damage_taken":0},{"event_name":"Golden Idol","player_choice":"Ignored","floor":5,"damage_taken":0},{"event_name":"Cursed Tome","player_choice":"Obtained Book","floor":19,"damage_taken":0},{"event_name":"Vampires","player_choice":"Ignored","floor":21,"damage_taken":0},{"event_name":"Upgrade Shrine","player_choice":"Upgraded","floor":22,"damage_taken":0}],"is_beta":true,"boss_relics":[{"not_picked":["Sozu","Runic Pyramid"],"picked":"Nuclear Battery"}],"items_purged_floors":[],"is_endless":false,"potions_floor_spawned":[4,7,11,12,13],"killed_by":"Gremlin Leader","ascension_level":2}