{"path_per_floor":["M","?","M","?","?","E","M","R","T","$","M","R","M","E","R","B",null,"M","$","M","M","?","R","?","R","T","$","M","?","M","$","R"],"character_chosen":"DEFECT","items_purchased":["Mind Blast","Gash","Genetic Algorithm","Cables","Ball Lightning","Jack Of All Trades","Double Energy","Capacitor","Ball Lightning"],"gold_per_floor":[215,215,234,234,409,441,457,457,535,25,38,38,50,80,80,179,179,194,2,17,35,35,35,35,35,81,54,68,68,88,88,88,88],"floor_reached":33,"campfire_rested":3,"playtime":1256,"current_hp_per_floor":[74,62,56,56,56,25,25,62,62,62,54,54,54,48,75,46,75,75,75,38,27,11,48,37,37,37,37,37,33,37,37,37,0],"items_purged":[],"gold":88,"score":305,"play_id":"ae9eaac8-53f9-43ae-ad44-1e551c4a5c68","local_time":"20180501182611","is_prod":false,"is_daily":false,"chose_seed":false,"is_ascension_mode":false,"campfire_upgraded":3,"timestamp":1525213571,"path_taken":["M","?","M","?","?","E","M","R","T","$","M","R","M","E","R","BOSS","M","$","M","M","?","R","?","R","T","$","M","?","M","$","R","BOSS"],"build_version":"2018-04-30","seed_source_timestamp":1383584722288167,"purchased_purges":0,"victory":false,"master_deck":["Strike_B","Strike_B","Strike_B","Strike_B","Defend_B","Defend_B","Defend_B","Defend_B","Zap","Dualcast","White Noise","Melter","Doubt","FTL","Static Discharge","Mind Blast+1","Gash","Genetic Algorithm","Ball Lightning","Sunder+1","Go for the Eyes","Prime","Fusion","Lockon","Jack Of All Trades","Double Energy+1","Capacitor","Skim+1","Genetic Algorithm","Ghostly","Ghostly","Ghostly","Ghostly","Ghostly","Ball Lightning","Glacier+1","Conserve Battery"],"max_hp_per_floor":[75,75,75,75,75,75,75,75,75,75,75,75,75,75,75,75,75,75,75,75,75,75,75,37,37,37,37,37,42,42,42,42,42],"relics":["Cracked Core","Regal Pillow","Oddly Smooth Stone","Bottled Flame","Cables","Unceasing Top","Nuclear Battery","Enchiridion","Orichalcum"],"card_choices":[{"not_picked":["Reprogram","Axe Kick"],"picked":"White Noise","floor":1},{"not_picked":["Reinforced Body","Stack"],"picked":"Melter","floor":3},{"not_picked":["Stack","Rip and Tear"],"picked":"FTL","floor":6},{"not_picked":["Cold Snap","Buffer"],"picked":"Static Discharge","floor":7},{"not_picked":["Capacitor","Turbo"],"picked":"Sunder","floor":11},{"not_picked":["Skim","Coolheaded"],"picked":"Go for the Eyes","floor":13},{"not_picked":["Beam Cell","Auto Shields"],"picked":"Prime","floor":14},{"not_picked":["Fission","Multi-Cast"],"picked":"Fusion","floor":16},{"not_picked":["Barrage","Leap"],"picked":"Lockon","floor":18},{"not_picked":["Barrage","Recycle"],"picked":"Skim","floor":20},{"not_picked":["Cold Snap","Heatsinks"],"picked":"Genetic Algorithm","floor":21},{"not_picked":["Scrape","Steam Power"],"picked":"Glacier","floor":28},{"not_picked":["Beam Cell","Turbo"],"picked":"Conserve Battery","floor":30}],"player_experience":106640,"potions_floor_usage":[3,6,11,14,20,21],"damage_taken":[{"damage":1,"enemies":"2 Louse","floor":1,"turns":2},{"damage":6,"enemies":"Jaw Worm","floor":3,"turns":3},{"damage":31,"enemies":"Lagavulin","floor":6,"turns":6},{"damage":0,"enemies":"Cultist","floor":7,"turns":3},{"damage":8,"enemies":"Large Slime","floor":11,"turns":3},{"damage":0,"enemies":"2 Fungi Beasts","floor":13,"turns":2},{"damage":6,"enemies":"3 Sentries","floor":14,"turns":4},{"damage":29,"enemies":"Slime Boss","floor":16,"turns":5},{"damage":0,"enemies":"Spheric Guardian","floor":18,"turns":1},{"damage":37,"enemies":"2 Thieves","floor":20,"turns":4},{"damage":11,"enemies":"Snake Plant","floor":21,"turns":3},{"damage":0,"enemies":"Chosen and Byrds","floor":28,"turns":5},{"damage":3,"enemies":"Cultist and Chosen","floor":30,"turns":9},{"damage":40,"enemies":"Collector","floor":33,"turns":10}],"event_choices":[{"event_name":"Scrap Ooze","player_choice":"success","floor":2,"damage_taken":12},{"event_name":"Golden Wing","player_choice":"Ignored","floor":4,"damage_taken":0},{"event_name":"Liars Game","player_choice":"agreed","floor":5,"damage_taken":0},{"event_name":"Cursed Tome","player_choice":"Obtained Book","floor":22,"damage_taken":0},{"event_name":"Ghosts","player_choice":"Became a Ghost","floor":24,"damage_taken":0},{"event_name":"Forgotten Altar","player_choice":"Shed Blood","floor":29,"damage_taken":0}],"boss_relics":[{"not_picked":["Sozu","Snecko Eye"],"picked":"Nuclear Battery"}],"potions_floor_spawned":[1,3,7,13,16,18],"seed_played":"6307901153004164934","killed_by":"Collector","ascension_level":0,"is_trial":false}