{"gold_per_floor":[110,128,53,63,79,79,79,79,104,104,114,131,142,160,160,257,257,273,273,285,85,101,101,117,130,130,130,145,145,155,80,80,184,184,199,210,16,31,41,41,41,59,59,70,70,70,70,90,90,90],"floor_reached":51,"playtime":4892,"items_purged":["Strike_R","Strike_R","Strike_R"],"score":624,"play_id":"cd15d04e-67c9-4d19-9555-9b9fe27968ed","local_time":"20190323122647","is_ascension_mode":false,"campfire_choices":[{"data":"Armaments","floor":6.0,"key":"SMITH"},{"data":"Barricade","floor":8.0,"key":"SMITH"},{"data":"Double Tap","floor":10.0,"key":"SMITH"},{"data":"Body Slam","floor":15.0,"key":"SMITH"},{"data":"Limit Break","floor":23,"key":"SMITH"},{"data":"Flame Barrier","floor":27,"key":"SMITH"},{"data":"Shrug It Off","floor":29,"key":"SMITH"},{"floor":32,"key":"REST"},{"floor":41,"key":"REST"},{"floor":46,"key":"REST"},{"floor":49,"key":"REST"}],"neow_cost":"NONE","seed_source_timestamp":0,"circlet_count":0,"master_deck":["Strike_R","Defend_R","Defend_R","Defend_R","Armaments+1","Twin Strike","Shrug It Off+1","Double Tap+1","Barricade+1","Pommel Strike","Body Slam+1","Flex","Rampage","Limit Break+1","Body Slam+1","Shockwave","Flex","Twin Strike","Metallicize+1","Flame Barrier+1","Shrug It Off+1","Rampage+1","Seeing Red","Impervious","Heavy Blade+1","Rampage","Warcry","Shame"],"special_seed":0,"relics":["Burning Blood","Vajra","Velvet Choker","Shuriken","Cursed Key","Oddly Smooth Stone","Letter Opener"],"potions_floor_usage":[33,33,33,38,50],"damage_taken":[{"damage":4.0,"enemies":"2 Louse","floor":1.0,"turns":4.0},{"damage":5.0,"enemies":"Cultist","floor":2.0,"turns":4.0},{"damage":8.0,"enemies":"Jaw Worm","floor":4.0,"turns":3.0},{"damage":0.0,"enemies":"Looter","floor":5.0,"turns":4.0},{"damage":0.0,"enemies":"3 Louse","floor":11.0,"turns":5.0},{"damage":6.0,"enemies":"Blue Slaver","floor":12.0,"turns":4.0},{"damage":7.0,"enemies":"2 Fungi Beasts","floor":13.0,"turns":4.0},{"damage":1.0,"enemies":"Exordium Wildlife","floor":14.0,"turns":2.0},{"damage":47.0,"enemies":"Hexaghost","floor":16.0,"turns":10.0},{"damage":5.0,"enemies":"Chosen","floor":18.0,"turns":4.0},{"damage":14.0,"enemies":"Shell Parasite","floor":20.0,"turns":5.0},{"damage":0.0,"enemies":"Sentry and Sphere","floor":22.0,"turns":3.0},{"damage":14,"enemies":"Snake Plant","floor":24,"turns":4},{"damage":6,"enemies":"Centurion and Healer","floor":25,"turns":5},{"damage":4,"enemies":"3 Cultists","floor":28,"turns":6},{"damage":13,"enemies":"Cultist and Chosen","floor":30,"turns":6},{"damage":17,"enemies":"Automaton","floor":33,"turns":9},{"damage":10,"enemies":"3 Shapes","floor":35,"turns":6},{"damage":5,"enemies":"3 Darklings","floor":36,"turns":5},{"damage":17,"enemies":"Sphere and 2 Shapes","floor":38,"turns":6},{"damage":25,"enemies":"Jaw Worm Horde","floor":39,"turns":3},{"damage":21,"enemies":"Maw","floor":42,"turns":6},{"damage":33,"enemies":"3 Darklings","floor":44,"turns":6},{"damage":15,"enemies":"Sphere and 2 Shapes","floor":48,"turns":6},{"damage":32,"enemies":"Awakened One","floor":50,"turns":11}],"seed_played":"-6424574185652368132","potions_obtained":[{"floor":4.0,"key":"GamblersBrew"},{"floor":5.0,"key":"EssenceOfSteel"},{"floor":16.0,"key":"FearPotion"},{"floor":18.0,"key":"EssenceOfSteel"},{"floor":30,"key":"FearPotion"},{"floor":33,"key":"AttackPotion"},{"floor":39,"key":"SpeedPotion"},{"floor":48,"key":"FearPotion"}],"is_trial":false,"path_per_floor":["M","M","$","M","M","R","?","R","T","R","M","M","M","M","R","B",null,"M","?","M","$","M","R","M","M","T","R","M","R","M","?","R","B",null,"M","M","$","M","M","?","R","M","T","M","?","R","?","M","R","B",null],"character_chosen":"IRONCLAD","items_purchased":["Flex","Twin Strike","Rampage"],"campfire_rested":4,"item_purchase_floors":[21,21,37],"current_hp_per_floor":[80,80,80,78,80,80,80,80,80,80,80,80,79,80,80,39,80,80,80,72,72,78,78,70,70,70,70,72,72,65,65,80,69,80,76,77,77,66,47,47,71,56,56,29,29,53,53,44,68,42],"gold":90,"neow_bonus":"THREE_CARDS","is_prod":false,"is_daily":false,"chose_seed":false,"campfire_upgraded":7,"win_rate":0.0,"timestamp":1553358407,"path_taken":["M","M","$","M","M","R","?","R","T","R","M","M","M","?","R","BOSS","M","?","M","$","M","R","M","M","T","R","M","R","M","?","R","BOSS","M","M","$","M","M","?","R","?","T","M","?","R","?","M","R","BOSS"],"build_version":"2019-01-23","purchased_purges":3,"victory":true,"max_hp_per_floor":[80,80,80,80,80,80,80,80,80,80,80,80,80,80,80,80,80,80,80,80,80,80,80,80,80,80,80,80,80,80,80,80,80,80,80,80,80,80,80,80,80,80,80,80,80,80,80,80,80,80],"card_choices":[{"not_picked":["Shockwave","Sword Boomerang"],"picked":"Armaments","floor":0.0},{"not_picked":["Sword Boomerang","Heavy Blade"],"picked":"Twin Strike","floor":1.0},{"not_picked":["Sword Boomerang","Whirlwind","Clash"],"picked":"SKIP","floor":2.0},{"not_picked":["Combust","Bloodletting"],"picked":"Shrug It Off","floor":4.0},{"not_picked":["Dual Wield","Clothesline"],"picked":"Double Tap","floor":5.0},{"not_picked":["Clash","Anger"],"picked":"Pommel Strike","floor":11.0},{"not_picked":["Anger","Headbutt"],"picked":"Body Slam","floor":12.0},{"not_picked":["Anger","Perfected Strike"],"picked":"Flex","floor":13.0},{"not_picked":["Twin Strike","Clothesline"],"picked":"Rampage","floor":14.0},{"not_picked":["Barricade","Fiend Fire"],"picked":"Limit Break","floor":16.0},{"not_picked":["Entrench","Infernal Blade"],"picked":"Body Slam+1","floor":18.0},{"not_picked":["Sword Boomerang","Clash"],"picked":"Shockwave","floor":20.0},{"not_picked":["Immolate","Pommel Strike"],"picked":"Metallicize+1","floor":22.0},{"not_picked":["Blood for Blood+1","True Grit"],"picked":"Flame Barrier","floor":24},{"not_picked":["Rage","Second Wind+1"],"picked":"Shrug It Off+1","floor":25},{"not_picked":["Twin Strike","Clash"],"picked":"Rampage+1","floor":28},{"not_picked":["Reckless Charge+1","Carnage+1"],"picked":"Seeing Red","floor":30},{"not_picked":["Brutality","Reaper"],"picked":"Impervious","floor":33},{"not_picked":["True Grit+1","Whirlwind"],"picked":"Heavy Blade+1","floor":35},{"not_picked":["Hemokinesis+1","Pommel Strike","Iron Wave"],"picked":"SKIP","floor":36},{"not_picked":["Perfected Strike+1","Rupture"],"picked":"Warcry","floor":38},{"not_picked":["Clothesline","Bludgeon","Searing Blow"],"picked":"SKIP","floor":39},{"not_picked":["Reckless Charge+1","Evolve+1","Dual Wield"],"picked":"SKIP","floor":42},{"not_picked":["Clothesline","Thunderclap","Evolve"],"picked":"SKIP","floor":44},{"not_picked":["Disarm","Dual Wield","Combust+1"],"picked":"SKIP","floor":48}],"player_experience":48390,"relics_obtained":[{"floor":9.0,"key":"Vajra"},{"floor":26,"key":"Shuriken"},{"floor":43,"key":"Letter Opener"}],"event_choices":[{"damage_healed":0.0,"max_hp_gain":0.0,"max_hp_loss":0.0,"gold_gain":0.0,"cards_transformed":["Defend_R"],"event_name":"Transmorgrifier","player_choice":"Transformed","floor":7.0,"gold_loss":0.0,"damage_taken":0.0,"cards_obtained":["Barricade"]},{"damage_healed":0.0,"max_hp_gain":0.0,"max_hp_loss":0.0,"gold_gain":0.0,"event_name":"Cursed Tome","player_choice":"Ignored","floor":19.0,"gold_loss":0.0,"damage_taken":0.0},{"cards_removed":["Strike_R"],"damage_healed":0,"gold_gain":0,"player_choice":"Gave Gold","damage_taken":0,"max_hp_gain":0,"max_hp_loss":0,"event_name":"Beggar","floor":31,"gold_loss":75},{"damage_healed":0,"gold_gain":0,"player_choice":"Gave Potion","damage_taken":0,"relics_obtained":["Oddly Smooth Stone"],"max_hp_gain":0,"max_hp_loss":0,"event_name":"WeMeetAgain","floor":40,"gold_loss":0},{"cards_removed":["Bash"],"damage_healed":0,"gold_gain":0,"player_choice":"Removed Attack","damage_taken":0,"max_hp_gain":0,"max_hp_loss":0,"event_name":"Falling","floor":45,"gold_loss":0},{"damage_healed":0,"gold_gain":0,"player_choice":"Ignored","damage_taken":0,"max_hp_gain":0,"max_hp_loss":0,"event_name":"Mysterious Sphere","floor":47,"gold_loss":0}],"is_beta":false,"boss_relics":[{"not_picked":["Astrolabe","Sozu"],"picked":"Velvet Choker"},{"not_picked":["Mark of Pain","Coffee Dripper"],"picked":"Cursed Key"}],"items_purged_floors":[3,21,37],"is_endless":false,"potions_floor_spawned":[4,5,16,18,30,33,39,48],"ascension_level":0}