{"gold_per_floor":[112,3,23,41,56,56,73,104,184,214,228,28,28,38,38,133,133,101,101,120,132,21,21,53,53,53,53,72,72,72,72,72,174,174,186,199,74,74,94,111,122,122,122,133,147,147,159,179,179,179],"floor_reached":50,"playtime":8298,"items_purged":["Strike_R","Pain","Decay"],"score":495,"play_id":"60f4be85-1521-403b-bc88-b999a2f9ae3a","local_time":"20190324154741","is_ascension_mode":false,"campfire_choices":[{"data":"Flame Barrier","floor":6,"key":"SMITH"},{"floor":13,"key":"RECALL"},{"floor":15,"key":"REST"},{"floor":23,"key":"REST"},{"floor":25,"key":"REST"},{"floor":32,"key":"REST"},{"floor":49,"key":"REST"}],"neow_cost":"NONE","seed_source_timestamp":322597783546059,"circlet_count":0,"master_deck":["Strike_R","Strike_R","Strike_R","Defend_R","Defend_R","Defend_R","Defend_R","Bash","Shrug It Off+1","Flame Barrier+1","Flex","Pommel Strike","Headbutt","Twin Strike","Pommel Strike","Burning Pact+1","Armaments+1","Shrug It Off+1","Impervious+1","Double Tap+1","Clothesline+1","Warcry+1","Rampage","Rage+1","Inflame+1","Injury","Barricade","Headbutt+1","Madness+1","Madness+1","Carnage+1","Heavy Blade","Writhe","Warcry+1","Doubt","Rage+1","Limit Break+1"],"relics":["Cursed Key","Toxic Egg 2","Meat on the Bone","Odd Mushroom","White Beast Statue","Mango","Lizard Tail","Dodecahedron"],"potions_floor_usage":[8,14,16,16,24,28,33,33,36,36,39,40,41,44,45,48,48,50],"damage_taken":[{"damage":3,"enemies":"Small Slimes","floor":1,"turns":4},{"damage":2,"enemies":"2 Louse","floor":3,"turns":3},{"damage":0,"enemies":"Cultist","floor":4,"turns":3},{"damage":2,"enemies":"Blue Slaver","floor":5,"turns":4},{"damage":0,"enemies":"Large Slime","floor":7,"turns":4},{"damage":13,"enemies":"3 Sentries","floor":8,"turns":9},{"damage":22,"enemies":"The Mushroom Lair","floor":10,"turns":4},{"damage":4,"enemies":"3 Louse","floor":11,"turns":5},{"damage":0,"enemies":"Gremlin Gang","floor":14,"turns":5},{"damage":29,"enemies":"Slime Boss","floor":16,"turns":15},{"damage":9,"enemies":"2 Thieves","floor":18,"turns":5},{"damage":12,"enemies":"3 Byrds","floor":20,"turns":7},{"damage":15,"enemies":"Cultist and Chosen","floor":21,"turns":8},{"damage":21,"enemies":"Slavers","floor":24,"turns":7},{"damage":15,"enemies":"Snake Plant","floor":28,"turns":4},{"damage":56,"enemies":"Champ","floor":33,"turns":19},{"damage":14,"enemies":"3 Shapes","floor":35,"turns":9},{"damage":37,"enemies":"3 Darklings","floor":36,"turns":9},{"damage":0,"enemies":"4 Shapes","floor":39,"turns":6},{"damage":49,"enemies":"Spire Growth","floor":40,"turns":6},{"damage":16,"enemies":"Jaw Worm Horde","floor":41,"turns":8},{"damage":61,"enemies":"Writhing Mass","floor":44,"turns":10},{"damage":14,"enemies":"Transient","floor":45,"turns":5},{"damage":21,"enemies":"4 Shapes","floor":47,"turns":9},{"damage":18,"enemies":"Spire Growth","floor":48,"turns":4},{"damage":99,"enemies":"Donu and Deca","floor":50,"turns":7}],"seed_played":"-747126511987380148","potions_obtained":[{"floor":4,"key":"Strength Potion"},{"floor":5,"key":"FearPotion"},{"floor":8,"key":"Swift Potion"},{"floor":14,"key":"Explosive Potion"},{"floor":18,"key":"GamblersBrew"},{"floor":19,"key":"SneckoOil"},{"floor":19,"key":"FearPotion"},{"floor":19,"key":"FairyPotion"},{"floor":21,"key":"EssenceOfSteel"},{"floor":24,"key":"Ancient Potion"},{"floor":28,"key":"Weak Potion"},{"floor":33,"key":"EssenceOfSteel"},{"floor":35,"key":"Dexterity Potion"},{"floor":36,"key":"Explosive Potion"},{"floor":39,"key":"Strength Potion"},{"floor":40,"key":"SpeedPotion"},{"floor":41,"key":"Regen Potion"},{"floor":44,"key":"FearPotion"},{"floor":45,"key":"FearPotion"},{"floor":47,"key":"PowerPotion"},{"floor":48,"key":"Block Potion"}],"is_trial":false,"path_per_floor":["M","$","M","M","M","R","M","E","T","?","M","$","R","M","R","B",null,"M","?","M","M","$","R","E","R","T","?","M","?","$","?","R","B",null,"M","M","$","?","M","M","M","?","T","M","M","?","M","M","R","B"],"character_chosen":"IRONCLAD","items_purchased":["Flame Barrier","Armaments+1","Shrug It Off+1","Rampage","Rage+1"],"campfire_rested":5,"item_purchase_floors":[2,12,12,22,22],"current_hp_per_floor":[77,77,75,75,73,73,73,60,60,50,46,46,46,46,70,41,80,71,71,59,44,44,68,61,89,89,89,74,74,74,74,94,50,94,80,55,55,43,55,18,14,14,14,59,57,94,73,55,83,0],"gold":179,"neow_bonus":"BOSS_RELIC","is_prod":false,"is_daily":false,"chose_seed":false,"campfire_upgraded":1,"win_rate":0,"timestamp":1553456861,"path_taken":["M","$","M","M","M","R","M","E","T","?","M","$","R","M","R","BOSS","M","?","M","?","$","R","E","R","T","?","M","?","?","?","R","BOSS","M","?","$","?","M","M","M","?","T","M","M","?","M","M","R","BOSS"],"build_version":"2019-01-23","purchased_purges":3,"victory":false,"max_hp_per_floor":[80,80,80,80,80,80,80,80,80,80,80,80,80,80,80,80,80,80,80,80,80,80,80,94,94,94,94,94,94,94,94,94,94,94,94,94,94,94,94,94,94,94,94,94,94,94,94,94,94,94],"card_choices":[{"not_picked":["True Grit","Rage"],"picked":"Shrug It Off","floor":1},{"not_picked":["Iron Wave","Anger"],"picked":"Flex","floor":3},{"not_picked":["Clash","Infernal Blade","Hemokinesis"],"picked":"SKIP","floor":4},{"not_picked":["Clash","Offering"],"picked":"Pommel Strike","floor":5},{"not_picked":["Clash","Sword Boomerang"],"picked":"Headbutt","floor":7},{"not_picked":["Ghostly Armor","True Grit"],"picked":"Twin Strike","floor":8},{"not_picked":["Warcry+1","Iron Wave"],"picked":"Pommel Strike","floor":10},{"not_picked":["Thunderclap","Cleave"],"picked":"Burning Pact+1","floor":11},{"not_picked":["Thunderclap","Cleave"],"picked":"Impervious+1","floor":14},{"not_picked":["Feed","Brutality"],"picked":"Double Tap+1","floor":16},{"not_picked":["Ghostly Armor+1","Armaments+1"],"picked":"Clothesline+1","floor":18},{"not_picked":["Dropkick","Clash+1","Clothesline"],"picked":"SKIP","floor":20},{"not_picked":["Thunderclap","Sword Boomerang+1"],"picked":"Warcry+1","floor":21},{"not_picked":["Bludgeon","Disarm+1"],"picked":"Inflame+1","floor":24},{"not_picked":["Perfected Strike","Carnage","True Grit+1"],"picked":"SKIP","floor":28},{"not_picked":["Double Tap+1","Offering+1"],"picked":"Barricade","floor":33},{"not_picked":["Inflame","Shrug It Off+1"],"picked":"Headbutt+1","floor":35},{"not_picked":["Sword Boomerang+1","Dropkick","Anger"],"picked":"SKIP","floor":36},{"not_picked":["Shrug It Off+1","Fire Breathing"],"picked":"Carnage+1","floor":39},{"not_picked":["Clash+1","Perfected Strike","Evolve"],"picked":"SKIP","floor":40},{"not_picked":["Berserk","Cleave"],"picked":"Heavy Blade","floor":41},{"not_picked":["Combust+1","True Grit+1","Iron Wave+1"],"picked":"SKIP","floor":44},{"not_picked":["True Grit+1","Iron Wave+1"],"picked":"Warcry+1","floor":45},{"not_picked":["Heavy Blade+1","Iron Wave+1"],"picked":"Rage+1","floor":47},{"not_picked":["Anger","Twin Strike+1"],"picked":"Limit Break+1","floor":48}],"player_experience":80833,"relics_obtained":[{"floor":8,"key":"Toxic Egg 2"},{"floor":9,"key":"Meat on the Bone"},{"floor":10,"key":"Odd Mushroom"},{"floor":24,"key":"Mango"},{"floor":43,"key":"Dodecahedron"}],"event_choices":[{"damage_healed":0,"gold_gain":0,"player_choice":"Fought Mushrooms","damage_taken":0,"max_hp_gain":0,"max_hp_loss":0,"event_name":"Mushrooms","floor":10,"gold_loss":0},{"damage_healed":0,"gold_gain":0,"player_choice":"Got Potions","damage_taken":0,"max_hp_gain":0,"max_hp_loss":0,"event_name":"Lab","floor":19,"gold_loss":0},{"damage_healed":0,"gold_gain":0,"player_choice":"Ignored","damage_taken":0,"max_hp_gain":0,"max_hp_loss":0,"event_name":"Beggar","floor":27,"gold_loss":0},{"damage_healed":0,"gold_gain":0,"player_choice":"Smashed Altar","damage_taken":0,"max_hp_gain":0,"max_hp_loss":0,"event_name":"Forgotten Altar","floor":29,"gold_loss":0,"cards_obtained":["Decay"]},{"damage_healed":0,"gold_gain":0,"player_choice":"Forge","damage_taken":0,"max_hp_gain":0,"max_hp_loss":0,"event_name":"Accursed Blacksmith","floor":31,"gold_loss":0,"cards_upgraded":["Shrug It Off"]},{"damage_healed":0,"gold_gain":0,"player_choice":"Embrace Madness","damage_taken":12,"max_hp_gain":0,"max_hp_loss":0,"event_name":"Winding Halls","floor":38,"gold_loss":0,"cards_obtained":["Madness","Madness"]},{"cards_removed":["Strike_R"],"damage_healed":0,"gold_gain":0,"player_choice":"Removed Attack","damage_taken":0,"max_hp_gain":0,"max_hp_loss":0,"event_name":"Falling","floor":42,"gold_loss":0},{"damage_healed":37,"gold_gain":0,"player_choice":"Heal","damage_taken":0,"max_hp_gain":0,"max_hp_loss":0,"event_name":"MindBloom","floor":46,"gold_loss":0,"cards_obtained":["Doubt"]}],"is_beta":false,"boss_relics":[{"not_picked":["Fusion Hammer","Tiny House"],"picked":"White Beast Statue"},{"not_picked":["Runic Pyramid","Astrolabe"],"picked":"Lizard Tail"}],"items_purged_floors":[2,12,37],"is_endless":false,"potions_floor_spawned":[4,5,8,14,18,20,21,24,28,33,35,36,39,40,41,44,45,47,48],"killed_by":"Donu and Deca","ascension_level":0}