{"gold_per_floor":[113,288,300,320,26,26,54,54,54,111,141,141,175,189,189,284,284,296,11,23,70,70,70,70,70,97,123,136,56,75,104,104,205,205,215,215,58,76,76,76,103,103,103,103],"floor_reached":44,"playtime":1563,"items_purged":[],"score":508,"play_id":"582e2f09-232d-43d4-95e5-fed04fe383a7","local_time":"20180705044246","is_ascension_mode":true,"campfire_choices":[{"data":"Core Surge","floor":6,"key":"SMITH"},{"floor":8,"key":"REST"},{"floor":12,"key":"REST"},{"floor":15,"key":"REST"},{"floor":23,"key":"REST"},{"data":"Sunder","floor":25,"key":"SMITH"},{"floor":32,"key":"REST"},{"data":"Magnetism","floor":40,"key":"SMITH"},{"data":"Metamorphosis","floor":42,"key":"SMITH"}],"neow_cost":"NONE","seed_source_timestamp":275945735203566,"circlet_count":0,"master_deck":["Strike_B+1","Strike_B","Strike_B+1","Defend_B","Defend_B","Defend_B","Defend_B","Zap","Dualcast","Core Surge","Force Field","Darkness","Recycle","Core Surge+1","Loop","Self Repair","Chill","Darkness","Echo Form+1","Loop+1","Metamorphosis+1","Sunder+1","Doom and Gloom","Coolheaded+1","Hologram+1","Melter","Compile Driver+1","Consume","Reboot","Regret","Redo","Scrape","Glacier","Static Discharge+1","Magnetism+1","Jack Of All Trades","Secret Weapon","Force Field+1"],"relics":["Cracked Core","Whetstone","Mercury Hourglass","Anchor","Pen Nib","Tiny Chest","Bag of Marbles","Eternal Feather","Vajra","Omamori","DataDisk","Mango","Calling Bell","Bronze Scales","Symbiotic Virus","Ice Cream","Darkstone Periapt","Bottled Tornado"],"potions_floor_usage":[10,13,13,16,16,31,33,41],"damage_taken":[{"damage":6,"enemies":"Jaw Worm","floor":1,"turns":2},{"damage":5,"enemies":"Small Slimes","floor":3,"turns":3},{"damage":0,"enemies":"Cultist","floor":4,"turns":2},{"damage":33,"enemies":"3 Sentries","floor":7,"turns":7},{"damage":11,"enemies":"3 Sentries","floor":10,"turns":4},{"damage":16,"enemies":"Gremlin Nob","floor":13,"turns":3},{"damage":7,"enemies":"Blue Slaver","floor":14,"turns":3},{"damage":39,"enemies":"Hexaghost","floor":16,"turns":5},{"damage":28,"enemies":"Shell Parasite","floor":18,"turns":4},{"damage":36,"enemies":"2 Thieves","floor":20,"turns":4},{"damage":3,"enemies":"3 Cultists","floor":28,"turns":3},{"damage":18,"enemies":"Centurion and Healer","floor":30,"turns":6},{"damage":34,"enemies":"Gremlin Leader","floor":31,"turns":6},{"damage":60,"enemies":"Collector","floor":33,"turns":9},{"damage":7,"enemies":"3 Darklings","floor":35,"turns":6},{"damage":1,"enemies":"3 Shapes","floor":38,"turns":3},{"damage":41,"enemies":"2 Orb Walkers","floor":41,"turns":6},{"damage":91,"floor":44,"turns":4}],"seed_played":"3868794815832512975","potions_obtained":[{"floor":7,"key":"Fire Potion"},{"floor":10,"key":"AttackPotion"},{"floor":10,"key":"Fire Potion"},{"floor":13,"key":"SteroidPotion"},{"floor":14,"key":"FearPotion"},{"floor":30,"key":"Regen Potion"},{"floor":31,"key":"Weak Potion"},{"floor":38,"key":"Energy Potion"}],"is_trial":false,"path_per_floor":["M","?","M","M","$","R","E","R","T","?","?","R","E","M","R","B",null,"M","$","M","T","?","R","?","R","T","T","M","$","M","E","R","B",null,"M","?","$","M","?","R","E","R","T"],"character_chosen":"DEFECT","items_purchased":["Core Surge","Whetstone","Metamorphosis","Sunder","Doom and Gloom","Melter","Scrape","Glacier"],"campfire_rested":5,"item_purchase_floors":[5,5,19,19,19,29,37,37],"current_hp_per_floor":[69,69,64,64,64,64,31,53,53,42,30,52,36,29,51,19,75,54,54,25,25,25,57,57,67,67,67,64,64,53,47,83,30,89,82,82,82,88,78,89,55,69,69,0],"gold":103,"neow_bonus":"ONE_RANDOM_RARE_CARD","is_prod":false,"is_daily":false,"chose_seed":false,"campfire_upgraded":4,"win_rate":0,"timestamp":1530780166,"path_taken":["M","?","M","M","$","R","E","R","T","?","?","R","E","M","R","BOSS","M","$","M","?","?","R","?","R","T","?","M","?","M","E","R","BOSS","M","?","$","M","?","R","E","R","T","?"],"build_version":"2018-07-04","purchased_purges":0,"victory":false,"max_hp_per_floor":[75,75,75,75,75,75,75,75,75,75,75,75,75,75,75,75,75,75,75,75,75,75,75,75,75,75,75,75,75,75,89,89,89,89,89,89,89,89,89,89,89,89,89,89],"card_choices":[{"not_picked":["Streamline","Stack"],"picked":"Force Field","floor":1},{"not_picked":["Beam Cell","Blizzard"],"picked":"Darkness","floor":3},{"not_picked":["Compile Driver","Streamline"],"picked":"Recycle","floor":4},{"not_picked":["Blizzard","Steam Power"],"picked":"Loop","floor":7},{"not_picked":["Compile Driver","Coolheaded"],"picked":"Self Repair","floor":10},{"not_picked":["Double Energy","Compile Driver"],"picked":"Chill","floor":13},{"not_picked":["Blizzard","Ball Lightning"],"picked":"Darkness","floor":14},{"not_picked":["Seek","Creative AI"],"picked":"Echo Form","floor":16},{"not_picked":["Doom and Gloom+1","Heatsinks"],"picked":"Loop+1","floor":18},{"not_picked":["Sweeping Beam+1","Darkness+1"],"picked":"Coolheaded+1","floor":20},{"not_picked":["Hello World","Beam Cell"],"picked":"Hologram+1","floor":28},{"not_picked":["Beam Cell","Undo"],"picked":"Compile Driver+1","floor":30},{"not_picked":["Stack+1","Darkness"],"picked":"Consume","floor":31},{"not_picked":["Multi-Cast","Biased Cognition"],"picked":"Reboot","floor":33},{"not_picked":["Steam","Beam Cell"],"picked":"Redo","floor":35},{"not_picked":["Electrodynamics","Turbo+1"],"picked":"Static Discharge+1","floor":38},{"not_picked":["Bandage Up","Good Instincts"],"picked":"Magnetism","floor":39},{"not_picked":["Purity","PanicButton"],"picked":"Jack Of All Trades","floor":39},{"not_picked":["Finesse","Dark Shackles"],"picked":"Secret Weapon","floor":39},{"not_picked":["Darkness+1","Rebound"],"picked":"Force Field+1","floor":41}],"player_experience":384718,"relics_obtained":[{"floor":7,"key":"Mercury Hourglass"},{"floor":9,"key":"Anchor"},{"floor":10,"key":"Pen Nib"},{"floor":13,"key":"Bag of Marbles"},{"floor":21,"key":"Vajra"},{"floor":26,"key":"Omamori"},{"floor":27,"key":"DataDisk"},{"floor":31,"key":"Mango"},{"floor":34,"key":"Bronze Scales"},{"floor":34,"key":"Symbiotic Virus"},{"floor":34,"key":"Ice Cream"},{"floor":41,"key":"Darkstone Periapt"},{"floor":43,"key":"Bottled Tornado"}],"event_choices":[{"event_name":"Liars Game","player_choice":"agreed","floor":2,"damage_taken":0},{"event_name":"Dead Adventurer","player_choice":"Searched \u00271\u0027 times","floor":10,"damage_taken":0},{"event_name":"Scrap Ooze","player_choice":"success","floor":11,"damage_taken":12},{"event_name":"Purifier","player_choice":"One Purge","floor":22,"damage_taken":0},{"event_name":"Upgrade Shrine","player_choice":"Upgraded","floor":24,"damage_taken":0},{"event_name":"Falling","player_choice":"Removed Attack","floor":36,"damage_taken":0},{"event_name":"SensoryStone","player_choice":"Memory 3","floor":39,"damage_taken":0},{"event_name":"Mysterious Sphere","player_choice":"Fight","floor":44,"damage_taken":0}],"boss_relics":[{"not_picked":["Runic Dome","Busted Crown"],"picked":"Eternal Feather"},{"not_picked":["Pandora\u0027s Box","Astrolabe"],"picked":"Calling Bell"}],"items_purged_floors":[],"is_endless":false,"potions_floor_spawned":[7,10,10,13,14,30,31,38],"ascension_level":1}