{"gold_per_floor":[114,114,133,149,149,179,179,204,257,284,304,35,52,87,87,186,186,201,216,216,67,67,67,95,95,95,124,39,71,71,81,81,180,180,193,193,212,43,61,89,89,189,189,222,222,257,276,58,58,58],"floor_reached":51,"playtime":2204,"items_purged":["Strike_R","Strike_R","Strike_R"],"score":934,"play_id":"14e68dd7-25cf-4f89-803c-d3c1bab9e75d","local_time":"20181115184607","is_ascension_mode":true,"campfire_choices":[{"data":"Whirlwind","floor":7.0,"key":"SMITH"},{"data":"Armaments","floor":15.0,"key":"SMITH"},{"data":"Limit Break","floor":23.0,"key":"SMITH"},{"data":"True Grit","floor":25.0,"key":"SMITH"},{"floor":30.0,"key":"DIG"},{"floor":32.0,"key":"DIG"},{"floor":41,"key":"DIG"},{"floor":45,"key":"DIG"},{"floor":49,"key":"DIG"}],"neow_cost":"NONE","seed_source_timestamp":142009324301939,"circlet_count":0,"master_deck":["Strike_R","Defend_R","Defend_R+1","Defend_R","Defend_R","Bash","Shrug It Off+1","Clothesline","Iron Wave","Whirlwind+1","Offering","Anger","Combust","Armaments+1","Impervious","Berserk","Limit Break+1","Inflame","True Grit+1","Rupture","Uppercut+1","Double Tap","Shrug It Off","Ghostly Armor+1","Mayhem","Disarm+1","Reaper","Corruption+1","Feel No Pain+1","Impervious"],"special_seed":0,"relics":["Burning Blood","Art of War","Bird Faced Urn","War Paint","Strawberry","Meat on the Bone","Ancient Tea Set","Velvet Choker","Mummified Hand","Self Forming Clay","Bottled Lightning","Shovel","Blood Vial","FossilizedHelix","Question Card","Fusion Hammer","Omamori","Gambling Chip","WingedGreaves","Pear","Dead Branch","Ornamental Fan","The Courier","Matryoshka"],"potions_floor_usage":[50],"damage_taken":[{"damage":6.0,"enemies":"Cultist","floor":1.0,"turns":3.0},{"damage":8.0,"enemies":"Jaw Worm","floor":3.0,"turns":3.0},{"damage":0.0,"enemies":"2 Louse","floor":4.0,"turns":3.0},{"damage":28.0,"enemies":"Lagavulin","floor":6.0,"turns":9.0},{"damage":23.0,"enemies":"3 Sentries","floor":8.0,"turns":4.0},{"damage":30.0,"enemies":"Gremlin Nob","floor":10.0,"turns":4.0},{"damage":6.0,"enemies":"Large Slime","floor":11.0,"turns":3.0},{"damage":6.0,"enemies":"Gremlin Gang","floor":13.0,"turns":1.0},{"damage":17.0,"enemies":"3 Sentries","floor":14.0,"turns":3.0},{"damage":48.0,"enemies":"The Guardian","floor":16.0,"turns":12.0},{"damage":13.0,"enemies":"Shell Parasite","floor":18.0,"turns":7.0},{"damage":31.0,"enemies":"2 Thieves","floor":19.0,"turns":3.0},{"damage":42.0,"enemies":"Book of Stabbing","floor":24.0,"turns":6.0},{"damage":9.0,"enemies":"Gremlin Leader","floor":27.0,"turns":6.0},{"damage":13.0,"enemies":"Book of Stabbing","floor":29.0,"turns":5.0},{"damage":16.0,"enemies":"Cultist and Chosen","floor":31.0,"turns":5.0},{"damage":32.0,"enemies":"Collector","floor":33.0,"turns":7.0},{"damage":22.0,"enemies":"3 Darklings","floor":35.0,"turns":3.0},{"damage":28.0,"enemies":"3 Shapes","floor":37.0,"turns":5.0},{"damage":28.0,"enemies":"Writhing Mass","floor":39.0,"turns":7.0},{"damage":38,"enemies":"Nemesis","floor":40,"turns":5},{"damage":3,"enemies":"Mind Bloom Boss Battle","floor":42,"turns":6},{"damage":37,"enemies":"Giant Head","floor":44,"turns":7},{"damage":30,"enemies":"Nemesis","floor":46,"turns":5},{"damage":9,"enemies":"Transient","floor":47,"turns":5},{"damage":18,"enemies":"Time Eater","floor":50,"turns":7}],"seed_played":"7519773439290815994","potions_obtained":[{"floor":6.0,"key":"LiquidBronze"},{"floor":8.0,"key":"Weak Potion"},{"floor":13.0,"key":"SkillPotion"},{"floor":18.0,"key":"Strength Potion"},{"floor":31.0,"key":"SkillPotion"},{"floor":33.0,"key":"Explosive Potion"},{"floor":37.0,"key":"SkillPotion"},{"floor":39.0,"key":"BloodPotion"},{"floor":42,"key":"Strength Potion"},{"floor":47,"key":"Weak Potion"}],"is_trial":false,"path_per_floor":["M","?","M","M","T","E","R","E","T","E","M","$","M","E","R","B",null,"M","M","?","$","?","R","E","R","T","E","?","E","R","M","R","B",null,"M","M","?","M","$","M","E","R","?","T","E","R","E","M","$","R","B",null],"character_chosen":"IRONCLAD","items_purchased":["Combust","Armaments","Impervious","True Grit","Mayhem","Impervious"],"campfire_rested":0,"item_purchase_floors":[12,12,12,21,38,48],"current_hp_per_floor":[88,93,91,93,93,71,71,54,61,37,49,49,61,64,64,38,100,97,78,58,58,58,58,42,42,42,59,59,70,70,66,66,62,105,91,91,77,77,67,55,55,70,80,73,73,77,101,101,101,103],"gold":58,"neow_bonus":"TEN_PERCENT_HP_BONUS","is_prod":false,"is_daily":false,"chose_seed":false,"campfire_upgraded":4,"win_rate":0,"timestamp":1542332767,"path_taken":["M","?","M","M","?","E","R","E","T","E","M","$","M","E","R","BOSS","M","M","?","$","?","R","E","R","T","E","?","E","R","M","R","BOSS","M","?","M","$","?","E","R","?","T","E","R","E","M","$","R","BOSS"],"build_version":"2018-11-15","purchased_purges":3,"victory":true,"max_hp_per_floor":[88,93,93,93,93,93,93,93,100,100,100,100,100,100,100,100,100,100,100,105,105,105,105,105,105,105,105,105,105,105,105,105,105,105,105,105,105,105,105,105,105,105,115,115,115,115,115,115,115,115],"card_choices":[{"not_picked":["Perfected Strike","Heavy Blade"],"picked":"Shrug It Off","floor":1.0},{"not_picked":["Headbutt","Warcry"],"picked":"Clothesline","floor":3.0},{"not_picked":["Thunderclap","Cleave"],"picked":"Iron Wave","floor":4.0},{"not_picked":["Cleave","Sentinel"],"picked":"Whirlwind","floor":6.0},{"not_picked":["Perfected Strike","Rupture"],"picked":"Offering","floor":8.0},{"not_picked":["Dual Wield","Twin Strike"],"picked":"Anger","floor":10.0},{"not_picked":["Cleave","Havoc","Clothesline"],"picked":"SKIP","floor":11.0},{"not_picked":["Cleave","Pommel Strike","Anger"],"picked":"SKIP","floor":13.0},{"not_picked":["Intimidate","True Grit"],"picked":"Berserk","floor":14.0},{"not_picked":["Double Tap","Exhume"],"picked":"Limit Break","floor":16.0},{"not_picked":["Entrench","Thunderclap"],"picked":"Inflame","floor":18.0},{"not_picked":["Searing Blow","Clash+1","Bloodletting+1"],"picked":"SKIP","floor":19.0},{"not_picked":["Rampage+1","Headbutt","Iron Wave"],"picked":"SKIP","floor":24.0},{"not_picked":["Rupture","Searing Blow+1"],"picked":"Uppercut+1","floor":27.0},{"not_picked":["Intimidate","Anger","Barricade"],"picked":"SKIP","floor":29.0},{"not_picked":["Armaments","Pummel","Clash"],"picked":"SKIP","floor":31.0},{"not_picked":["Feed","Demon Form","Barricade"],"picked":"Double Tap","floor":33.0},{"not_picked":["Cleave","Reckless Charge+1","Wild Strike+1","Warcry+1"],"picked":"SKIP","floor":35.0},{"not_picked":["Twin Strike+1","Combust","Headbutt+1"],"picked":"Ghostly Armor+1","floor":37.0},{"not_picked":["Cleave","Clothesline+1","Searing Blow"],"picked":"Disarm+1","floor":39.0},{"not_picked":["Thunderclap+1","Hemokinesis","Flex+1","Bludgeon"],"picked":"SKIP","floor":40},{"not_picked":["Shockwave+1","Flex","Pummel"],"picked":"Reaper","floor":44},{"not_picked":["Body Slam","Perfected Strike+1","Blood for Blood+1"],"picked":"Corruption+1","floor":46},{"not_picked":["Clash","Wild Strike","Metallicize"],"picked":"Feel No Pain+1","floor":47}],"player_experience":622050,"relics_obtained":[{"floor":5.0,"key":"Art of War"},{"floor":6.0,"key":"Bird Faced Urn"},{"floor":8.0,"key":"War Paint"},{"floor":9.0,"key":"Strawberry"},{"floor":10.0,"key":"Meat on the Bone"},{"floor":14.0,"key":"Ancient Tea Set"},{"floor":24.0,"key":"Mummified Hand"},{"floor":26.0,"key":"Self Forming Clay"},{"floor":27.0,"key":"Bottled Lightning"},{"floor":29.0,"key":"Blood Vial"},{"floor":30.0,"key":"FossilizedHelix"},{"floor":32.0,"key":"Question Card"},{"floor":40,"key":"Omamori"},{"floor":41,"key":"Gambling Chip"},{"floor":42,"key":"WingedGreaves"},{"floor":43,"key":"Pear"},{"floor":44,"key":"Dead Branch"},{"floor":45,"key":"Ornamental Fan"},{"floor":46,"key":"The Courier"},{"floor":49,"key":"Matryoshka"}],"event_choices":[{"damage_healed":0.0,"max_hp_gain":5.0,"max_hp_loss":0.0,"gold_gain":0.0,"event_name":"Big Fish","player_choice":"Donut","floor":2.0,"gold_loss":0.0,"damage_taken":0.0},{"damage_healed":0.0,"max_hp_gain":5.0,"max_hp_loss":0.0,"gold_gain":0.0,"event_name":"Forgotten Altar","player_choice":"Shed Blood","floor":20.0,"gold_loss":0.0,"damage_taken":25.0},{"damage_healed":0.0,"max_hp_gain":0.0,"max_hp_loss":0.0,"gold_gain":0.0,"event_name":"The Library","player_choice":"Read","floor":22.0,"gold_loss":0.0,"damage_taken":0.0,"cards_obtained":["Rupture"]},{"damage_healed":0.0,"max_hp_gain":0.0,"max_hp_loss":0.0,"gold_gain":0.0,"event_name":"Addict","player_choice":"Obtained Relic","floor":28.0,"gold_loss":85.0,"damage_taken":0.0,"relics_obtained":["Shovel"]},{"damage_healed":0.0,"max_hp_gain":0.0,"max_hp_loss":0.0,"gold_gain":0.0,"cards_transformed":["Strike_R"],"event_name":"Transmorgrifier","player_choice":"Transformed","floor":36.0,"gold_loss":0.0,"damage_taken":0.0,"cards_obtained":["Shrug It Off"]},{"damage_healed":0,"gold_gain":0,"player_choice":"Fight","damage_taken":0,"max_hp_gain":0,"max_hp_loss":0,"event_name":"MindBloom","floor":42,"gold_loss":0}],"is_beta":false,"boss_relics":[{"not_picked":["Pandora\u0027s Box","Busted Crown"],"picked":"Velvet Choker"},{"not_picked":["Tiny House","Calling Bell"],"picked":"Fusion Hammer"}],"items_purged_floors":[12,21,48],"is_endless":false,"potions_floor_spawned":[6,8,13,14,18,31,33,37,39,42,47],"ascension_level":1}