{"gold_per_floor":[109,129,149,165,179,179,198,198,198,233,250,425,425],"floor_reached":13,"playtime":433,"items_purged":[],"score":107,"play_id":"112689dc-6a7e-4b26-8732-dd240c3d5ab0","local_time":"20190521035950","is_ascension_mode":true,"campfire_choices":[{"floor":6,"key":"REST"},{"data":"Fission","floor":8,"key":"SMITH"}],"neow_cost":"NONE","seed_source_timestamp":337213543827400,"circlet_count":0,"master_deck":["Strike_B","Strike_B","Strike_B","Strike_B","Defend_B","Defend_B","Defend_B","Defend_B","Zap","Dualcast","Aggregate","Rebound","Aggregate","Steam","Fission+1","Storm","Amplify","Chaos","Doubt"],"relics":["Cracked Core","NeowsBlessing","Boot","Mango","PreservedInsect"],"potions_floor_usage":[4,4,10,10],"damage_taken":[{"damage":0,"enemies":"Cultist","floor":1,"turns":1},{"damage":0,"enemies":"Small Slimes","floor":2,"turns":1},{"damage":0,"enemies":"Jaw Worm","floor":3,"turns":1},{"damage":0,"enemies":"3 Louse","floor":4,"turns":2},{"damage":38,"enemies":"Gremlin Gang","floor":5,"turns":6},{"damage":10,"enemies":"2 Fungi Beasts","floor":7,"turns":3},{"damage":30,"enemies":"3 Sentries","floor":10,"turns":9},{"damage":9,"enemies":"Large Slime","floor":11,"turns":3},{"damage":36,"enemies":"Lagavulin Event","floor":13,"turns":3}],"seed_played":"8288932758086144726","potions_obtained":[{"floor":1,"key":"Fire Potion"},{"floor":3,"key":"EssenceOfSteel"},{"floor":5,"key":"Energy Potion"},{"floor":7,"key":"Energy Potion"}],"is_trial":false,"path_per_floor":["M","M","M","M","M","R","M","R","T","E","M","?","?"],"character_chosen":"DEFECT","items_purchased":[],"campfire_rested":1,"item_purchase_floors":[],"current_hp_per_floor":[75,75,75,75,37,59,49,49,49,33,24,24,0],"gold":425,"neow_bonus":"THREE_ENEMY_KILL","is_prod":false,"is_daily":false,"chose_seed":false,"campfire_upgraded":1,"win_rate":0,"timestamp":1558425590,"path_taken":["M","?","M","M","M","R","M","R","T","E","M","?","?"],"build_version":"2019-05-07","purchased_purges":0,"victory":false,"max_hp_per_floor":[75,75,75,75,75,75,75,75,75,89,89,89,89],"card_choices":[{"not_picked":["BootSequence","Storm"],"picked":"Aggregate","floor":1},{"not_picked":["Sweeping Beam","Redo"],"picked":"Rebound","floor":2},{"not_picked":["Double Energy","Compile Driver"],"picked":"Aggregate","floor":3},{"not_picked":["Hologram","Leap"],"picked":"Steam","floor":4},{"not_picked":["Compile Driver","Force Field"],"picked":"Fission","floor":5},{"not_picked":["Sweeping Beam","Scrape"],"picked":"Storm","floor":7},{"not_picked":["Melter","Self Repair"],"picked":"Amplify","floor":10},{"not_picked":["Stack","Barrage"],"picked":"Chaos","floor":11}],"player_experience":899940,"relics_obtained":[{"floor":9,"key":"Boot"},{"floor":10,"key":"Mango"}],"event_choices":[{"damage_healed":0,"gold_gain":175,"player_choice":"AGREE","damage_taken":0,"max_hp_gain":0,"max_hp_loss":0,"event_name":"Liars Game","floor":12,"gold_loss":0,"cards_obtained":["Doubt"]},{"damage_healed":0,"gold_gain":0,"player_choice":"Searched \u00272\u0027 times","damage_taken":0,"relics_obtained":["PreservedInsect"],"max_hp_gain":0,"max_hp_loss":0,"event_name":"Dead Adventurer","floor":13,"gold_loss":0}],"is_beta":true,"boss_relics":[],"items_purged_floors":[],"is_endless":false,"potions_floor_spawned":[1,3,5,7],"killed_by":"Lagavulin Event","ascension_level":4}