{"path_per_floor":["?","?","?","?","?","?","?","?","?","?","?","?","?","?","?","B",null,"?","?","?","?","?","?","?","?","?"],"character_chosen":"IRONCLAD","items_purchased":["Fire Potion","Inflame","Blood Vial","Ghostly Armor"],"gold_per_floor":[114,64,79,16,16,16,93,93,168,77,92,107,122,137,137,237,237,252,267,282,282,297,8,23,23,73],"floor_reached":27,"campfire_rested":1,"playtime":2177,"current_hp_per_floor":[80,80,75,75,75,75,63,80,80,80,77,69,63,64,64,50,80,83,74,58,58,48,48,22,22,22],"items_purged":[],"gold":73,"score":207,"play_id":"cd67fce5-2b5e-48fd-87d5-97f8e4db7fa9","local_time":"20180302084652","daily_mods":[{"name":"Diverse","description":"Start with 2 cards from another class.","modID":"Diverse","img":{"data":{"file":{"file":{"path":"images\\ui\\run_mods\\diverse.png"},"type":"Internal"},"width":64,"height":64,"format":"RGBA8888","useMipMaps":false,"isPrepared":false},"glTarget":3553,"glHandle":685,"minFilter":"Linear","magFilter":"Linear","uWrap":"ClampToEdge","vWrap":"ClampToEdge"},"positive":true},{"name":"Uncertain Future","description":"The map shows only ?.","modID":"Uncertain Future","img":{"data":{"file":{"file":{"path":"images\\ui\\run_mods\\uncertain_future.png"},"type":"Internal"},"width":64,"height":64,"format":"RGBA8888","useMipMaps":false,"isPrepared":false},"glTarget":3553,"glHandle":679,"minFilter":"Linear","magFilter":"Linear","uWrap":"ClampToEdge","vWrap":"ClampToEdge"},"positive":false},{"name":"Binary","description":"Card rewards contain only 2 cards.","modID":"Binary","img":{"data":{"file":{"file":{"path":"images\\ui\\run_mods\\binary.png"},"type":"Internal"},"width":64,"height":64,"format":"RGBA8888","useMipMaps":false,"isPrepared":false},"glTarget":3553,"glHandle":680,"minFilter":"Linear","magFilter":"Linear","uWrap":"ClampToEdge","vWrap":"ClampToEdge"},"positive":false},{"name":"Vintage","description":"The Merchant\u0027s prices are increased by 25%.","modID":"Vintage","img":{"data":{"file":{"file":{"path":"images\\ui\\run_mods\\vintage.png"},"type":"Internal"},"width":64,"height":64,"format":"RGBA8888","useMipMaps":false,"isPrepared":false},"glTarget":3553,"glHandle":677,"minFilter":"Linear","magFilter":"Linear","uWrap":"ClampToEdge","vWrap":"ClampToEdge"},"positive":false}],"is_prod":false,"is_daily":true,"is_ascension_mode":false,"campfire_upgraded":3,"timestamp":1519998412,"path_taken":["?","?","?","?","?","?","?","?","?","?","?","?","?","?","?","BOSS","?","?","?","?","?","?","?","?","?","?"],"build_version":"2018-03-01-PROD1","purchased_purges":0,"victory":false,"master_deck":["Strike_R","Strike_R","Strike_R","Strike_R","Strike_R","Defend_R","Defend_R","Defend_R","Bash","Bouncing Flask+1","Bouncing Flask+1","Clash","Battle Trance","Shockwave","Inflame","Iron Wave","Combust","Heavy Blade","Dropkick","Feed+1","Cleave+1","Rage","Ghostly Armor","Iron Wave","Ghostly Armor+1","Clash+1","Pain"],"max_hp_per_floor":[80,80,80,80,80,80,80,80,80,80,80,80,80,80,80,80,80,83,86,86,86,86,86,86,86,86],"relics":["Burning Blood","Tiny Chest","Gremlin Horn","Cursed Key","Blood Vial","Regal Pillow"],"card_choices":[{"not_picked":["Warcry"],"picked":"Clash"},{"not_picked":["Body Slam"],"picked":"Battle Trance"},{"not_picked":["Clothesline"],"picked":"Shockwave"},{"not_picked":["Heavy Blade"],"picked":"Iron Wave"},{"not_picked":["Armaments"],"picked":"Combust"},{"not_picked":["Warcry"],"picked":"Heavy Blade"},{"not_picked":["True Grit"],"picked":"Dropkick"},{"not_picked":["Bludgeon"],"picked":"Feed"},{"not_picked":["Perfected Strike"],"picked":"Cleave"},{"not_picked":["Armaments"],"picked":"Rage"},{"not_picked":["Clash"],"picked":"Ghostly Armor"},{"not_picked":["Clothesline"],"picked":"Iron Wave"},{"not_picked":["Pummel"],"picked":"Clash"}],"player_experience":211317,"potions_floor_usage":[7,7,7,13,16,18,22,24],"damage_taken":[{"damage":1,"enemies":"Cultist","floor":1,"turns":3},{"damage":11,"enemies":"Jaw Worm","floor":3,"turns":2},{"damage":18,"enemies":"Lagavulin Event","floor":7,"turns":3},{"damage":9,"enemies":"Small Slimes","floor":11,"turns":4},{"damage":14,"enemies":"2 Fungi Beasts","floor":12,"turns":4},{"damage":12,"enemies":"Red Slaver","floor":13,"turns":4},{"damage":5,"enemies":"Looter","floor":14,"turns":2},{"damage":20,"enemies":"Slime Boss","floor":16,"turns":7},{"damage":0,"enemies":"3 Byrds","floor":18,"turns":3},{"damage":18,"enemies":"Chosen","floor":19,"turns":3},{"damage":22,"enemies":"Snecko","floor":20,"turns":4},{"damage":16,"enemies":"Cultist and Chosen","floor":22,"turns":5},{"damage":34,"enemies":"Slaver and Parasite","floor":24,"turns":6},{"damage":33,"enemies":"Slavers","floor":27,"turns":3}],"event_choices":[{"event_name":"The Cleric","player_choice":"Card Removal","floor":2,"damage_taken":0},{"event_name":"The Lab","player_choice":"Got Potions","floor":5,"damage_taken":0},{"event_name":"Dead Adventurer","player_choice":"Searched \u00272\u0027 times","floor":7,"damage_taken":0},{"event_name":"Upgrade Shrine","player_choice":"Upgraded","floor":21,"damage_taken":0}],"boss_relics":[{"not_picked":["Question Card","Velvet Choker"],"picked":"Cursed Key"}],"potions_floor_spawned":[3,12,14,16,20,22],"seed_played":"-4064848218327866266","killed_by":"Slavers","ascension_level":0,"is_trial":false}