{"path_per_floor":["M","M","?","?","T","R","M","M","T","$","R","E","M","E","R","B",null,"M","M","T","$","M","R","M","?","T","M","M","T","M","?","R"],"character_chosen":"DEFECT","items_purchased":["Capacitor","Mummified Hand","Glacier"],"gold_per_floor":[114,124,124,124,124,124,138,149,149,27,27,61,75,101,101,197,197,209,225,304,28,38,38,52,52,75,91,110,136,151,151,151,151],"floor_reached":33,"campfire_rested":4,"playtime":1290,"current_hp_per_floor":[69,64,69,69,69,69,66,57,57,57,80,71,63,53,77,42,80,47,29,29,29,19,43,24,24,30,31,25,31,29,13,33,0],"items_purged":["Pain"],"gold":151,"score":284,"play_id":"b718c987-2301-428b-91cc-ac2309cefbca","local_time":"20180517070213","is_prod":false,"is_daily":false,"chose_seed":false,"is_ascension_mode":false,"campfire_upgraded":1,"timestamp":1526554933,"campfire_choices":[{"data":"Darkness","floor":6,"key":"SMITH"},{"floor":11,"key":"REST"},{"floor":15,"key":"REST"},{"floor":23,"key":"REST"},{"floor":32,"key":"REST"}],"path_taken":["M","M","?","?","?","R","?","M","T","?","R","E","M","E","R","BOSS","M","M","?","$","M","R","M","?","T","?","M","?","M","?","R","BOSS"],"build_version":"2018-05-16","seed_source_timestamp":316649005597080,"purchased_purges":1,"victory":false,"master_deck":["Defend_B","Defend_B","Defend_B","Defend_B","Zap","Dualcast","Darkness+1","Cold Snap","Static Discharge","Sunder","Injury","Capacitor","Self Repair","Capacitor","Fission","Sunder","Doubt","Glacier","Consume","Bite","Bite","Bite","Bite","Bite","Clumsy","Force Field+1","Consume","Clumsy"],"max_hp_per_floor":[75,75,80,80,80,80,80,80,80,80,80,80,80,80,80,80,80,80,80,80,80,80,80,80,56,62,62,62,68,68,68,68,68],"relics":["Cursed Key","Shuriken","Mercury Hourglass","Bag of Marbles","Toolbox","Philosopher\u0027s Stone","Darkstone Periapt","Mummified Hand","DataDisk","Bag of Preparation","Enchiridion"],"card_choices":[{"not_picked":["Self Repair","Sweeping Beam"],"picked":"Darkness","floor":1},{"not_picked":["Sweeping Beam","Recycle"],"picked":"Cold Snap","floor":2},{"not_picked":["Stack","Sweeping Beam","Reinforced Body"],"picked":"SKIP","floor":7},{"not_picked":["Seek","Cold Snap"],"picked":"Sunder","floor":8},{"not_picked":["Turbo","Sweeping Beam","Reinforced Body"],"picked":"SKIP","floor":12},{"not_picked":["Steam","Go for the Eyes"],"picked":"Self Repair","floor":13},{"not_picked":["Beam Cell","Axe Kick"],"picked":"Capacitor","floor":14},{"not_picked":["All For One","Thunder Strike"],"picked":"Fission","floor":16},{"not_picked":["Leap","Beam Cell","Streamline"],"picked":"SKIP","floor":18},{"not_picked":["Axe Kick+1","White Noise"],"picked":"Sunder","floor":19},{"not_picked":["Steam","Tempest","Coolheaded"],"picked":"SKIP","floor":22},{"not_picked":["Coolheaded","Capacitor"],"picked":"Consume","floor":24},{"not_picked":["Lockon","Hologram"],"picked":"Force Field+1","floor":27},{"not_picked":["Glacier","Rebound"],"picked":"Consume","floor":28},{"not_picked":["Steam","Tempest+1","Reprogram+1"],"picked":"SKIP","floor":30}],"player_experience":285909,"potions_floor_usage":[7,13,14,16,18,24,24,30,33],"damage_taken":[{"damage":6,"enemies":"Jaw Worm","floor":1,"turns":3},{"damage":5,"enemies":"Small Slimes","floor":2,"turns":3},{"damage":3,"enemies":"Cultist","floor":7,"turns":3},{"damage":9,"enemies":"Blue Slaver","floor":8,"turns":3},{"damage":9,"enemies":"3 Sentries","floor":12,"turns":4},{"damage":8,"enemies":"Exordium Wildlife","floor":13,"turns":2},{"damage":17,"enemies":"Gremlin Nob","floor":14,"turns":4},{"damage":42,"enemies":"Hexaghost","floor":16,"turns":7},{"damage":40,"enemies":"Shell Parasite","floor":18,"turns":6},{"damage":25,"enemies":"3 Byrds","floor":19,"turns":3},{"damage":17,"enemies":"Snecko","floor":22,"turns":5},{"damage":26,"enemies":"Centurion and Healer","floor":24,"turns":4},{"damage":16,"enemies":"3 Cultists","floor":27,"turns":6},{"damage":23,"enemies":"Cultist and Chosen","floor":28,"turns":6},{"damage":19,"enemies":"Sentry and Sphere","floor":30,"turns":6},{"damage":43,"enemies":"Collector","floor":33,"turns":3}],"relics_obtained":[{"floor":5,"key":"Shuriken"},{"floor":9,"key":"Mercury Hourglass"},{"floor":12,"key":"Bag of Marbles"},{"floor":14,"key":"Toolbox"},{"floor":20,"key":"Darkstone Periapt"},{"floor":26,"key":"DataDisk"},{"floor":29,"key":"Bag of Preparation"},{"floor":31,"key":"Enchiridion"}],"event_choices":[{"event_name":"Big Fish","player_choice":"Donut","floor":3,"damage_taken":0},{"event_name":"Transmorgrifier","player_choice":"Transform","floor":4,"damage_taken":0},{"event_name":"Vampires","player_choice":"Became a vampire","floor":25,"damage_taken":0},{"event_name":"Cursed Tome","player_choice":"Obtained Book","floor":31,"damage_taken":0}],"boss_relics":[{"not_picked":["Eternal Feather","Sozu"],"picked":"Philosopher\u0027s Stone"}],"potions_floor_spawned":[1,12,13,14,16,18,22,28,30],"seed_played":"-2999317499007351251","killed_by":"Collector","ascension_level":0,"potions_obtained":[{"floor":1,"key":"Swift Potion"},{"floor":12,"key":"Fire Potion"},{"floor":13,"key":"EssenceOfSteel"},{"floor":14,"key":"PowerPotion"},{"floor":16,"key":"AttackPotion"},{"floor":18,"key":"Strength Potion"},{"floor":22,"key":"SpeedPotion"},{"floor":28,"key":"EssenceOfSteel"},{"floor":30,"key":"GamblersBrew"}],"is_trial":false}