{"path_per_floor":["M","?","M","M","M","R","$","M","T","E","M","M","M","$","R","B",null,"M","?"],"character_chosen":"DEFECT","items_purchased":["Capacitor","Static Discharge","Ball Lightning","Coolheaded","Whetstone","Madness","Fire Potion"],"gold_per_floor":[10,10,24,41,55,55,33,52,127,456,472,442,456,30,30,131,161,178,178,178],"floor_reached":20,"campfire_rested":1,"playtime":813,"current_hp_per_floor":[65,65,71,71,64,64,64,64,64,52,36,36,25,25,47,16,80,40,40,0],"items_purged":[],"gold":178,"score":176,"play_id":"d2271ef8-ec2d-491b-ae58-467052f9688d","local_time":"20180430024242","is_prod":false,"is_daily":false,"chose_seed":false,"is_ascension_mode":false,"campfire_upgraded":1,"timestamp":1525070562,"path_taken":["M","?","M","?","M","R","$","M","T","E","?","M","M","$","R","BOSS","M","?","?"],"build_version":"2018-04-27v3","seed_source_timestamp":1241019853616381,"purchased_purges":0,"victory":false,"master_deck":["Strike_B","Strike_B","Strike_B+1","Defend_B","Defend_B","Zap","Dualcast","Cold Snap+1","Darkness","Sunder","Doom and Gloom+1","Capacitor","Reprogram","Machine Learning","Buffer","Coolheaded","Chaos","Static Discharge","Ball Lightning+1","Coolheaded","Madness","Machine Learning","Cold Snap","Buffer"],"max_hp_per_floor":[75,75,75,75,75,75,75,75,75,75,75,75,75,75,75,75,80,80,80,80],"relics":["Cracked Core","Bottled Tornado","Old Coin","Whetstone","Tiny House"],"card_choices":[{"not_picked":["Streamline","Stack"],"picked":"Cold Snap","floor":1},{"not_picked":["Sunder","Streamline"],"picked":"Darkness","floor":3},{"not_picked":["Turbo","Barrage"],"picked":"Sunder","floor":4},{"not_picked":["Turbo","Leap"],"picked":"Doom and Gloom","floor":5},{"not_picked":["Capacitor","Undo"],"picked":"Reprogram","floor":8},{"not_picked":["Scrape","FTL"],"picked":"Machine Learning","floor":10},{"not_picked":["Skim","Sweeping Beam"],"picked":"Buffer","floor":11},{"not_picked":["Turbo","Force Field"],"picked":"Coolheaded","floor":12},{"not_picked":["FTL","Barrage"],"picked":"Chaos","floor":13},{"not_picked":["Fission","Hyperbeam"],"picked":"Machine Learning","floor":16},{"not_picked":["Skim","Go for the Eyes"],"picked":"Cold Snap","floor":17},{"not_picked":["Leap","Heatsinks"],"picked":"Buffer","floor":18}],"player_experience":70380,"potions_floor_usage":[3,4,5,8,10,16,16,18,20,20],"damage_taken":[{"damage":10,"enemies":"Small Slimes","floor":1,"turns":3},{"damage":0,"enemies":"Cultist","floor":3,"turns":3},{"damage":0,"enemies":"2 Louse","floor":4,"turns":2},{"damage":7,"enemies":"Gremlin Gang","floor":5,"turns":3},{"damage":0,"enemies":"Blue Slaver","floor":8,"turns":2},{"damage":12,"enemies":"Gremlin Nob","floor":10,"turns":4},{"damage":16,"enemies":"3 Louse","floor":11,"turns":3},{"damage":0,"enemies":"Looter","floor":12,"turns":4},{"damage":11,"enemies":"Large Slime","floor":13,"turns":5},{"damage":31,"enemies":"Hexaghost","floor":16,"turns":9},{"damage":40,"enemies":"3 Byrds","floor":18,"turns":5},{"damage":42,"enemies":"Masked Bandits","floor":20,"turns":3}],"event_choices":[{"event_name":"The Lab","player_choice":"Got Potions","floor":2,"damage_taken":0},{"event_name":"Back to Basics","player_choice":"Elegance","floor":19,"damage_taken":0},{"event_name":"Masked Bandits","player_choice":"Fought over 178 gold","floor":20,"damage_taken":0}],"boss_relics":[{"not_picked":["Sozu","Ectoplasm"],"picked":"Tiny House"}],"potions_floor_spawned":[5,8,13,16,18],"seed_played":"3059336833744753549","killed_by":"Masked Bandits","ascension_level":0,"is_trial":false}