{"path_per_floor":["M","M","?","M","M","?","E","R","T","M","R","$","M","T","R","B",null,"M","?","M","M","M","R","E","R","T","?","$","M","M","?","R","B",null,"M","?","M","M","$","M","M","R","T","E","?","?","R","M","R"],"character_chosen":"IRONCLAD","items_purchased":["Torii","Mummified Hand"],"gold_per_floor":[114,129,304,319,334,334,364,364,389,404,404,104,119,169,169,269,269,284,184,199,214,229,229,259,259,284,284,34,49,64,64,64,164,164,179,0,15,30,30,45,60,60,60,90,90,90,90,105,105,105],"floor_reached":50,"campfire_rested":6,"playtime":2383,"current_hp_per_floor":[66,71,71,77,71,71,38,62,62,61,80,80,80,80,80,39,80,68,68,67,29,28,52,36,60,60,60,60,68,34,40,66,65,92,76,76,56,23,23,59,23,50,50,35,25,89,89,89,89,0],"items_purged":[],"gold":105,"score":675,"play_id":"680c2c9a-a2e6-4d5f-8163-c7df17467285","local_time":"20180401211253","daily_mods":["Insanity","Uncertain Future","Hoarder"],"is_prod":false,"is_daily":true,"is_ascension_mode":false,"campfire_upgraded":3,"timestamp":1522631573,"path_taken":["M","M","?","M","M","?","E","R","T","M","R","$","M","?","R","BOSS","M","?","M","M","M","R","E","R","T","?","$","M","M","?","R","BOSS","M","?","M","M","$","M","M","R","T","E","?","?","R","M","R","BOSS"],"build_version":"2018-03-29v2","purchased_purges":0,"victory":false,"master_deck":["Second Wind","True Grit","Burning Pact","Fiend Fire+1","Reaper","Demon Form","Entrench","Rupture","Dropkick","Pummel","Hemokinesis+1","Searing Blow","Shockwave","Shockwave","Immolate","Seeing Red","Iron Wave","Ghostly Armor","Spot Weakness","Brutality","Fiend Fire+1","Metallicize","Perfected Strike","Fiend Fire+1","Armaments","Berserk","Barricade","Dual Wield","Warcry","Pommel Strike","Shockwave","Armaments","Hemokinesis","Offering","Reckless Charge","Double Tap","Metallicize","Reckless Charge","Evolve","Rage","Power Through","Twin Strike+1","Burning Pact","Dual Wield","True Grit","Entrench","Armaments","Bludgeon","Offering","Double Tap","Corruption","Corruption","Corruption","Doubt","Doubt","Doubt","Infernal Blade","Infernal Blade","Infernal Blade","Reaper","Reaper","Reaper","Inflame","Inflame","Inflame","Feed","Feed","Feed","Battle Trance+1","Battle Trance+1","Battle Trance+1","J.A.X.","J.A.X.","J.A.X.","Flex+1","Flex+1","Flex+1","Writhe","Writhe","Writhe","Berserk","Berserk","Berserk","Whirlwind+1","Whirlwind+1","Whirlwind+1","Feel No Pain+1","Feel No Pain+1","Feel No Pain+1","Seeing Red+1","Seeing Red+1","Seeing Red+1","Infernal Blade+1","Infernal Blade+1","Infernal Blade+1"],"max_hp_per_floor":[80,80,80,80,80,80,80,80,80,80,80,80,80,80,80,80,80,80,80,80,80,80,80,80,80,80,80,80,80,83,89,89,92,92,92,92,92,92,92,92,92,92,92,102,102,89,89,89,89,89],"relics":["Burning Blood","Vajra","Blood Vial","Torii","Whetstone","Black Star","Bottled Flame","Dodecahedron","Juzu Bracelet","Mummified Hand","Darkstone Periapt","Orrery","Red Mask","Thread and Needle","Strawberry","Dream Catcher"],"card_choices":[{"not_picked":["Shrug It Off","Evolve"],"picked":"Corruption","floor":1},{"not_picked":["Clash","Iron Wave"],"picked":"Infernal Blade","floor":5},{"not_picked":["Pummel","Shrug It Off"],"picked":"Reaper","floor":7},{"not_picked":["Carnage","Pommel Strike"],"picked":"Inflame","floor":10},{"not_picked":["Exhume","Impervious"],"picked":"Feed","floor":16},{"not_picked":["Iron Wave","Heavy Blade"],"picked":"Battle Trance","floor":18},{"not_picked":["Searing Blow","Juggernaut"],"picked":"Flex","floor":24},{"not_picked":["Brutality","Immolate"],"picked":"Berserk","floor":33},{"not_picked":["Seeing Red","Clash"],"picked":"Whirlwind","floor":34},{"not_picked":["Clash","Twin Strike"],"picked":"Feel No Pain","floor":34},{"not_picked":["Reckless Charge","Body Slam"],"picked":"Seeing Red","floor":34},{"not_picked":["Perfected Strike","Clash"],"picked":"Infernal Blade","floor":40}],"player_experience":580802,"potions_floor_usage":[4,7,7,24,29,30,37,44,48],"damage_taken":[{"damage":20,"enemies":"Jaw Worm","floor":1,"turns":2},{"damage":5,"enemies":"2 Louse","floor":2,"turns":4},{"damage":0,"enemies":"Small Slimes","floor":4,"turns":1},{"damage":12,"enemies":"3 Louse","floor":5,"turns":3},{"damage":51,"enemies":"Gremlin Nob","floor":7,"turns":5},{"damage":31,"enemies":"2 Fungi Beasts","floor":10,"turns":5},{"damage":3,"enemies":"Large Slime","floor":13,"turns":6},{"damage":47,"enemies":"The Guardian","floor":16,"turns":7},{"damage":28,"enemies":"Chosen","floor":18,"turns":5},{"damage":16,"enemies":"Spheric Guardian","floor":20,"turns":3},{"damage":52,"enemies":"Snake Plant","floor":21,"turns":4},{"damage":24,"enemies":"Snecko","floor":22,"turns":4},{"damage":24,"enemies":"Slavers","floor":24,"turns":4},{"damage":27,"enemies":"Cultist and Chosen","floor":29,"turns":3},{"damage":46,"enemies":"Slaver and Parasite","floor":30,"turns":7},{"damage":98,"enemies":"Collector","floor":33,"turns":8},{"damage":22,"enemies":"3 Shapes","floor":35,"turns":4},{"damage":28,"enemies":"Orb Walker","floor":37,"turns":4},{"damage":41,"enemies":"4 Shapes","floor":38,"turns":6},{"damage":10,"enemies":"Maw","floor":40,"turns":7},{"damage":44,"enemies":"3 Darklings","floor":41,"turns":5},{"damage":33,"enemies":"2 Orb Walkers","floor":44,"turns":5},{"damage":10,"enemies":"Sphere and 2 Shapes","floor":48,"turns":6},{"damage":122,"enemies":"Time Eater","floor":50,"turns":13}],"event_choices":[{"event_name":"Liars Game","player_choice":"agreed","floor":3,"damage_taken":0},{"event_name":"The Cleric","player_choice":"Leave","floor":6,"damage_taken":0},{"event_name":"Drug Dealer","player_choice":"Got JAXXED","floor":19,"damage_taken":0},{"event_name":"N\u0027loth","player_choice":"Ignored","floor":27,"damage_taken":0},{"event_name":"The Mausoleum","player_choice":"Yes","floor":31,"damage_taken":0},{"event_name":"Tomb of Lord Red Mask","player_choice":"Paid","floor":36,"damage_taken":0},{"event_name":"Wheel of Change","player_choice":"Damage","floor":45,"damage_taken":0},{"event_name":"The Moai Head","player_choice":"Heal","floor":46,"damage_taken":0}],"boss_relics":[{"not_picked":["Runic Cube","White Beast Statue"],"picked":"Black Star"},{"not_picked":["Snecko Eye","Black Blood"],"picked":"Orrery"}],"potions_floor_spawned":[1,4,5,20,24,29,35,41,44],"seed_played":"-6970062414671020423","killed_by":"Time Eater","ascension_level":0,"is_trial":false}