{"path_per_floor":["M","?","?","M","M","R","?","R","T","E","?","M","M","E","R","B",null,"M","?","$","M","M","R","M","?","T","?"],"character_chosen":"IRONCLAD","items_purchased":["Red Skull","Jack Of All Trades","Whirlwind"],"gold_per_floor":[119,119,119,133,145,145,145,145,145,175,350,370,381,411,411,506,506,519,519,37,57,68,68,84,84,136,136],"floor_reached":28,"campfire_rested":3,"playtime":1677,"current_hp_per_floor":[80,80,80,78,77,77,52,76,76,42,42,46,30,22,46,33,80,73,57,57,28,10,34,37,37,37,37],"items_purged":[],"gold":136,"score":228,"play_id":"4de34265-66d9-46e5-849b-942756cefb98","local_time":"20180310091712","is_prod":false,"is_daily":false,"is_ascension_mode":false,"campfire_upgraded":1,"timestamp":1520691432,"path_taken":["M","?","?","M","M","R","?","R","T","E","?","M","M","E","R","BOSS","M","?","?","M","M","R","M","?","T","?","M"],"build_version":"2018-03-09","purchased_purges":0,"victory":false,"master_deck":["Bash","Berserk+1","Heavy Blade","Regret","Bloodletting","Anger+1","Flex","Inflame","Sword Boomerang","Dark Embrace","Double Tap","Blood for Blood","Clothesline","Infernal Blade","Armaments","Sword Boomerang","Dropkick","Intimidate","Clash","Flame Barrier","Jack Of All Trades","Whirlwind","Shockwave","Rampage+1","Sword Boomerang+1","Evolve"],"max_hp_per_floor":[80,80,80,80,80,80,80,80,80,80,80,80,80,80,80,80,80,80,80,80,80,80,80,80,80,80,80],"relics":["Burning Blood","Juzu Bracelet","Kunai","Torii","Pen Nib","Bronze Scales","Pandora\u0027s Box","Nilry\u0027s Codex","Red Skull","Singing Bowl"],"card_choices":[{"not_picked":["Sword Boomerang","Entrench"],"picked":"Heavy Blade"},{"not_picked":["Anger","Iron Wave"],"picked":"Bloodletting"},{"not_picked":["Corruption","Blood for Blood"],"picked":"Anger"},{"not_picked":["Perfected Strike","Burning Pact"],"picked":"Flex"},{"not_picked":["Perfected Strike","Wild Strike"],"picked":"Inflame"},{"not_picked":["Feel No Pain","Corruption"],"picked":"Sword Boomerang"},{"not_picked":["Sword Boomerang","Wild Strike"],"picked":"Dark Embrace"},{"not_picked":["Dark Embrace","Juggernaut"],"picked":"Double Tap"},{"not_picked":["Iron Wave","Shrug It Off"],"picked":"Flame Barrier"},{"not_picked":["Thunderclap","Dropkick"],"picked":"Shockwave"},{"not_picked":["Evolve","Clothesline"],"picked":"Rampage"},{"not_picked":["Iron Wave","Armaments"],"picked":"Sword Boomerang"}],"player_experience":385957,"potions_floor_usage":[21,24],"damage_taken":[{"damage":3.0,"enemies":"2 Louse","floor":1.0,"turns":3.0},{"damage":8.0,"enemies":"Jaw Worm","floor":4.0,"turns":4.0},{"damage":7.0,"enemies":"Small Slimes","floor":5.0,"turns":5.0},{"damage":40.0,"enemies":"Gremlin Nob","floor":10.0,"turns":5.0},{"damage":2.0,"enemies":"Exordium Wildlife","floor":12.0,"turns":3.0},{"damage":22.0,"enemies":"3 Louse","floor":13.0,"turns":3.0},{"damage":14.0,"enemies":"Lagavulin","floor":14.0,"turns":4.0},{"damage":19.0,"enemies":"Hexaghost","floor":16.0,"turns":8.0},{"damage":13,"enemies":"3 Byrds","floor":18,"turns":4},{"damage":35,"enemies":"Shell Parasite","floor":21,"turns":7},{"damage":24,"enemies":"Centurion and Healer","floor":22,"turns":5},{"damage":3,"enemies":"Chosen and Byrds","floor":24,"turns":4},{"damage":48,"enemies":"Slaver and Parasite","floor":28,"turns":2}],"event_choices":[{"event_name":"Big Fish","player_choice":"Box","floor":2.0,"damage_taken":0.0},{"event_name":"Living Wall","player_choice":"Grow","floor":3.0,"damage_taken":0.0},{"event_name":"Scrap Ooze","player_choice":"success","floor":7.0,"damage_taken":25.0},{"event_name":"Liars Game","player_choice":"agreed","floor":11.0,"damage_taken":0.0},{"event_name":"Cursed Tome","player_choice":"Obtained Book","floor":19,"damage_taken":0},{"event_name":"Purifier","player_choice":"One Purge","floor":25,"damage_taken":0},{"event_name":"Transmorgrifier","player_choice":"Transform","floor":27,"damage_taken":0}],"boss_relics":[{"not_picked":["Snecko Eye","Black Star"],"picked":"Pandora\u0027s Box"}],"potions_floor_spawned":[10,12,13,14,18,22],"seed_played":"-4689099835146601395","killed_by":"Slaver and Parasite","ascension_level":0,"is_trial":false}