{"path_per_floor":["M","?","$","?","?","R","M","M","T","M","?","?","M","M","R","B",null,"M","?","?","T","M","R"],"character_chosen":"DEFECT","items_purchased":["Echo Form","Glacier","Barrage"],"gold_per_floor":[113,288,6,6,6,6,22,37,83,99,155,125,138,155,155,250,250,266,266,266,266,233,233,233],"floor_reached":24,"campfire_rested":2,"playtime":1155,"current_hp_per_floor":[37,37,37,22,75,75,75,72,72,50,9,9,18,17,39,51,75,64,48,34,34,14,38,0],"items_purged":["Doubt"],"gold":233,"score":186,"play_id":"308aed4f-9afb-40c9-a8eb-8b2377f11dad","local_time":"20180430052205","is_prod":false,"is_daily":false,"chose_seed":false,"is_ascension_mode":false,"campfire_upgraded":1,"timestamp":1525080125,"path_taken":["M","?","$","?","?","R","M","M","T","?","?","?","M","M","R","BOSS","M","?","?","?","?","R","M"],"build_version":"2018-04-27v3","seed_source_timestamp":1250240980735540,"purchased_purges":1,"victory":false,"master_deck":["Strike_B","Strike_B","Strike_B","Strike_B","Defend_B","Defend_B+1","Defend_B+1","Defend_B","Zap","Dualcast+1","Fission+1","Echo Form+1","Glacier","Barrage","Blizzard","Barrage","Loop","Chill","Sunder","Self Repair","Nova","White Noise","Necronomicurse","Heatsinks"],"max_hp_per_floor":[75,75,75,75,75,75,75,75,75,75,75,75,75,75,75,75,75,75,75,80,80,80,80,80],"relics":["Cracked Core","Oddly Smooth Stone","Letter Opener","Inserter","Necronomicon","War Paint"],"card_choices":[{"not_picked":["Meteor Strike","Hyperbeam"],"picked":"Fission","floor":0},{"not_picked":["Loop","Leap"],"picked":"Double Energy","floor":1},{"not_picked":["Sunder","Tempest"],"picked":"Blizzard","floor":7},{"not_picked":["Steam Power","Conserve Battery"],"picked":"Barrage","floor":8},{"not_picked":["Leap","Beam Cell"],"picked":"Loop","floor":10},{"not_picked":["Skim","Sweeping Beam"],"picked":"Chill","floor":11},{"not_picked":["Ball Lightning","Heatsinks"],"picked":"Sunder","floor":13},{"not_picked":["Meteor Strike","Storm"],"picked":"Self Repair","floor":14},{"not_picked":["Hyperbeam","Thunder Strike"],"picked":"Nova","floor":16},{"not_picked":["Impulse","Flux Capacitor"],"picked":"White Noise","floor":18},{"not_picked":["Rip and Tear","Hologram"],"picked":"Heatsinks","floor":22}],"player_experience":79416,"potions_floor_usage":[7,11,13,14,16,18,18],"damage_taken":[{"damage":1,"enemies":"Cultist","floor":1,"turns":4},{"damage":0,"enemies":"Small Slimes","floor":7,"turns":2},{"damage":3,"enemies":"2 Louse","floor":8,"turns":3},{"damage":22,"enemies":"2 Fungi Beasts","floor":10,"turns":5},{"damage":56,"enemies":"Gremlin Nob","floor":11,"turns":6},{"damage":0,"enemies":"Blue Slaver","floor":13,"turns":3},{"damage":1,"enemies":"Lots of Slimes","floor":14,"turns":3},{"damage":17,"enemies":"Slime Boss","floor":16,"turns":11},{"damage":25,"enemies":"Spheric Guardian","floor":18,"turns":8},{"damage":27,"enemies":"2 Thieves","floor":22,"turns":5},{"damage":44,"enemies":"Cultist and Chosen","floor":24,"turns":5}],"event_choices":[{"event_name":"Liars Game","player_choice":"agreed","floor":2,"damage_taken":0},{"event_name":"Shining Light","player_choice":"Entered Light","floor":4,"damage_taken":0},{"event_name":"Bonfire Elementals","player_choice":"UNCOMMON","floor":5,"damage_taken":0},{"event_name":"Dead Adventurer","player_choice":"Searched \u00271\u0027 times","floor":11,"damage_taken":0},{"event_name":"The Woman in Blue","player_choice":"Bought 2 Potions","floor":12,"damage_taken":0},{"event_name":"Cursed Tome","player_choice":"Obtained Book","floor":19,"damage_taken":0},{"event_name":"Forgotten Altar","player_choice":"Shed Blood","floor":20,"damage_taken":0}],"boss_relics":[{"not_picked":["Sozu","Orrery"],"picked":"Inserter"}],"potions_floor_spawned":[1,10,11,13,14],"seed_played":"7890334263367796111","killed_by":"Cultist and Chosen","ascension_level":0,"is_trial":false}