{"path_per_floor":["M","?","?","$","M","R","M","R","T","R","$","M","M","M","R","B",null,"M","?","?"],"character_chosen":"THE_SILENT","items_purchased":["Footwork","Slice","Outmaneuver","Slice"],"gold_per_floor":[114,114,114,21,36,36,51,51,76,76,1,16,31,46,46,146,146,161,161,161],"floor_reached":21,"campfire_rested":0,"playtime":886,"current_hp_per_floor":[70,70,70,70,68,68,68,68,68,68,68,68,67,62,62,1,1,7,7,7],"items_purged":[],"gold":161,"score":169,"play_id":"be98d09a-1fb9-44e3-b0f1-6b5f37c706f2","local_time":"20180304040121","daily_mods":[{"name":"Diverse","description":"Start with 2 cards from another class.","modID":"Diverse","img":{"data":{"file":{"file":{"path":"images\\ui\\run_mods\\diverse.png"},"type":"Internal"},"width":64,"height":64,"format":"RGBA8888","useMipMaps":false,"isPrepared":false},"glTarget":3553,"glHandle":685,"minFilter":"Linear","magFilter":"Linear","uWrap":"ClampToEdge","vWrap":"ClampToEdge"},"positive":true},{"name":"Lethal Enemies","description":"All enemies start with +3 Strength.","modID":"Lethal Enemies","img":{"data":{"file":{"file":{"path":"images\\ui\\run_mods\\lethal_enemies.png"},"type":"Internal"},"width":64,"height":64,"format":"RGBA8888","useMipMaps":false,"isPrepared":false},"glTarget":3553,"glHandle":675,"minFilter":"Linear","magFilter":"Linear","uWrap":"ClampToEdge","vWrap":"ClampToEdge"},"positive":false},{"name":"Restless Journey","description":"You no longer heal when entering new acts.","modID":"Restless Journey","img":{"data":{"file":{"file":{"path":"images\\ui\\run_mods\\restless_journey.png"},"type":"Internal"},"width":64,"height":64,"format":"RGBA8888","useMipMaps":false,"isPrepared":false},"glTarget":3553,"glHandle":676,"minFilter":"Linear","magFilter":"Linear","uWrap":"ClampToEdge","vWrap":"ClampToEdge"},"positive":false},{"name":"Binary","description":"Card rewards contain only 2 cards.","modID":"Binary","img":{"data":{"file":{"file":{"path":"images\\ui\\run_mods\\binary.png"},"type":"Internal"},"width":64,"height":64,"format":"RGBA8888","useMipMaps":false,"isPrepared":false},"glTarget":3553,"glHandle":680,"minFilter":"Linear","magFilter":"Linear","uWrap":"ClampToEdge","vWrap":"ClampToEdge"},"positive":false}],"is_prod":false,"is_daily":true,"is_ascension_mode":false,"campfire_upgraded":4,"timestamp":1520154081,"path_taken":["M","?","?","?","M","R","M","R","T","R","$","M","M","M","R","BOSS","M","?","?","M"],"build_version":"2018-03-01-PROD1","purchased_purges":0,"victory":false,"master_deck":["Defend_G","Defend_G","Defend_G","Defend_G","Strike_G","Strike_G","Strike_G","Strike_G","Strike_G","Survivor","Neutralize","Sever Soul+1","Limit Break+1","Flying Knee","Footwork+1","Slice","Outmaneuver","Backflip","Outmaneuver","Slice","Sucker Punch","Dash+1","Deflect","Envenom","Crippling Poison","Limit Break+1"],"max_hp_per_floor":[70,70,70,70,70,70,70,70,70,70,70,70,70,70,70,70,70,70,70,70],"relics":["Ring of the Snake","Vajra","Lizard Tail"],"card_choices":[{"not_picked":["PiercingWail"],"picked":"Noxious Fumes"},{"not_picked":["Poisoned Stab"],"picked":"Outmaneuver"},{"not_picked":["Dagger Spray"],"picked":"Backflip"},{"not_picked":["Acrobatics"],"picked":"Sucker Punch"},{"not_picked":["Deflect"],"picked":"Dash"},{"not_picked":["Noxious Fumes"],"picked":"Deflect"},{"not_picked":["A Thousand Cuts"],"picked":"Envenom"},{"not_picked":["Poisoned Stab"],"picked":"Crippling Poison"}],"player_experience":228484,"potions_floor_usage":[12,13,16],"damage_taken":[{"damage":0,"enemies":"Small Slimes","floor":1,"turns":3},{"damage":2,"enemies":"Cultist","floor":5,"turns":4},{"damage":0,"enemies":"2 Louse","floor":7,"turns":3},{"damage":0,"enemies":"Exordium Wildlife","floor":12,"turns":3},{"damage":1,"enemies":"Exordium Thugs","floor":13,"turns":4},{"damage":5,"enemies":"3 Louse","floor":14,"turns":4},{"damage":61,"enemies":"Slime Boss","floor":16,"turns":11},{"damage":33,"enemies":"Spheric Guardian","floor":18,"turns":6},{"damage":7,"enemies":"3 Byrds","floor":21,"turns":1}],"event_choices":[{"event_name":"Transmorgrifier","player_choice":"Transform","floor":2,"damage_taken":0},{"event_name":"Bonfire Elementals","player_choice":"BASIC","floor":3,"damage_taken":0},{"event_name":"Cursed Tome","player_choice":"Ignored","floor":19,"damage_taken":0},{"event_name":"Duplicator","player_choice":"One dupe","floor":20,"damage_taken":0}],"boss_relics":[{"not_picked":["White Beast Statue","Astrolabe"],"picked":"Lizard Tail"}],"potions_floor_spawned":[1,12,13],"seed_played":"2393319582917663715","killed_by":"3 Byrds","ascension_level":0,"is_trial":false}