{"gold_per_floor":[117,128,139,139,156,156,170,135,135,31,31,43,74,84,84,84],"floor_reached":16,"playtime":698,"items_purged":[],"score":109,"play_id":"cb61955f-2085-48d0-bdc7-b418c3ca102e","local_time":"20180714043234","is_ascension_mode":true,"campfire_choices":[{"data":"Zap","floor":6,"key":"SMITH"},{"floor":15,"key":"REST"}],"neow_cost":"","seed_source_timestamp":435952693365008,"circlet_count":0,"master_deck":["Strike_B","Strike_B","Strike_B","Strike_B","Defend_B","Defend_B","Defend_B","Zap+1","Dualcast","Redo","Reprogram","Meteor Strike","Scrape","Fusion","Flash of Steel","Meteor Strike","Defragment","Genetic Algorithm","Turbo"],"relics":["Cracked Core","Pear","Frozen Egg 2"],"potions_floor_usage":[12,16,16],"damage_taken":[{"damage":6,"enemies":"Cultist","floor":1,"turns":3},{"damage":1,"enemies":"2 Louse","floor":2,"turns":2},{"damage":3,"enemies":"Jaw Worm","floor":3,"turns":4},{"damage":9,"enemies":"2 Fungi Beasts","floor":5,"turns":3},{"damage":2,"enemies":"Blue Slaver","floor":7,"turns":2},{"damage":16,"enemies":"Lots of Slimes","floor":12,"turns":4},{"damage":38,"enemies":"Gremlin Nob","floor":13,"turns":4},{"damage":0,"enemies":"Exordium Wildlife","floor":14,"turns":3},{"damage":56,"enemies":"Hexaghost","floor":16,"turns":7}],"seed_played":"6436710442930922610","potions_obtained":[{"floor":2,"key":"Ancient Potion"},{"floor":7,"key":"Energy Potion"},{"floor":14,"key":"Ancient Potion"}],"is_trial":false,"path_per_floor":["M","M","M","$","M","R","M","?","T","$","?","M","E","M","R"],"character_chosen":"DEFECT","items_purchased":["Flash of Steel"],"campfire_rested":1,"item_purchase_floors":[10],"current_hp_per_floor":[69,68,65,65,56,56,54,72,82,82,82,66,28,28,53,0],"gold":84,"neow_bonus":"","is_prod":false,"is_daily":false,"chose_seed":false,"campfire_upgraded":1,"win_rate":0,"timestamp":1531557154,"path_taken":["M","M","M","$","M","R","M","?","T","$","?","?","E","M","R","BOSS"],"build_version":"2018-07-12","purchased_purges":0,"victory":false,"max_hp_per_floor":[75,75,75,75,75,75,75,75,85,85,85,85,85,85,85,85],"card_choices":[{"not_picked":["Turbo","Stack"],"picked":"Redo","floor":1},{"not_picked":["Ball Lightning","Stack"],"picked":"Reprogram","floor":2},{"not_picked":["Go for the Eyes","Ball Lightning"],"picked":"Meteor Strike","floor":3},{"not_picked":["Fusion","Heatsinks"],"picked":"Scrape","floor":5},{"not_picked":["Hologram","Steam"],"picked":"Fusion","floor":7},{"not_picked":["Capacitor","Ball Lightning"],"picked":"Defragment","floor":12},{"not_picked":["Ball Lightning","Hologram"],"picked":"Genetic Algorithm","floor":13},{"not_picked":["Tempest","Beam Cell"],"picked":"Turbo","floor":14}],"player_experience":419803,"relics_obtained":[{"floor":9,"key":"Pear"},{"floor":13,"key":"Frozen Egg 2"}],"event_choices":[{"event_name":"The Cleric","player_choice":"Healed","floor":8,"damage_taken":0},{"event_name":"Living Wall","player_choice":"Change","floor":11,"damage_taken":0}],"boss_relics":[],"items_purged_floors":[],"is_endless":false,"potions_floor_spawned":[2,7,14],"killed_by":"Hexaghost","ascension_level":1}