{"path_per_floor":["M","?","?","M","M","E","R","$","T","M","?","M","$","M","R","B",null,"M","?","M","$","M","M","R","M","T","$","M","M","?"],"character_chosen":"IRONCLAD","items_purchased":["Inflame","Cleave","Pummel"],"gold_per_floor":[114,64,64,84,99,132,132,57,57,70,93,110,26,46,46,144,144,156,156,169,69,80,90,90,106,106,67,82,97,97,97],"floor_reached":31,"campfire_rested":3,"playtime":688,"current_hp_per_floor":[80,80,80,80,80,53,80,80,80,74,62,58,58,52,80,80,80,62,62,37,37,43,37,76,20,20,20,26,13,13,0],"items_purged":["Regret","Strike_R"],"gold":97,"score":266,"play_id":"56ba6edd-c6e8-4073-b76d-70b27467d9e6","local_time":"20180415233439","is_prod":false,"is_daily":false,"chose_seed":false,"is_ascension_mode":false,"campfire_upgraded":0,"timestamp":1523849679,"path_taken":["M","?","?","?","M","E","R","?","T","?","?","M","$","?","R","BOSS","M","?","?","$","M","M","R","M","T","?","M","M","?","M"],"build_version":"2018-04-12","seed_source_timestamp":20289042164367,"purchased_purges":2,"victory":false,"master_deck":["Strike_R","Strike_R","Strike_R","Strike_R","Defend_R","Defend_R","Defend_R","Bash","Thunderclap+1","Thunderclap+1","Flex","Thunderclap+1","Seeing Red","Inflame","Inflame","Cleave+1","Immolate+1","Limit Break","Thunderclap+1","Whirlwind+1","Flex","Spot Weakness","Rupture+1","Pummel+1","Thunderclap+1"],"max_hp_per_floor":[80,80,80,80,80,80,80,80,80,80,80,80,80,80,80,80,80,80,80,80,80,80,80,80,80,80,80,80,80,80,80],"relics":["Burning Blood","NeowsBlessing","Molten Egg 2","Regal Pillow","Blue Candle","Odd Mushroom","Philosopher\u0027s Stone","Paper Frog"],"card_choices":[{"not_picked":["Reckless Charge","Clash"],"picked":"Thunderclap","floor":1},{"not_picked":["Reckless Charge","Anger"],"picked":"Thunderclap","floor":4},{"not_picked":["True Grit","Metallicize"],"picked":"Flex","floor":5},{"not_picked":["Armaments","Havoc"],"picked":"Thunderclap","floor":6},{"not_picked":["Clash","Armaments"],"picked":"Seeing Red","floor":10},{"not_picked":["Second Wind","Entrench"],"picked":"Inflame","floor":11},{"not_picked":["Seeing Red","Armaments"],"picked":"Immolate","floor":14},{"not_picked":["Dark Embrace","Impervious"],"picked":"Limit Break","floor":16},{"not_picked":["Uppercut","Iron Wave"],"picked":"Whirlwind","floor":20},{"not_picked":["Headbutt","Dropkick"],"picked":"Flex","floor":22},{"not_picked":["Armaments","Clash"],"picked":"Spot Weakness","floor":23},{"not_picked":["Disarm","Headbutt"],"picked":"Rupture","floor":25},{"not_picked":["Bloodletting","Warcry"],"picked":"Thunderclap","floor":29}],"player_experience":654557,"potions_floor_usage":[6,16,23,23,28,28],"damage_taken":[{"damage":0,"enemies":"2 Louse","floor":1,"turns":1},{"damage":0,"enemies":"Jaw Worm","floor":4,"turns":1},{"damage":0,"enemies":"Small Slimes","floor":5,"turns":1},{"damage":33,"enemies":"Gremlin Nob","floor":6,"turns":4},{"damage":12,"enemies":"Exordium Wildlife","floor":10,"turns":2},{"damage":18,"enemies":"The Mushroom Lair","floor":11,"turns":2},{"damage":10,"enemies":"Looter","floor":12,"turns":2},{"damage":12,"enemies":"2 Fungi Beasts","floor":14,"turns":2},{"damage":2,"enemies":"Slime Boss","floor":16,"turns":6},{"damage":24,"enemies":"2 Thieves","floor":18,"turns":2},{"damage":31,"enemies":"Shell Parasite","floor":20,"turns":3},{"damage":0,"enemies":"3 Cultists","floor":22,"turns":2},{"damage":12,"enemies":"Centurion and Healer","floor":23,"turns":2},{"damage":62,"enemies":"Snake Plant","floor":25,"turns":5},{"damage":0,"enemies":"3 Cultists","floor":28,"turns":2},{"damage":19,"enemies":"Snecko","floor":29,"turns":4},{"damage":24,"enemies":"Sentry and Sphere","floor":31,"turns":3}],"event_choices":[{"event_name":"The Cleric","player_choice":"Card Removal","floor":2,"damage_taken":0},{"event_name":"Big Fish","player_choice":"Box","floor":3,"damage_taken":0},{"event_name":"Mushrooms","player_choice":"Fought Mushrooms","floor":11,"damage_taken":0},{"event_name":"The Library","player_choice":"Read","floor":19,"damage_taken":0},{"event_name":"Upgrade Shrine","player_choice":"Upgraded","floor":30,"damage_taken":0}],"boss_relics":[{"not_picked":["Sozu","Runic Pyramid"],"picked":"Philosopher\u0027s Stone"}],"potions_floor_spawned":[4,11,16,20,22,25],"seed_played":"8073369241918052840","killed_by":"Sentry and Sphere","ascension_level":0,"is_trial":false}