{"gold_per_floor":[117,117,46,63,138,138,166,166,238,249,249,261,261,261,261,356,356,356,356,296,296,296,296,296,296,296,2,2,2,2,2,2,2,2,2,2,2,2],"floor_reached":38,"playtime":2199,"items_purged":[],"score":419,"play_id":"9904a58c-7efa-475c-a071-389fdb843ebe","local_time":"20190626194752","is_ascension_mode":true,"campfire_choices":[{"data":"Zap","floor":6,"key":"SMITH"},{"data":"Redo","floor":8,"key":"SMITH"},{"floor":13,"key":"REST"},{"data":"Auto Shields","floor":15,"key":"SMITH"},{"data":"Capacitor","floor":23,"key":"SMITH"},{"floor":25,"key":"REST"},{"data":"Amplify","floor":30,"key":"SMITH"},{"floor":32,"key":"REST"}],"neow_cost":"NONE","seed_source_timestamp":6203364166283675,"circlet_count":0,"master_deck":["Strike_B","Strike_B","Defend_B","Defend_B","Defend_B","Defend_B","Zap+1","Dualcast","Streamline","Cold Snap","Capacitor","Redo+1","Auto Shields+1","Go for the Eyes+1","Machine Learning","Blizzard+1","Capacitor+1","FTL+1","Glacier","Steam","Defragment","Amplify+1","Seek","Glacier+1","Force Field","Barrage+1","Compile Driver+1","Madness","Madness"],"relics":["Cracked Core","Odd Mushroom","Molten Egg 2","Ectoplasm","Shuriken","Mummified Hand","Cursed Key"],"potions_floor_usage":[31,31],"damage_taken":[{"damage":6,"enemies":"2 Louse","floor":1,"turns":3},{"damage":2,"enemies":"Jaw Worm","floor":4,"turns":4},{"damage":18,"enemies":"The Mushroom Lair","floor":7,"turns":3},{"damage":8,"enemies":"Small Slimes","floor":10,"turns":3},{"damage":0,"enemies":"2 Fungi Beasts","floor":12,"turns":3},{"damage":4,"enemies":"The Guardian","floor":16,"turns":14},{"damage":6,"enemies":"Spheric Guardian","floor":18,"turns":5},{"damage":12,"enemies":"2 Thieves","floor":20,"turns":4},{"damage":1,"enemies":"Snecko","floor":21,"turns":6},{"damage":22,"enemies":"3 Cultists","floor":22,"turns":6},{"damage":9,"enemies":"Chosen and Byrds","floor":29,"turns":8},{"damage":30,"enemies":"Centurion and Healer","floor":31,"turns":8},{"damage":4,"enemies":"Collector","floor":33,"turns":14},{"damage":4,"enemies":"Orb Walker","floor":35,"turns":6},{"damage":46,"enemies":"3 Darklings","floor":36,"turns":7},{"damage":19,"enemies":"4 Shapes","floor":38,"turns":1}],"seed_played":"996125932541203884","potions_obtained":[{"floor":4,"key":"Regen Potion"},{"floor":7,"key":"Dexterity Potion"},{"floor":10,"key":"GamblersBrew"},{"floor":33,"key":"SneckoOil"}],"is_trial":false,"path_per_floor":["M","?","$","M","?","R","?","R","T","M","?","M","R","?","R","B",null,"M","?","M","M","M","R","T","R","T","$","?","M","R","M","R","B",null,"M","M","?","M"],"character_chosen":"DEFECT","items_purchased":["Capacitor","Defragment","Amplify","Seek"],"campfire_rested":3,"item_purchase_floors":[3,27,27,27],"current_hp_per_floor":[69,62,62,60,49,49,31,31,31,23,23,23,45,45,45,41,75,69,69,57,56,34,34,34,56,56,56,49,40,40,25,47,43,75,71,25,16,0],"gold":2,"neow_bonus":"TRANSFORM_CARD","is_prod":false,"is_daily":false,"chose_seed":false,"campfire_upgraded":5,"win_rate":0,"timestamp":1561596472,"path_taken":["M","?","$","M","?","R","?","R","T","M","?","?","R","?","R","BOSS","M","?","?","M","M","R","?","R","T","$","?","M","R","M","R","BOSS","M","M","?","M"],"build_version":"2019-01-23","purchased_purges":0,"victory":false,"max_hp_per_floor":[75,75,75,75,75,75,75,75,75,75,75,75,75,75,75,75,75,75,75,75,75,75,75,75,75,75,75,75,75,75,75,75,75,75,75,75,75,75],"card_choices":[{"not_picked":["Hologram","Chill"],"picked":"Cold Snap","floor":1},{"not_picked":["Storm","Sunder","Stack"],"picked":"SKIP","floor":4},{"not_picked":["Gash","Consume"],"picked":"Redo","floor":7},{"not_picked":["Hologram","Go for the Eyes+1"],"picked":"Auto Shields","floor":10},{"not_picked":["Barrage+1","Doom and Gloom+1"],"picked":"Go for the Eyes+1","floor":12},{"not_picked":["Hyperbeam+1","Buffer"],"picked":"Machine Learning","floor":16},{"not_picked":["Recycle","Conserve Battery"],"picked":"Blizzard+1","floor":18},{"not_picked":["Blizzard+1","Conserve Battery"],"picked":"FTL+1","floor":20},{"not_picked":["Coolheaded","Barrage+1"],"picked":"Glacier","floor":21},{"not_picked":["Barrage+1","Static Discharge+1"],"picked":"Steam","floor":22},{"not_picked":["Rip and Tear+1","Rebound+1"],"picked":"Glacier+1","floor":29},{"not_picked":["Coolheaded+1","Melter+1"],"picked":"Force Field","floor":31},{"not_picked":["Coolheaded","Go for the Eyes+1"],"picked":"Barrage+1","floor":35},{"not_picked":["Undo","Conserve Battery+1"],"picked":"Compile Driver+1","floor":36}],"player_experience":197539,"relics_obtained":[{"floor":7,"key":"Odd Mushroom"},{"floor":9,"key":"Molten Egg 2"},{"floor":24,"key":"Shuriken"},{"floor":26,"key":"Mummified Hand"}],"event_choices":[{"cards_removed":["Strike_B"],"damage_healed":0,"gold_gain":0,"player_choice":"Card Removal","damage_taken":7,"max_hp_gain":0,"max_hp_loss":0,"event_name":"Golden Wing","floor":2,"gold_loss":0},{"damage_healed":0,"gold_gain":75,"player_choice":"Gather Gold","damage_taken":11,"max_hp_gain":0,"max_hp_loss":0,"event_name":"World of Goop","floor":5,"gold_loss":0},{"damage_healed":0,"gold_gain":0,"player_choice":"Fought Mushrooms","damage_taken":0,"max_hp_gain":0,"max_hp_loss":0,"event_name":"Mushrooms","floor":7,"gold_loss":0},{"damage_healed":0,"gold_gain":0,"player_choice":"Fled","damage_taken":0,"max_hp_gain":0,"max_hp_loss":0,"event_name":"Scrap Ooze","floor":11,"gold_loss":0},{"damage_healed":0,"gold_gain":0,"player_choice":"Ignored","damage_taken":0,"max_hp_gain":0,"max_hp_loss":0,"event_name":"Golden Idol","floor":14,"gold_loss":0},{"damage_healed":0,"gold_gain":0,"player_choice":"Copied","damage_taken":0,"max_hp_gain":0,"max_hp_loss":0,"event_name":"Duplicator","floor":19,"gold_loss":0,"cards_obtained":["Capacitor"]},{"damage_healed":0,"gold_gain":0,"player_choice":"","damage_taken":7,"max_hp_gain":0,"max_hp_loss":0,"event_name":"Knowing Skull","floor":28,"potions_obtained":[],"gold_loss":0,"cards_obtained":[]},{"damage_healed":0,"gold_gain":0,"player_choice":"Embrace Madness","damage_taken":9,"max_hp_gain":0,"max_hp_loss":0,"event_name":"Winding Halls","floor":37,"gold_loss":0,"cards_obtained":["Madness","Madness"]}],"is_beta":false,"boss_relics":[{"not_picked":["Astrolabe","Black Star"],"picked":"Ectoplasm"},{"not_picked":["Snecko Eye","Lizard Tail"],"picked":"Cursed Key"}],"items_purged_floors":[],"is_endless":false,"potions_floor_spawned":[4,7,10,16,21,22,33],"killed_by":"4 Shapes","ascension_level":3}