{"path_per_floor":["M","?","M","M","M","R","?","M","T","$","M","R","?","M","R","B",null,"M","M","$","?","?"],"character_chosen":"DEFECT","items_purchased":["Sunder","Bandage Up","Rainbow","Sunder","Ball Lightning"],"gold_per_floor":[12,12,25,40,59,59,234,246,246,68,85,85,160,176,176,276,276,291,308,32,32,32,32],"floor_reached":23,"campfire_rested":1,"playtime":725,"current_hp_per_floor":[88,93,91,91,90,90,90,90,90,90,90,90,79,62,90,45,94,70,69,69,69,47,0],"items_purged":[],"gold":32,"score":208,"play_id":"9ace4aab-dca0-4fa7-8df2-871cf6406b99","local_time":"20180501192231","is_prod":false,"is_daily":false,"chose_seed":false,"is_ascension_mode":false,"campfire_upgraded":2,"timestamp":1525216951,"path_taken":["M","?","M","?","M","R","?","M","T","$","M","R","?","M","R","BOSS","M","?","$","?","?","E"],"build_version":"2018-05-01","seed_source_timestamp":1387495500827619,"purchased_purges":0,"victory":false,"master_deck":["Strike_B","Strike_B","Strike_B","Strike_B","Defend_B","Defend_B","Defend_B","Defend_B","Zap","Dualcast","Go for the Eyes","Melter","Biased Cognition+1","FTL","Doubt","Sunder+1","Bandage Up","Redo","Doom and Gloom","Thunder Strike","Chaos+1","Go for the Eyes","Rainbow","Sunder","Ball Lightning","Lockon","Ghostly","Ghostly","Ghostly","Ghostly","Ghostly"],"max_hp_per_floor":[89,94,94,94,94,94,94,94,94,94,94,94,94,94,94,94,94,94,94,94,94,47,47],"relics":["Cracked Core","Bronze Scales","Nuclear Battery"],"card_choices":[{"not_picked":["Cold Snap","Force Field"],"picked":"Go for the Eyes","floor":1},{"not_picked":["Scrape","Stack"],"picked":"Melter","floor":3},{"not_picked":["Coolheaded","Consume"],"picked":"Biased Cognition","floor":4},{"not_picked":["Impulse","Hologram"],"picked":"FTL","floor":5},{"not_picked":["Cold Snap","Lockon"],"picked":"Redo","floor":11},{"not_picked":["Leap","Capacitor"],"picked":"Doom and Gloom","floor":14},{"not_picked":["Multi-Cast","Meteor Strike"],"picked":"Thunder Strike","floor":16},{"not_picked":["Coolheaded","Capacitor"],"picked":"Chaos","floor":18},{"not_picked":["Cold Snap","Leap"],"picked":"Go for the Eyes","floor":19}],"player_experience":108333,"potions_floor_usage":[5,8,11,16,19],"damage_taken":[{"damage":1,"enemies":"Jaw Worm","floor":1,"turns":3},{"damage":2,"enemies":"2 Louse","floor":3,"turns":3},{"damage":0,"enemies":"Small Slimes","floor":4,"turns":2},{"damage":1,"enemies":"Red Slaver","floor":5,"turns":3},{"damage":0,"enemies":"Looter","floor":8,"turns":1},{"damage":0,"enemies":"2 Fungi Beasts","floor":11,"turns":1},{"damage":21,"enemies":"Large Slime","floor":14,"turns":4},{"damage":49,"enemies":"The Guardian","floor":16,"turns":9},{"damage":24,"enemies":"Spheric Guardian","floor":18,"turns":4},{"damage":5,"enemies":"3 Byrds","floor":19,"turns":2},{"damage":51,"enemies":"Slavers","floor":23,"turns":2}],"event_choices":[{"event_name":"Big Fish","player_choice":"Donut","floor":2,"damage_taken":0},{"event_name":"Liars Game","player_choice":"agreed","floor":7,"damage_taken":0},{"event_name":"World of Goop","player_choice":"Gather Gold","floor":13,"damage_taken":0},{"event_name":"The Library","player_choice":"Read","floor":21,"damage_taken":0},{"event_name":"Ghosts","player_choice":"Became a Ghost","floor":22,"damage_taken":0}],"boss_relics":[{"not_picked":["Black Star","White Beast Statue"],"picked":"Nuclear Battery"}],"potions_floor_spawned":[3,4,5,14,18],"seed_played":"1680192130295647444","killed_by":"Slavers","ascension_level":0,"is_trial":false}