{"path_per_floor":["M","?","?","M","?","R","$","R","T","M","M","$","E","M","R","B",null,"M","?","M","$","?","R","M","R","T","M","M"],"character_chosen":"DEFECT","items_purchased":["Anchor","Tiny Chest","Sunder","Trip","Whetstone"],"gold_per_floor":[362,437,437,454,454,454,150,150,176,196,210,34,70,90,90,221,221,234,149,174,25,0,0,23,23,23,36,61,61],"floor_reached":29,"campfire_rested":2,"playtime":1210,"current_hp_per_floor":[68,57,32,26,26,44,44,62,62,62,60,60,54,54,54,28,63,60,60,60,60,60,60,58,58,58,31,23,0],"items_purged":["Defend_B"],"gold":61,"score":225,"play_id":"d17bd685-687f-42c8-9f87-20d4f7f87d1d","local_time":"20180513232528","is_prod":false,"is_daily":false,"chose_seed":false,"is_ascension_mode":false,"campfire_upgraded":3,"timestamp":1526268328,"path_taken":["M","?","?","M","?","R","?","R","T","M","?","$","E","?","R","BOSS","M","?","M","$","?","R","?","R","T","M","M","M"],"build_version":"2018-05-12v2","seed_source_timestamp":30123098101015,"purchased_purges":1,"victory":false,"master_deck":["Strike_B","Strike_B+1","Strike_B","Strike_B","Defend_B","Defend_B","Defend_B","Zap","Dualcast","Conserve Battery","Steam","Sunder","Streamline","Beam Cell+1","Trip+1","All For One","Self Repair+1","Meteor Strike","Consume+1","Steam","Beam Cell"],"max_hp_per_floor":[68,68,68,68,63,63,63,63,63,63,63,63,63,63,63,63,63,63,63,63,63,63,63,63,63,63,63,63,63],"relics":["Cracked Core","Symbiotic Virus","Golden Idol","Anchor","Tiny Chest","Art of War","Pen Nib","Inserter","DataDisk","Whetstone","Toxic Egg 2"],"card_choices":[{"not_picked":["Rebound","Redo"],"picked":"Conserve Battery","floor":1},{"not_picked":["Scrape","Darkness"],"picked":"Steam","floor":4},{"not_picked":["Hologram","Reinforced Body"],"picked":"Streamline","floor":10},{"not_picked":["Auto Shields","Darkness"],"picked":"Beam Cell","floor":11},{"not_picked":["Ball Lightning","Streamline"],"picked":"All For One","floor":13},{"not_picked":["Hologram","Lockon"],"picked":"Self Repair","floor":14},{"not_picked":["Fusion","Hyperbeam"],"picked":"Meteor Strike","floor":16},{"not_picked":["Beam Cell","Cold Snap"],"picked":"Consume","floor":18},{"not_picked":["Axe Kick+1","Recycle","Coolheaded"],"picked":"SKIP","floor":20},{"not_picked":["Stack","Streamline"],"picked":"Steam","floor":24},{"not_picked":["Reinforced Body+1","Impulse+1","Streamline"],"picked":"SKIP","floor":27},{"not_picked":["Darkness+1","Turbo+1"],"picked":"Beam Cell","floor":28}],"player_experience":231271,"potions_floor_usage":[14,14,16,24,28],"damage_taken":[{"damage":0,"enemies":"2 Louse","floor":1,"turns":4},{"damage":6,"enemies":"Jaw Worm","floor":4,"turns":4},{"damage":0,"enemies":"Small Slimes","floor":10,"turns":3},{"damage":2,"enemies":"Blue Slaver","floor":11,"turns":4},{"damage":6,"enemies":"Gremlin Nob","floor":13,"turns":3},{"damage":0,"enemies":"Large Slime","floor":14,"turns":4},{"damage":33,"enemies":"Hexaghost","floor":16,"turns":8},{"damage":10,"enemies":"Chosen","floor":18,"turns":5},{"damage":7,"enemies":"Shell Parasite","floor":20,"turns":4},{"damage":9,"enemies":"Centurion and Healer","floor":24,"turns":4},{"damage":37,"enemies":"Snake Plant","floor":27,"turns":5},{"damage":18,"enemies":"Slaver and Parasite","floor":28,"turns":6},{"damage":27,"enemies":"Centurion and Healer","floor":29,"turns":5}],"event_choices":[{"event_name":"World of Goop","player_choice":"Gather Gold","floor":2,"damage_taken":0},{"event_name":"Scrap Ooze","player_choice":"success","floor":3,"damage_taken":25},{"event_name":"Golden Idol","player_choice":"Lose Max HP","floor":5,"damage_taken":0},{"event_name":"Addict","player_choice":"Obtained Relic","floor":19,"damage_taken":0},{"event_name":"Masked Bandits","player_choice":"Paid Bandits 25 gold","floor":22,"damage_taken":0}],"boss_relics":[{"not_picked":["Astrolabe","Runic Dome"],"picked":"Inserter"}],"potions_floor_spawned":[4,10,13,20,24],"seed_played":"-4157371163094545248","killed_by":"Centurion and Healer","ascension_level":0,"is_trial":false}