{"gold_per_floor":[118,193,207,218,218,218,254,254,279,297,297,297,313,70,70,161,161,185,199,0,0,125,125,41,75,75,100,100,100],"floor_reached":29,"playtime":961,"items_purged":["Strike_G"],"score":482,"play_id":"550a0fea-da08-43fa-9a42-0288e31d32f3","local_time":"20190608155308","is_ascension_mode":true,"campfire_choices":[{"data":"Neutralize","floor":6.0,"key":"SMITH"},{"data":"Cloak And Dagger","floor":11.0,"key":"SMITH"},{"floor":15.0,"key":"REST"},{"floor":28,"key":"REST"}],"neow_cost":"NONE","seed_source_timestamp":2119968368334922,"circlet_count":0,"master_deck":["AscendersBane","Defend_G","Defend_G","Defend_G","Defend_G","Defend_G","Strike_G","Strike_G","Strike_G","Strike_G","Survivor","Neutralize+1","Quick Slash","Poisoned Stab","Deadly Poison","Cloak And Dagger+1","Crippling Poison","Malaise","Infinite Blades","Ghostly","Ghostly","Ghostly","Noxious Fumes"],"special_seed":0,"relics":["Ring of the Snake","Golden Idol","Dream Catcher","Vajra","Oddly Smooth Stone","Fusion Hammer","Ginger","Singing Bowl","Art of War","Thread and Needle"],"potions_floor_usage":[22],"damage_taken":[{"damage":0.0,"enemies":"Jaw Worm","floor":1.0,"turns":6.0},{"damage":0.0,"enemies":"Small Slimes","floor":3.0,"turns":5.0},{"damage":0.0,"enemies":"2 Louse","floor":4.0,"turns":5.0},{"damage":27.0,"enemies":"Lagavulin","floor":7.0,"turns":7.0},{"damage":4.0,"enemies":"Large Slime","floor":10.0,"turns":6.0},{"damage":0.0,"enemies":"Exordium Thugs","floor":13.0,"turns":4.0},{"damage":20.0,"enemies":"Hexaghost","floor":16.0,"turns":10.0},{"damage":8.0,"enemies":"Spheric Guardian","floor":18.0,"turns":7.0},{"damage":12.0,"enemies":"2 Thieves","floor":19.0,"turns":4.0},{"damage":20,"enemies":"Colosseum Slavers","floor":22,"turns":6},{"damage":10,"enemies":"Colosseum Nobs","floor":22,"turns":8},{"damage":4,"enemies":"Slavers","floor":25,"turns":7},{"damage":6,"enemies":"Snake Plant","floor":27,"turns":5},{"damage":28,"enemies":"Gremlin Leader","floor":29,"turns":7}],"seed_played":"-3239036934350172507","potions_obtained":[{"floor":1.0,"key":"Explosive Potion"},{"floor":3.0,"key":"Fire Potion"},{"floor":10.0,"key":"Strength Potion"},{"floor":25,"key":"Weak Potion"}],"is_trial":false,"path_per_floor":["M","?","M","M","?","R","E","?","T","M","R","?","M","$","R","B",null,"M","M","?","?","?","?","$","E","T","M","R","E"],"character_chosen":"THE_SILENT","items_purchased":["Oddly Smooth Stone","Noxious Fumes"],"campfire_rested":2,"item_purchase_floors":[14,24],"current_hp_per_floor":[65,54,54,54,54,54,27,27,27,23,23,14,14,14,33,13,52,44,32,32,45,17,17,17,15,15,11,24,0],"gold":100,"neow_bonus":"TEN_PERCENT_HP_BONUS","is_prod":false,"is_daily":false,"chose_seed":false,"campfire_upgraded":2,"win_rate":0,"timestamp":1560034388,"path_taken":["M","?","M","M","?","R","E","?","T","M","R","?","M","$","R","BOSS","M","M","?","?","?","?","?","E","T","M","R","E"],"build_version":"2019-01-23","purchased_purges":1,"victory":false,"max_hp_per_floor":[72,72,72,72,65,65,65,65,65,65,65,65,65,65,65,65,65,65,65,65,65,67,33,33,35,35,37,39,39],"card_choices":[{"not_picked":["Expertise","Finisher","Reflex"],"picked":"SKIP","floor":1.0},{"not_picked":["Bouncing Flask","Underhanded Strike"],"picked":"Quick Slash","floor":3.0},{"not_picked":["Tactician","Deadly Poison"],"picked":"Poisoned Stab","floor":4.0},{"not_picked":["Escape Plan","Cloak And Dagger"],"picked":"Deadly Poison","floor":7.0},{"not_picked":["Prepared","Sucker Punch"],"picked":"Cloak And Dagger","floor":10.0},{"not_picked":["Terror","Eviscerate"],"picked":"Crippling Poison","floor":13.0},{"not_picked":["Die Die Die","Phantasmal Killer"],"picked":"Malaise","floor":16.0},{"not_picked":["Outmaneuver","Dagger Throw+1"],"picked":"Infinite Blades","floor":18.0},{"not_picked":["Quick Slash","Prepared","Underhanded Strike"],"picked":"SKIP","floor":19.0},{"not_picked":["Terror","Dodge and Roll","Burst"],"picked":"Singing Bowl","floor":22},{"not_picked":["Accuracy","Deflect+1","Dash"],"picked":"Singing Bowl","floor":25},{"not_picked":["Poisoned Stab","Deflect","Deadly Poison"],"picked":"Singing Bowl","floor":27},{"not_picked":["Deadly Poison","Cloak And Dagger","Choke"],"picked":"Singing Bowl","floor":28}],"player_experience":779208,"relics_obtained":[{"floor":7.0,"key":"Dream Catcher"},{"floor":9.0,"key":"Vajra"},{"floor":22,"key":"Ginger"},{"floor":22,"key":"Singing Bowl"},{"floor":25,"key":"Art of War"},{"floor":26,"key":"Thread and Needle"}],"event_choices":[{"damage_healed":0.0,"max_hp_gain":0.0,"max_hp_loss":0.0,"gold_gain":75.0,"event_name":"World of Goop","player_choice":"Gather Gold","floor":2.0,"gold_loss":0.0,"damage_taken":11.0},{"damage_healed":0.0,"max_hp_gain":0.0,"max_hp_loss":7.0,"gold_gain":0.0,"event_name":"Golden Idol","player_choice":"Lose Max HP","floor":5.0,"gold_loss":0.0,"damage_taken":0.0,"relics_obtained":["Golden Idol"]},{"damage_healed":0.0,"max_hp_gain":0.0,"max_hp_loss":0.0,"gold_gain":0.0,"event_name":"Shining Light","player_choice":"Ignored","floor":8.0,"gold_loss":0.0,"damage_taken":0.0},{"damage_healed":0.0,"max_hp_gain":0.0,"max_hp_loss":0.0,"gold_gain":0.0,"event_name":"Wheel of Change","player_choice":"Damaged","floor":12.0,"gold_loss":0.0,"damage_taken":9.0},{"damage_healed":0,"gold_gain":0,"player_choice":"Paid Fearfully","damage_taken":0,"max_hp_gain":0,"max_hp_loss":0,"event_name":"Masked Bandits","floor":20,"gold_loss":199},{"damage_healed":13,"gold_gain":0,"player_choice":"Heal","damage_taken":0,"max_hp_gain":0,"max_hp_loss":0,"event_name":"The Library","floor":21,"gold_loss":0},{"damage_healed":0,"gold_gain":0,"player_choice":"Fight","damage_taken":0,"max_hp_gain":0,"max_hp_loss":0,"event_name":"Colosseum","floor":22,"gold_loss":0},{"damage_healed":0,"gold_gain":0,"player_choice":"Fought Nobs","damage_taken":0,"max_hp_gain":0,"max_hp_loss":0,"event_name":"Colosseum","floor":22,"gold_loss":0},{"damage_healed":0,"gold_gain":0,"player_choice":"Became a Ghost","damage_taken":0,"max_hp_gain":0,"max_hp_loss":34,"event_name":"Ghosts","floor":23,"gold_loss":0,"cards_obtained":["Ghostly","Ghostly","Ghostly"]}],"is_beta":false,"boss_relics":[{"not_picked":["Orrery","Philosopher\u0027s Stone"],"picked":"Fusion Hammer"}],"items_purged_floors":[14],"is_endless":false,"potions_floor_spawned":[1,3,10,18,22,25],"killed_by":"Gremlin Leader","ascension_level":20}