{"path_per_floor":["M","M","?","?","T","E","$","R","T","R","M","R","M","M","R","B",null,"M","?","$","?","M","R","E","M","T","R","?","E","?","M","R"],"character_chosen":"DEFECT","items_purchased":["Thunder Strike","Genetic Algorithm"],"gold_per_floor":[110,122,122,122,122,151,6,6,31,31,43,43,58,75,75,171,171,184,184,116,316,296,296,328,339,339,339,299,329,329,348,348,348],"floor_reached":33,"campfire_rested":7,"playtime":1399,"current_hp_per_floor":[28,27,27,24,24,19,19,41,41,63,53,75,73,52,74,64,75,61,61,61,61,49,71,42,20,20,42,42,46,71,49,71,0],"items_purged":[],"gold":348,"score":283,"play_id":"12c38bcf-40c0-41d5-bd96-a6ccb75a4452","local_time":"20180430153146","is_prod":false,"is_daily":false,"chose_seed":false,"is_ascension_mode":false,"campfire_upgraded":0,"timestamp":1525116706,"path_taken":["M","?","?","?","?","E","$","R","T","R","M","R","M","?","R","BOSS","M","?","$","?","?","R","E","?","T","R","?","E","?","M","R","BOSS"],"build_version":"2018-04-27v3","seed_source_timestamp":1286568174275850,"purchased_purges":0,"victory":false,"master_deck":["Strike_B","Defend_B","Defend_B","Defend_B","Zap","Dualcast","Echo Form","Ball Lightning","Aggregate","Defragment","Thunder Strike","Glacier","Gash","Sunder","Fusion","Go for the Eyes+1","Cold Snap+1","Auto Shields+1","Genetic Algorithm","Melter","Aggregate","Chill+1","Darkness","Rebound+1"],"max_hp_per_floor":[75,75,75,75,75,75,75,75,75,75,75,75,75,75,75,75,75,75,75,75,75,75,75,75,75,75,75,75,75,75,75,75,75],"relics":["Cracked Core","Vajra","Meat on the Bone","DataDisk","Pen Nib","Astrolabe","Dream Catcher","Calipers","Juzu Bracelet"],"card_choices":[{"not_picked":["Hyperbeam","Seek"],"picked":"Echo Form","floor":0},{"not_picked":["Leap","Reprogram"],"picked":"Ball Lightning","floor":1},{"not_picked":["Leap","All For One"],"picked":"Defragment","floor":6},{"not_picked":["Doom and Gloom","Go for the Eyes"],"picked":"Glacier","floor":11},{"not_picked":["Chill","Tempest"],"picked":"Gash","floor":13},{"not_picked":["Sweeping Beam","Leap"],"picked":"Sunder","floor":14},{"not_picked":["Meteor Strike","Nova"],"picked":"Fusion","floor":16},{"not_picked":["Cold Snap","Axe Kick"],"picked":"Melter","floor":22},{"not_picked":["Rebound","Steam Power"],"picked":"Aggregate","floor":25},{"not_picked":["Darkness","Axe Kick"],"picked":"Chill","floor":29},{"not_picked":["Skim","Axe Kick"],"picked":"Darkness","floor":31},{"not_picked":["Go for the Eyes","Force Field"],"picked":"Rebound","floor":32}],"player_experience":99212,"potions_floor_usage":[2,13,16,18,25,29,29,31,33],"damage_taken":[{"damage":10,"enemies":"Cultist","floor":1,"turns":4},{"damage":1,"enemies":"Jaw Worm","floor":2,"turns":3},{"damage":17,"enemies":"3 Sentries","floor":6,"turns":6},{"damage":10,"enemies":"Small Slimes","floor":11,"turns":2},{"damage":2,"enemies":"Blue Slaver","floor":13,"turns":3},{"damage":21,"enemies":"2 Fungi Beasts","floor":14,"turns":3},{"damage":10,"enemies":"The Guardian","floor":16,"turns":9},{"damage":20,"enemies":"3 Byrds","floor":18,"turns":5},{"damage":12,"enemies":"2 Thieves","floor":22,"turns":4},{"damage":41,"enemies":"Slavers","floor":24,"turns":7},{"damage":34,"enemies":"Cultist and Chosen","floor":25,"turns":9},{"damage":8,"enemies":"Book of Stabbing","floor":29,"turns":5},{"damage":34,"enemies":"Chosen and Byrds","floor":31,"turns":10},{"damage":81,"enemies":"Automaton","floor":33,"turns":10}],"event_choices":[{"event_name":"Transmorgrifier","player_choice":"Transform","floor":3,"damage_taken":0},{"event_name":"Scrap Ooze","player_choice":"success","floor":4,"damage_taken":3},{"event_name":"Drug Dealer","player_choice":"Ignored","floor":19,"damage_taken":0},{"event_name":"The Joust","player_choice":"Bet on Owner","floor":21,"damage_taken":0},{"event_name":"The Woman in Blue","player_choice":"Bought 3 Potions","floor":28,"damage_taken":0},{"event_name":"The Library","player_choice":"Heal","floor":30,"damage_taken":0}],"boss_relics":[{"not_picked":["Inserter","Cursed Key"],"picked":"Astrolabe"}],"potions_floor_spawned":[1,11,14,16,24,31],"seed_played":"-3113293641526283066","killed_by":"Automaton","ascension_level":0,"is_trial":false}