{"path_per_floor":["M","M","?","$","T","E","R","E","T","M","R","M","M","?","R","B",null,"M","?","$","?","?","M","R","?","T","R","M","M","R","?","R","B",null,"M","$","?","?","M","R","?","R","T","M","E","R","M","M","R"],"character_chosen":"DEFECT","items_purchased":["Dramatic Entrance","Shovel","Mind Blast","Streamline"],"gold_per_floor":[114,129,129,23,98,128,128,158,183,198,198,213,228,228,228,353,353,372,372,72,85,85,104,104,19,44,44,63,82,82,82,82,207,207,226,83,416,416,431,431,431,431,431,446,476,476,491,506,506,506],"floor_reached":50,"campfire_rested":7,"playtime":1801,"current_hp_per_floor":[66,62,62,62,62,30,70,38,38,38,65,60,51,35,60,54,60,50,50,50,50,50,52,52,52,52,52,42,27,55,7,50,25,50,19,19,19,13,7,45,35,35,35,39,11,40,37,37,37,0],"items_purged":[],"gold":506,"score":553,"play_id":"334671b4-8ecb-4a07-aadc-cb75a59dfa17","local_time":"20180510100449","daily_mods":["Heirloom","Time Dilation","Night Terrors"],"is_prod":false,"is_daily":true,"chose_seed":false,"is_ascension_mode":false,"campfire_upgraded":0,"timestamp":1525961089,"path_taken":["M","M","?","$","?","E","R","E","T","M","R","?","M","?","R","BOSS","M","?","?","?","?","?","R","?","T","R","?","M","R","?","R","BOSS","M","$","?","?","M","R","?","R","T","M","E","R","M","M","R","BOSS"],"build_version":"2018-05-09","seed_source_timestamp":0,"purchased_purges":0,"victory":false,"master_deck":["Strike_B+1","Strike_B+1","Strike_B+1","Strike_B+1","Defend_B+1","Defend_B+1","Defend_B+1","Defend_B+1","Zap","Dualcast","Chaos","Dramatic Entrance","Redo","Barrage+1","Capacitor","Steam","Rainbow","Ball Lightning+1","Ball Lightning+1","BootSequence","Amplify","Ball Lightning+1","Sweeping Beam+1","Beam Cell+1","Double Energy","Echo Form","Mind Blast+1","Madness","Blind","Deep Breath","Dramatic Entrance+1","Storm","Echo Form","Self Repair+1","Mind Blast+1","Streamline+1","Madness","Madness","Barrage+1","Conserve Battery","Bandage Up","Bandage Up","Mind Blast+1","Sweeping Beam+1","Go for the Eyes+1","Streamline+1","Sunder+1","Steam Power+1"],"max_hp_per_floor":[75,75,75,75,75,75,70,70,70,70,65,65,65,65,60,60,60,60,60,60,60,60,60,60,60,60,60,60,60,55,55,50,50,50,50,50,50,50,50,45,45,45,45,45,45,40,40,40,40,40],"relics":["Cracked Core","Bird Faced Urn","Molten Egg 2","Dream Catcher","Dead Branch","Oddly Smooth Stone","Lizard Tail","Shovel","Red Mask","Kunai","Bronze Scales","Bag of Marbles","Prayer Wheel","Snecko Eye","Question Card","Toxic Egg 2","Ginger","Singing Bowl"],"card_choices":[{"not_picked":["Skim","Conserve Battery"],"picked":"Chaos","floor":1},{"not_picked":["Turbo","Steam"],"picked":"Redo","floor":6},{"not_picked":["Turbo","Redo"],"picked":"Barrage","floor":7},{"not_picked":["Loop","Steam"],"picked":"Capacitor","floor":8},{"not_picked":["Leap","Coolheaded"],"picked":"Steam","floor":10},{"not_picked":["FTL","Turbo"],"picked":"Rainbow","floor":11},{"not_picked":["Cold Snap","Reinforced Body"],"picked":"Ball Lightning","floor":12},{"not_picked":["Rebound","Turbo"],"picked":"Ball Lightning","floor":13},{"not_picked":["Reprogram","Recycle"],"picked":"BootSequence","floor":15},{"not_picked":["Multi-Cast","Machine Learning"],"picked":"Amplify","floor":16},{"not_picked":["Axe Kick","Stack"],"picked":"Ball Lightning","floor":18},{"not_picked":["Rebound","Skim"],"picked":"Sweeping Beam","floor":21},{"not_picked":["Hologram","Defragment"],"picked":"Beam Cell","floor":23},{"not_picked":["Coolheaded","Stack"],"picked":"Double Energy","floor":28},{"not_picked":["Static Discharge","Storm"],"picked":"Echo Form","floor":30},{"not_picked":["Beam Cell","Ball Lightning"],"picked":"Storm","floor":32},{"not_picked":["Reboot","Amplify"],"picked":"Echo Form","floor":33},{"not_picked":["Sweeping Beam","Redo"],"picked":"Self Repair","floor":35},{"not_picked":["Heatsinks","BootSequence"],"picked":"Barrage","floor":39},{"not_picked":["Turbo","Genetic Algorithm"],"picked":"Conserve Battery","floor":40},{"not_picked":["Finesse","Apotheosis"],"picked":"Bandage Up","floor":41},{"not_picked":["Trip","Dark Shackles"],"picked":"Bandage Up","floor":41},{"not_picked":["Dark Shackles","Bandage Up"],"picked":"Mind Blast","floor":41},{"not_picked":["Undo","Axe Kick","Impulse"],"picked":"Sweeping Beam","floor":43},{"not_picked":["Streamline","Sweeping Beam","Steam"],"picked":"Go for the Eyes","floor":44},{"not_picked":["Chill","Reprogram","Melter"],"picked":"Streamline","floor":45},{"not_picked":["Darkness","Leap","Ball Lightning"],"picked":"Sunder","floor":46},{"not_picked":["Turbo","Reinforced Body","Impulse"],"picked":"Steam Power","floor":47}],"player_experience":217813,"potions_floor_usage":[6,8,21,28,45],"damage_taken":[{"damage":9,"enemies":"Small Slimes","floor":1,"turns":3},{"damage":4,"enemies":"2 Louse","floor":2,"turns":3},{"damage":32,"enemies":"Lagavulin","floor":6,"turns":7},{"damage":32,"enemies":"Gremlin Nob","floor":8,"turns":4},{"damage":0,"enemies":"Cultist","floor":10,"turns":2},{"damage":5,"enemies":"Lots of Slimes","floor":12,"turns":2},{"damage":11,"enemies":"2 Fungi Beasts","floor":13,"turns":4},{"damage":6,"enemies":"Slime Boss","floor":16,"turns":8},{"damage":10,"enemies":"Shell Parasite","floor":18,"turns":4},{"damage":0,"enemies":"Masked Bandits","floor":21,"turns":2},{"damage":0,"enemies":"2 Thieves","floor":23,"turns":2},{"damage":10,"enemies":"Snake Plant","floor":28,"turns":3},{"damage":17,"enemies":"Snecko","floor":29,"turns":5},{"damage":76,"enemies":"Automaton","floor":33,"turns":8},{"damage":37,"enemies":"3 Darklings","floor":35,"turns":5},{"damage":6,"enemies":"3 Shapes","floor":39,"turns":1},{"damage":0,"enemies":"Spire Growth","floor":44,"turns":2},{"damage":28,"enemies":"Nemesis","floor":45,"turns":3},{"damage":3,"enemies":"4 Shapes","floor":47,"turns":2},{"damage":0,"enemies":"Flame Bruiser 2 Orb","floor":48,"turns":1},{"damage":54,"enemies":"Donu and Deca","floor":50,"turns":5}],"event_choices":[{"event_name":"The Cleric","player_choice":"Leave","floor":3,"damage_taken":0},{"event_name":"Golden Idol","player_choice":"Take Damage","floor":14,"damage_taken":0},{"event_name":"Back to Basics","player_choice":"Simplicity","floor":19,"damage_taken":0},{"event_name":"Masked Bandits","player_choice":"Fought over 72 gold","floor":21,"damage_taken":0},{"event_name":"Drug Dealer","player_choice":"Ignored","floor":22,"damage_taken":0},{"event_name":"Addict","player_choice":"Obtained Relic","floor":25,"damage_taken":0},{"event_name":"Knowing Skull","player_choice":"CARD CARD CARD CARD CARD ","floor":31,"damage_taken":0},{"event_name":"The Moai Head","player_choice":"Gave Idol","floor":37,"damage_taken":0},{"event_name":"Winding Halls","player_choice":"Embrace Madness","floor":38,"damage_taken":0},{"event_name":"SensoryStone","player_choice":"Memory 3","floor":41,"damage_taken":0}],"boss_relics":[{"not_picked":["Runic Dome","Velvet Choker"],"picked":"Lizard Tail"},{"not_picked":["White Beast Statue","Calling Bell"],"picked":"Snecko Eye"}],"potions_floor_spawned":[2,6,16,21,44,45,48],"seed_played":"-3482756259922826176","killed_by":"Donu and Deca","ascension_level":0,"is_trial":false}