{"path_per_floor":["M","M","M","M","?","R","?","R","T","R","M","E","M","M","R"],"character_chosen":"IRONCLAD","items_purchased":[],"gold_per_floor":[111,125,136,146,321,321,382,382,382,382,394,426,444,456,456],"floor_reached":16,"campfire_rested":2,"playtime":548,"current_hp_per_floor":[72,70,65,51,51,51,21,42,42,63,69,67,51,59,59],"items_purged":[],"gold":456,"score":104,"play_id":"d6c5d18b-69a7-4063-94a6-1a7bc60bb9b5","local_time":"20180310001121","is_prod":false,"is_daily":false,"is_ascension_mode":false,"campfire_upgraded":1,"timestamp":1520658681,"path_taken":["M","M","M","M","?","R","?","R","T","R","M","E","M","M","R","BOSS"],"build_version":"2018-03-01-PROD1","purchased_purges":0,"victory":false,"master_deck":["Strike_R","Strike_R","Strike_R","Strike_R","Strike_R","Defend_R","Defend_R","Defend_R","Defend_R","Bash","Whirlwind","Thunderclap","Whirlwind+1","Iron Wave","Warcry","Iron Wave","Immolate","Shockwave","Cleave"],"max_hp_per_floor":[72,72,72,72,72,72,72,72,72,72,72,72,72,72,72],"relics":["Burning Blood","Calipers","Mummified Hand","Peace Pipe","Blood Vial"],"card_choices":[{"not_picked":["Headbutt","Pommel Strike"],"picked":"Whirlwind"},{"not_picked":["Feel No Pain","Twin Strike"],"picked":"Thunderclap"},{"not_picked":["Thunderclap","Clash"],"picked":"Whirlwind"},{"not_picked":["Anger","Dark Embrace"],"picked":"Iron Wave"},{"not_picked":["Headbutt","Body Slam"],"picked":"Warcry"},{"not_picked":["Intimidate","Pommel Strike"],"picked":"Iron Wave"},{"not_picked":["Reckless Charge","Twin Strike"],"picked":"Immolate"},{"not_picked":["Second Wind","Sword Boomerang"],"picked":"Shockwave"},{"not_picked":["Warcry","Iron Wave"],"picked":"Cleave"}],"player_experience":380735,"potions_floor_usage":[7,7,11,14],"damage_taken":[{"damage":1,"enemies":"Cultist","floor":1,"turns":3},{"damage":8,"enemies":"Small Slimes","floor":2,"turns":3},{"damage":11,"enemies":"Jaw Worm","floor":3,"turns":3},{"damage":20,"enemies":"Looter","floor":4,"turns":3},{"damage":36,"enemies":"Lagavulin Event","floor":7,"turns":5},{"damage":0,"enemies":"2 Fungi Beasts","floor":11,"turns":3},{"damage":8,"enemies":"3 Sentries","floor":12,"turns":3},{"damage":24,"enemies":"Large Slime","floor":13,"turns":5},{"damage":0,"enemies":"Blue Slaver","floor":14,"turns":1},{"damage":91,"enemies":"The Guardian","floor":16,"turns":11}],"event_choices":[{"event_name":"Liars Game","player_choice":"agreed","floor":5,"damage_taken":0},{"event_name":"Dead Adventurer","player_choice":"Searched \u00271\u0027 times","floor":7,"damage_taken":0}],"boss_relics":[],"potions_floor_spawned":[3,4,7,13],"seed_played":"4749978944126141657","killed_by":"The Guardian","ascension_level":0,"is_trial":false}