{"path_per_floor":["M","$","M","$","?","R","M","M","T","M","M","M","M","M","R","B",null,"M","?","?","M","?","R","M","R","T","?","M","$"],"character_chosen":"DEFECT","items_purchased":["Ball Lightning","Conserve Battery","Capacitor","Static Discharge"],"gold_per_floor":[109,14,28,2,2,2,17,29,55,66,82,92,109,119,119,223,223,241,241,0,10,10,10,29,29,29,29,42,3,3],"floor_reached":30,"campfire_rested":1,"playtime":1504,"current_hp_per_floor":[75,75,74,74,59,59,58,37,37,32,32,24,7,7,29,1,75,44,37,37,37,37,37,37,37,47,47,32,32,0],"items_purged":[],"gold":3,"score":276,"play_id":"a012c884-8f0b-464b-82f7-6409b061d628","local_time":"20180428183009","is_prod":false,"is_daily":false,"chose_seed":false,"is_ascension_mode":false,"campfire_upgraded":3,"timestamp":1524954609,"path_taken":["M","$","M","$","?","R","M","M","T","M","M","M","M","M","R","BOSS","M","?","?","?","?","R","?","R","T","?","M","$","M"],"build_version":"2018-04-27v3","seed_source_timestamp":1124380055628089,"purchased_purges":0,"victory":false,"master_deck":["Strike_B","Strike_B","Strike_B","Strike_B","Defend_B","Defend_B","Defend_B+1","Defend_B","Zap","Dualcast+1","Capacitor","Ball Lightning","Conserve Battery+1","Barrage","Capacitor","Go for the Eyes","Genetic Algorithm","Capacitor","Darkness+1","Beam Cell","Sweeping Beam","Glacier","Fusion+1","Self Repair","Ghostly","Ghostly","Ghostly","Ghostly","Ghostly","Defragment","Go for the Eyes","Fusion+1","Capacitor+1","Static Discharge"],"max_hp_per_floor":[75,75,75,75,75,75,75,75,75,75,75,75,75,75,75,75,75,75,37,37,37,37,37,37,37,47,47,47,47,47],"relics":["Cracked Core","Ancient Tea Set","Velvet Choker","Pear"],"card_choices":[{"not_picked":["Impulse","Aggregate"],"picked":"Capacitor","floor":1},{"not_picked":["Biased Cognition","Sweeping Beam"],"picked":"Barrage","floor":3},{"not_picked":["Scrape","Skim"],"picked":"Go for the Eyes","floor":7},{"not_picked":["Beam Cell","Prime"],"picked":"Genetic Algorithm","floor":8},{"not_picked":["Axe Kick","Gash"],"picked":"Capacitor","floor":10},{"not_picked":["Cold Snap","Stack"],"picked":"Darkness","floor":11},{"not_picked":["Force Field","Go for the Eyes"],"picked":"Beam Cell","floor":12},{"not_picked":["Stack","Capacitor"],"picked":"Sweeping Beam","floor":13},{"not_picked":["Impulse","Skim"],"picked":"Glacier","floor":14},{"not_picked":["Thunder Strike","Multi-Cast"],"picked":"Fusion","floor":16},{"not_picked":["Leap","Scrape"],"picked":"Self Repair","floor":18},{"not_picked":["Auto Shields","Capacitor"],"picked":"Defragment","floor":21},{"not_picked":["Stack","Cold Snap"],"picked":"Go for the Eyes","floor":24},{"not_picked":["Rip and Tear","Conserve Battery"],"picked":"Capacitor","floor":28}],"player_experience":4051,"potions_floor_usage":[7,12,14,16,18,24,30],"damage_taken":[{"damage":0,"enemies":"Cultist","floor":1,"turns":4},{"damage":1,"enemies":"Jaw Worm","floor":3,"turns":3},{"damage":7,"enemies":"2 Louse","floor":7,"turns":4},{"damage":21,"enemies":"Exordium Thugs","floor":8,"turns":4},{"damage":5,"enemies":"2 Fungi Beasts","floor":10,"turns":3},{"damage":0,"enemies":"Large Slime","floor":11,"turns":4},{"damage":8,"enemies":"Blue Slaver","floor":12,"turns":4},{"damage":17,"enemies":"Exordium Thugs","floor":13,"turns":4},{"damage":0,"enemies":"Large Slime","floor":14,"turns":3},{"damage":28,"enemies":"Slime Boss","floor":16,"turns":7},{"damage":31,"enemies":"3 Byrds","floor":18,"turns":7},{"damage":5,"enemies":"Spheric Guardian","floor":21,"turns":6},{"damage":1,"enemies":"Snake Plant","floor":24,"turns":4},{"damage":22,"enemies":"Centurion and Healer","floor":28,"turns":10},{"damage":60,"enemies":"Cultist and Chosen","floor":30,"turns":9}],"event_choices":[{"event_name":"Shining Light","player_choice":"Entered Light","floor":5,"damage_taken":0},{"event_name":"Ghosts","player_choice":"Became a Ghost","floor":19,"damage_taken":0},{"event_name":"Masked Bandits","player_choice":"Paid Bandits 241 gold","floor":20,"damage_taken":0},{"event_name":"Vampires","player_choice":"Ignored","floor":22,"damage_taken":0},{"event_name":"Duplicator","player_choice":"One dupe","floor":27,"damage_taken":0}],"boss_relics":[{"not_picked":["Snecko Eye","White Beast Statue"],"picked":"Velvet Choker"}],"potions_floor_spawned":[3,10,13,14,16,18,28],"seed_played":"-7423844556933669569","killed_by":"Cultist and Chosen","ascension_level":0,"is_trial":false}