{"gold_per_floor":[118,131,131,141,19,19,19,46,46,60,60,60,60,75,75,198,198,219,144,144,158,158,158,202,202,202,202,222,238,238,252,252,252],"floor_reached":33,"playtime":1107,"items_purged":[],"score":368,"play_id":"e04bffc7-1d3c-4fdd-882e-6c73f90bc6e5","local_time":"20190523023729","is_ascension_mode":true,"campfire_choices":[{"data":"Genetic Algorithm","floor":6,"key":"SMITH"},{"data":"Rip and Tear","floor":7,"key":"SMITH"},{"data":"Scrape","floor":11,"key":"SMITH"},{"floor":15,"key":"REST"},{"floor":23,"key":"REST"},{"floor":25,"key":"REST"},{"floor":27,"key":"REST"},{"floor":32,"key":"REST"}],"neow_cost":"NONE","seed_source_timestamp":118043644163300,"circlet_count":0,"master_deck":["Zap","Dualcast","Rip and Tear+1","Gash","Gash","Gash","Genetic Algorithm+1","Gash","Scrape+1","Undo","Rainbow","Glacier","Coolheaded","FTL","Amplify","Buffer","Go for the Eyes","Reinforced Body","Streamline+1","Writhe","Gash","Bite","Bite","Bite","Bite","Bite","Redo+1","Chill","Coolheaded","Sunder"],"relics":["Cracked Core","WingedGreaves","Pen Nib","Letter Opener","Golden Idol","Pandora\u0027s Box","Boot","Mummified Hand","The Courier"],"potions_floor_usage":[14,16,18,31,33],"damage_taken":[{"damage":1,"enemies":"Cultist","floor":1,"turns":3},{"damage":0,"enemies":"Small Slimes","floor":2,"turns":2},{"damage":12,"enemies":"Jaw Worm","floor":4,"turns":2},{"damage":25,"enemies":"Lagavulin","floor":8,"turns":5},{"damage":2,"enemies":"2 Fungi Beasts","floor":10,"turns":3},{"damage":1,"enemies":"3 Louse","floor":14,"turns":2},{"damage":24,"enemies":"The Guardian","floor":16,"turns":8},{"damage":0,"enemies":"Shell Parasite","floor":18,"turns":4},{"damage":26,"enemies":"2 Thieves","floor":21,"turns":4},{"damage":51,"enemies":"Slavers","floor":24,"turns":5},{"damage":13,"enemies":"Snecko","floor":28,"turns":6},{"damage":36,"enemies":"Shelled Parasite and Fungi","floor":29,"turns":6},{"damage":14,"enemies":"Centurion and Healer","floor":31,"turns":4},{"damage":73,"enemies":"Champ","floor":33,"turns":10}],"seed_played":"-7474530579566923511","potions_obtained":[{"floor":2,"key":"Explosive Potion"},{"floor":10,"key":"Swift Potion"},{"floor":14,"key":"EssenceOfSteel"},{"floor":16,"key":"Energy Potion"},{"floor":29,"key":"AttackPotion"},{"floor":31,"key":"FearPotion"}],"is_trial":false,"path_per_floor":["M","M","?","M","$","R","R","E","T","M","R","?","?","M","R","B",null,"M","?","?","M","?","R","E","R","T","R","M","M","?","M","R","B"],"character_chosen":"DEFECT","items_purchased":["Gash","Genetic Algorithm"],"campfire_rested":5,"item_purchase_floors":[5,5],"current_hp_per_floor":[81,81,81,69,69,69,69,44,44,42,42,42,42,41,63,39,76,76,76,76,50,50,53,4,19,19,34,27,3,20,12,27,0],"gold":252,"neow_bonus":"TEN_PERCENT_HP_BONUS","is_prod":false,"is_daily":false,"chose_seed":false,"campfire_upgraded":3,"win_rate":0,"timestamp":1558593449,"path_taken":["M","?","?","?","?","R","R","E","T","M","R","?","?","M","R","BOSS","M","?","?","M","?","R","E","R","T","R","M","M","?","M","R","BOSS"],"build_version":"2019-05-07","purchased_purges":0,"victory":false,"max_hp_per_floor":[82,82,82,82,82,82,82,82,82,82,82,82,76,76,76,76,76,76,76,76,76,53,53,53,53,53,53,53,53,53,53,53,53],"card_choices":[{"not_picked":["Cold Snap","Lockon"],"picked":"Rip and Tear","floor":1},{"not_picked":["Streamline","Darkness"],"picked":"Gash","floor":2},{"not_picked":["Redo","Sunder"],"picked":"Gash","floor":4},{"not_picked":["Turbo","Fission"],"picked":"Gash","floor":8},{"not_picked":["Leap","Skim"],"picked":"Scrape","floor":10},{"not_picked":["Tempest","Auto Shields"],"picked":"Undo","floor":14},{"not_picked":["Fission","Thunder Strike"],"picked":"Rainbow","floor":16},{"not_picked":["Leap","Ball Lightning"],"picked":"Streamline+1","floor":18},{"not_picked":["Stack","Coolheaded"],"picked":"Gash","floor":21},{"not_picked":["Barrage","Skim"],"picked":"Redo+1","floor":24},{"not_picked":["Beam Cell","Sweeping Beam"],"picked":"Chill","floor":28},{"not_picked":["Turbo+1","Fusion"],"picked":"Coolheaded","floor":29},{"not_picked":["Barrage","Compile Driver+1"],"picked":"Sunder","floor":31}],"player_experience":902800,"relics_obtained":[{"floor":8,"key":"Pen Nib"},{"floor":9,"key":"Letter Opener"},{"floor":24,"key":"Mummified Hand"},{"floor":26,"key":"The Courier"}],"event_choices":[{"damage_healed":0,"gold_gain":0,"player_choice":"Gave Potion","damage_taken":0,"relics_obtained":["WingedGreaves"],"max_hp_gain":0,"max_hp_loss":0,"event_name":"WeMeetAgain","floor":3,"gold_loss":0},{"damage_healed":0,"gold_gain":0,"player_choice":"Ignored","damage_taken":0,"max_hp_gain":0,"max_hp_loss":0,"event_name":"Golden Wing","floor":12,"gold_loss":0},{"damage_healed":0,"gold_gain":0,"player_choice":"Lose Max HP","damage_taken":0,"relics_obtained":["Golden Idol"],"max_hp_gain":0,"max_hp_loss":6,"event_name":"Golden Idol","floor":13,"gold_loss":0},{"cards_removed":["Turbo"],"damage_healed":0,"gold_gain":0,"player_choice":"Gave Gold","damage_taken":0,"max_hp_gain":0,"max_hp_loss":0,"event_name":"Beggar","floor":19,"gold_loss":75},{"damage_healed":0,"gold_gain":0,"player_choice":"Opened","damage_taken":0,"relics_obtained":["Boot"],"max_hp_gain":0,"max_hp_loss":0,"event_name":"The Mausoleum","floor":20,"gold_loss":0,"cards_obtained":["Writhe"]},{"damage_healed":0,"gold_gain":0,"player_choice":"Became a vampire","damage_taken":0,"max_hp_gain":0,"max_hp_loss":23,"event_name":"Vampires","floor":22,"gold_loss":0,"cards_obtained":["Bite","Bite","Bite","Bite","Bite"]},{"damage_healed":17,"gold_gain":0,"player_choice":"Heal","damage_taken":0,"max_hp_gain":0,"max_hp_loss":0,"event_name":"The Library","floor":30,"gold_loss":0}],"is_beta":true,"boss_relics":[{"not_picked":["Velvet Choker","Tiny House"],"picked":"Pandora\u0027s Box"}],"items_purged_floors":[],"is_endless":false,"potions_floor_spawned":[2,10,14,16,29,31],"killed_by":"Champ","ascension_level":4}