{"path_per_floor":["M","?","$","?","M","E","T","M","T","R","?","?","M","T","R","B",null,"M","?","M","M"],"character_chosen":"DEFECT","items_purchased":["Dramatic Entrance","Genetic Algorithm"],"gold_per_floor":[114,289,110,110,124,154,208,227,227,227,227,227,252,252,252,380,380,394,394,417,437,437],"floor_reached":22,"campfire_rested":2,"playtime":1004,"current_hp_per_floor":[75,75,75,75,63,12,12,2,2,24,24,24,24,24,46,5,75,35,60,58,46,0],"items_purged":[],"gold":437,"score":184,"play_id":"f6ecf1ec-5b87-4759-8109-9d8fbd20260e","local_time":"20180515040810","is_prod":false,"is_daily":false,"chose_seed":false,"is_ascension_mode":false,"campfire_upgraded":0,"timestamp":1526371690,"path_taken":["M","?","$","?","?","E","?","M","T","R","?","?","M","?","R","BOSS","M","?","M","M","M"],"build_version":"2018-05-12v2","seed_source_timestamp":133693444584227,"purchased_purges":0,"victory":false,"master_deck":["Strike_B","Defend_B","Defend_B","Defend_B","Defend_B","Zap","Dualcast","Melter","Doubt","Dramatic Entrance+1","Genetic Algorithm","Normality","Cold Snap","Beam Cell","Go for the Eyes","Injury","Consume+1","All For One","Recycle+1","Genetic Algorithm+1","Consume+1","BootSequence+1","Go for the Eyes","Go for the Eyes"],"max_hp_per_floor":[75,75,75,75,75,75,75,75,75,75,75,75,75,75,75,75,75,75,75,75,75,75],"relics":["Lizard Tail","Potion Belt","Pen Nib","Happy Flower","Toxic Egg 2","Golden Idol","Anchor","Astrolabe"],"card_choices":[{"not_picked":["Capacitor","Impulse"],"picked":"Melter","floor":1},{"not_picked":["Undo","Chaos"],"picked":"Cold Snap","floor":5},{"not_picked":["Stack","Streamline"],"picked":"Beam Cell","floor":6},{"not_picked":["Tempest","Barrage"],"picked":"Go for the Eyes","floor":8},{"not_picked":["Barrage","Hologram+1"],"picked":"Consume+1","floor":13},{"not_picked":["Biased Cognition","Rainbow+1"],"picked":"All For One","floor":16},{"not_picked":["Stack+1","Heatsinks"],"picked":"BootSequence+1","floor":18},{"not_picked":["Static Discharge","Turbo+1"],"picked":"Go for the Eyes","floor":20},{"not_picked":["Impulse+1","Heatsinks"],"picked":"Go for the Eyes","floor":21}],"player_experience":264190,"potions_floor_usage":[6,16,18,20,22],"damage_taken":[{"damage":0,"enemies":"2 Louse","floor":1,"turns":3},{"damage":12,"enemies":"Jaw Worm","floor":5,"turns":3},{"damage":51,"enemies":"Gremlin Nob","floor":6,"turns":5},{"damage":10,"enemies":"Cultist","floor":8,"turns":5},{"damage":0,"enemies":"2 Fungi Beasts","floor":13,"turns":2},{"damage":79,"enemies":"The Guardian","floor":16,"turns":16},{"damage":40,"enemies":"Chosen","floor":18,"turns":7},{"damage":2,"enemies":"Shell Parasite","floor":20,"turns":8},{"damage":12,"enemies":"Snake Plant","floor":21,"turns":7},{"damage":47,"enemies":"Slaver and Parasite","floor":22,"turns":5}],"event_choices":[{"event_name":"Liars Game","player_choice":"agreed","floor":2,"damage_taken":0},{"event_name":"Accursed Blacksmith","player_choice":"Rummage","floor":4,"damage_taken":0},{"event_name":"Living Wall","player_choice":"Grow","floor":11,"damage_taken":0},{"event_name":"Golden Idol","player_choice":"Take Wound","floor":12,"damage_taken":0},{"event_name":"The Library","player_choice":"Heal","floor":19,"damage_taken":0}],"boss_relics":[{"not_picked":["Runic Pyramid","Velvet Choker"],"picked":"Astrolabe"}],"potions_floor_spawned":[5,8,16,18,21],"seed_played":"132267994733607324","killed_by":"Slaver and Parasite","ascension_level":0,"is_trial":false}