{"gold_per_floor":[111,130,145,220,64,97,97,97,121,121,140,65,65,79,79,151,151,162,87,2,2,13,13,13],"floor_reached":24,"playtime":816,"items_purged":["Defend_R"],"score":359,"play_id":"48b38d0f-5962-46d5-b11b-2e5c9ab0be5e","local_time":"20190529185341","is_ascension_mode":true,"campfire_choices":[{"data":"Demon Form","floor":7.0,"key":"SMITH"},{"data":"Disarm","floor":10.0,"key":"SMITH"},{"data":"Offering","floor":13.0,"key":"SMITH"},{"data":"Pummel","floor":15.0,"key":"SMITH"},{"floor":23.0,"key":"REST"}],"neow_cost":"NONE","seed_source_timestamp":644989124067863,"circlet_count":0,"master_deck":["AscendersBane","Strike_R","Strike_R","Strike_R","Strike_R","Defend_R","Defend_R","Bash","Offering+1","Cleave","Thunderclap","Disarm+1","Flame Barrier","Demon Form+1","Ghostly Armor","Pummel+1","Limit Break","Shockwave","Armaments"],"special_seed":0,"relics":["Burning Blood","Dream Catcher","The Courier","Lantern","Runic Pyramid","Regal Pillow"],"potions_floor_usage":[],"damage_taken":[{"damage":6.0,"enemies":"Cultist","floor":1.0,"turns":3.0},{"damage":8.0,"enemies":"Jaw Worm","floor":2.0,"turns":2.0},{"damage":0.0,"enemies":"Small Slimes","floor":3.0,"turns":2.0},{"damage":22.0,"enemies":"3 Sentries","floor":6.0,"turns":7.0},{"damage":16.0,"enemies":"Exordium Wildlife","floor":11.0,"turns":4.0},{"damage":0.0,"enemies":"2 Fungi Beasts","floor":14.0,"turns":4.0},{"damage":36.0,"enemies":"The Guardian","floor":16.0,"turns":9.0},{"damage":20.0,"enemies":"Shell Parasite","floor":18.0,"turns":6.0},{"damage":35.0,"enemies":"2 Thieves","floor":22.0,"turns":5.0},{"damage":61,"enemies":"Gremlin Leader","floor":24,"turns":5}],"seed_played":"5750888481241640530","potions_obtained":[{"floor":2.0,"key":"SmokeBomb"},{"floor":3.0,"key":"Block Potion"},{"floor":6.0,"key":"LiquidBronze"},{"floor":14.0,"key":"PowerPotion"},{"floor":18.0,"key":"FearPotion"}],"is_trial":false,"path_per_floor":["M","M","M","?","$","E","R","?","T","R","M","?","R","M","R","B",null,"M","?","?","$","M","R","E"],"character_chosen":"IRONCLAD","items_purchased":["Flame Barrier"],"campfire_rested":1,"item_purchase_floors":[5],"current_hp_per_floor":[68,66,72,61,61,45,45,45,45,45,35,35,35,41,41,11,59,45,45,45,45,16,53,0],"gold":13,"neow_bonus":"ONE_RANDOM_RARE_CARD","is_prod":false,"is_daily":false,"chose_seed":false,"campfire_upgraded":4,"win_rate":0,"timestamp":1559148821,"path_taken":["M","M","M","?","$","E","R","?","T","R","?","?","R","M","R","BOSS","M","?","?","?","M","R","E"],"build_version":"2019-01-23","purchased_purges":1,"victory":false,"max_hp_per_floor":[75,75,75,75,75,75,75,75,75,75,75,75,75,75,75,75,75,75,75,75,75,75,75,75],"card_choices":[{"not_picked":["Warcry","Body Slam"],"picked":"Cleave","floor":1.0},{"not_picked":["Sword Boomerang","Body Slam"],"picked":"Thunderclap","floor":2.0},{"not_picked":["Armaments","Second Wind"],"picked":"Disarm","floor":3.0},{"not_picked":["Battle Trance","Corruption"],"picked":"Demon Form","floor":6.0},{"not_picked":["Hemokinesis","Second Wind"],"picked":"Ghostly Armor","floor":11.0},{"not_picked":["Armaments","Rage"],"picked":"Pummel","floor":14.0},{"not_picked":["Impervious","Bludgeon"],"picked":"Limit Break","floor":16.0},{"not_picked":["Warcry","Havoc"],"picked":"Shockwave","floor":18.0},{"not_picked":["Clash","Reckless Charge"],"picked":"Armaments","floor":22.0}],"player_experience":555413,"relics_obtained":[{"floor":6.0,"key":"Dream Catcher"},{"floor":8.0,"key":"The Courier"},{"floor":9.0,"key":"Lantern"}],"event_choices":[{"damage_healed":0.0,"max_hp_gain":0.0,"max_hp_loss":0.0,"gold_gain":75.0,"event_name":"World of Goop","player_choice":"Gather Gold","floor":4.0,"gold_loss":0.0,"damage_taken":11.0},{"damage_healed":0.0,"max_hp_gain":0.0,"max_hp_loss":0.0,"gold_gain":0.0,"event_name":"Wheel of Change","player_choice":"Relic","floor":8.0,"gold_loss":0.0,"damage_taken":0.0},{"cards_removed":["Defend_R"],"damage_healed":0.0,"max_hp_gain":0.0,"max_hp_loss":0.0,"gold_gain":0.0,"event_name":"The Cleric","player_choice":"Card Removal","floor":12.0,"gold_loss":75.0,"damage_taken":0.0},{"cards_removed":["Strike_R"],"damage_healed":0.0,"max_hp_gain":0.0,"max_hp_loss":0.0,"gold_gain":0.0,"event_name":"Beggar","player_choice":"Gave Gold","floor":19.0,"gold_loss":75.0,"damage_taken":0.0},{"damage_healed":0.0,"max_hp_gain":0.0,"max_hp_loss":0.0,"gold_gain":0.0,"event_name":"Addict","player_choice":"Obtained Relic","floor":20.0,"gold_loss":85.0,"damage_taken":0.0,"relics_obtained":["Regal Pillow"]}],"is_beta":false,"boss_relics":[{"not_picked":["Calling Bell","Black Star"],"picked":"Runic Pyramid"}],"items_purged_floors":[5],"is_endless":false,"potions_floor_spawned":[2,3,6,14,18],"killed_by":"Gremlin Leader","ascension_level":17}