{"gold_per_floor":[116,116,278,290,327,339,376,388,427,495,526,570,582,607,619,705,717,747,774,199,199,219,250,250,279,279,279,313,331,431,449,449,523,523,533,513,533,311,326,326,356,356,356,386,397,100,110,5,5,5],"floor_reached":50,"playtime":1872,"items_purged":["Doubt","Defend_R","Defend_R"],"score":1261,"play_id":"b5ad439c-967f-4018-9919-29884e0f3447","local_time":"20190531200001","is_ascension_mode":true,"campfire_choices":[{"data":"Bash","floor":6.0,"key":"SMITH"},{"data":"Disarm","floor":8.0,"key":"SMITH"},{"data":"Perfected Strike","floor":13.0,"key":"SMITH"},{"data":"Perfected Strike","floor":15.0,"key":"SMITH"},{"data":"Dual Wield","floor":27.0,"key":"SMITH"},{"data":"Regret","floor":32.0,"key":"PURGE"},{"data":"Shockwave","floor":40,"key":"SMITH"},{"data":"Dark Shackles","floor":42,"key":"SMITH"},{"data":"Reaper","floor":49,"key":"SMITH"}],"neow_cost":"NONE","seed_source_timestamp":820592954348622,"circlet_count":0,"master_deck":["AscendersBane","Strike_R","Strike_R","Strike_R","Strike_R","Strike_R","Defend_R","Defend_R","Bash+1","Twin Strike","Disarm+1","Clothesline","Pommel Strike","Perfected Strike+1","Perfected Strike+1","Reaper+1","Wild Strike","Thunderclap","Shockwave+1","Violence","Dark Shackles+1","Dual Wield+1","Headbutt","Battle Trance","Thunderclap+1","Whirlwind+1","Perfected Strike+1","Whirlwind+1","Dual Wield+1","Panacea+1"],"special_seed":0,"relics":["Burning Blood","NeowsBlessing","MawBank","Smiling Mask","PreservedInsect","Ancient Tea Set","Pear","Gremlin Horn","Mark of Pain","Centennial Puzzle","Molten Egg 2","Matryoshka","Red Skull","Sundial","Magic Flower","Peace Pipe","Darkstone Periapt","Coffee Dripper","Omamori","Juzu Bracelet","Letter Opener","Frozen Egg 2","Toxic Egg 2","Dream Catcher"],"potions_floor_usage":[33,33,35,50,50],"damage_taken":[{"damage":0.0,"enemies":"Jaw Worm","floor":1.0,"turns":1.0},{"damage":0.0,"enemies":"Gremlin Nob","floor":7.0,"turns":1.0},{"damage":0.0,"enemies":"Lagavulin Event","floor":10.0,"turns":1.0},{"damage":4.0,"enemies":"Small Slimes","floor":11.0,"turns":4.0},{"damage":15.0,"enemies":"Lagavulin","floor":12.0,"turns":4.0},{"damage":0.0,"enemies":"2 Louse","floor":14.0,"turns":1.0},{"damage":50.0,"enemies":"Slime Boss","floor":16.0,"turns":7.0},{"damage":0.0,"enemies":"Chosen","floor":18.0,"turns":3.0},{"damage":16.0,"enemies":"3 Byrds","floor":19.0,"turns":6.0},{"damage":29.0,"enemies":"Sentry and Sphere","floor":22.0,"turns":6.0},{"damage":0.0,"enemies":"Gremlin Leader","floor":23.0,"turns":2.0},{"damage":0.0,"enemies":"Shelled Parasite and Fungi","floor":24.0,"turns":1.0},{"damage":2.0,"enemies":"Slavers","floor":25.0,"turns":2.0},{"damage":36.0,"enemies":"Book of Stabbing","floor":28.0,"turns":4.0},{"damage":0.0,"enemies":"3 Cultists","floor":29.0,"turns":2.0},{"damage":4.0,"enemies":"Colosseum Slavers","floor":30.0,"turns":2.0},{"damage":9.0,"enemies":"Colosseum Nobs","floor":30.0,"turns":3.0},{"damage":18.0,"enemies":"Snecko","floor":31.0,"turns":5.0},{"damage":55,"enemies":"Automaton","floor":33,"turns":8},{"damage":5,"enemies":"3 Darklings","floor":35,"turns":2},{"damage":16,"enemies":"Orb Walker","floor":37,"turns":2},{"damage":6,"enemies":"Transient","floor":39,"turns":6},{"damage":34,"enemies":"Giant Head","floor":41,"turns":5},{"damage":43,"enemies":"Nemesis","floor":44,"turns":3},{"damage":0,"enemies":"3 Darklings","floor":45,"turns":2},{"damage":49,"enemies":"Maw","floor":47,"turns":6},{"damage":67,"enemies":"Awakened One","floor":50,"turns":6}],"seed_played":"7123742456444989181","potions_obtained":[{"floor":10.0,"key":"Regen Potion"},{"floor":11.0,"key":"PowerPotion"},{"floor":16.0,"key":"SkillPotion"},{"floor":18.0,"key":"BloodPotion"},{"floor":22.0,"key":"SmokeBomb"},{"floor":25.0,"key":"GamblersBrew"},{"floor":28.0,"key":"SpeedPotion"},{"floor":30.0,"key":"EntropicBrew"},{"floor":35,"key":"Explosive Potion"},{"floor":36,"key":"Energy Potion"}],"is_trial":false,"path_per_floor":["M","?","?","$","T","R","E","R","T","?","M","E","R","M","R","B",null,"M","M","$","?","M","E","M","E","T","R","E","M","?","M","R","B",null,"M","?","M","$","M","R","E","R","T","E","M","$","M","$","R","B"],"character_chosen":"IRONCLAD","items_purchased":["Shockwave","Violence","Dark Shackles","Centennial Puzzle","Omamori","Dream Catcher","Whirlwind+1","Panacea+1"],"campfire_rested":0,"item_purchase_floors":[20,20,20,20,38,46,46,48],"current_hp_per_floor":[74,74,74,74,74,74,75,75,75,85,85,76,76,82,82,38,73,85,83,83,83,61,67,79,83,83,83,53,62,85,82,82,51,77,85,85,78,78,85,85,60,60,60,26,35,35,10,10,10,0],"gold":5,"neow_bonus":"THREE_ENEMY_KILL","is_prod":false,"is_daily":false,"chose_seed":false,"campfire_upgraded":8,"win_rate":0,"timestamp":1559325601,"path_taken":["M","?","?","?","?","R","E","R","T","?","?","E","R","M","R","BOSS","M","M","?","?","M","E","M","E","T","R","E","M","?","M","R","BOSS","M","?","?","$","M","R","E","R","T","E","M","$","M","?","R","BOSS"],"build_version":"2019-01-23","purchased_purges":3,"victory":false,"max_hp_per_floor":[75,75,75,75,75,75,75,75,75,85,85,85,85,85,85,85,85,85,85,85,85,85,85,85,85,85,85,85,85,85,85,85,85,85,85,85,85,85,85,85,85,85,85,85,85,85,85,85,85,85],"card_choices":[{"not_picked":["Armaments","Sentinel"],"picked":"Twin Strike","floor":1.0},{"not_picked":["Body Slam","Warcry"],"picked":"Disarm","floor":7.0},{"not_picked":["Disarm","Hemokinesis"],"picked":"Clothesline","floor":10.0},{"not_picked":["Iron Wave","Havoc"],"picked":"Pommel Strike","floor":11.0},{"not_picked":["Infernal Blade","Thunderclap"],"picked":"Perfected Strike","floor":12.0},{"not_picked":["Burning Pact","Thunderclap"],"picked":"Perfected Strike","floor":14.0},{"not_picked":["Bludgeon","Demon Form"],"picked":"Reaper","floor":16.0},{"not_picked":["Infernal Blade+1","Clash"],"picked":"Wild Strike","floor":18.0},{"not_picked":["Havoc","Combust"],"picked":"Thunderclap","floor":19.0},{"not_picked":["Iron Wave","Body Slam"],"picked":"Headbutt","floor":22.0},{"not_picked":["Whirlwind","True Grit"],"picked":"Battle Trance","floor":23.0},{"not_picked":["True Grit","Clothesline+1","Iron Wave+1"],"picked":"SKIP","floor":25.0},{"not_picked":["Rampage+1","Inflame"],"picked":"Thunderclap+1","floor":28.0},{"not_picked":["Feel No Pain","Exhume","Rage"],"picked":"SKIP","floor":29.0},{"not_picked":["Power Through","Shrug It Off"],"picked":"Whirlwind+1","floor":31.0},{"not_picked":["Dropkick+1","Wild Strike+1","True Grit"],"picked":"SKIP","floor":35},{"not_picked":["Dropkick+1","Wild Strike+1","True Grit"],"picked":"SKIP","floor":35},{"not_picked":["Clothesline+1","Combust"],"picked":"Perfected Strike+1","floor":37},{"not_picked":["Heavy Blade+1","Wild Strike+1","Clash+1"],"picked":"SKIP","floor":39},{"not_picked":["Ghostly Armor+1","Combust","Thunderclap+1"],"picked":"SKIP","floor":41},{"not_picked":["Sword Boomerang+1","Fire Breathing+1","Offering"],"picked":"SKIP","floor":44},{"not_picked":["Combust+1","Shrug It Off+1","Body Slam+1"],"picked":"SKIP","floor":45},{"not_picked":["Iron Wave+1","Clothesline+1"],"picked":"Dual Wield+1","floor":47}],"player_experience":573117,"relics_obtained":[{"floor":5.0,"key":"Smiling Mask"},{"floor":7.0,"key":"PreservedInsect"},{"floor":9.0,"key":"Ancient Tea Set"},{"floor":10.0,"key":"Pear"},{"floor":12.0,"key":"Gremlin Horn"},{"floor":23.0,"key":"Molten Egg 2"},{"floor":25.0,"key":"Matryoshka"},{"floor":26.0,"key":"Red Skull"},{"floor":26.0,"key":"Sundial"},{"floor":28.0,"key":"Magic Flower"},{"floor":30.0,"key":"Peace Pipe"},{"floor":30.0,"key":"Darkstone Periapt"},{"floor":41,"key":"Juzu Bracelet"},{"floor":43,"key":"Letter Opener"},{"floor":43,"key":"Frozen Egg 2"},{"floor":44,"key":"Toxic Egg 2"}],"event_choices":[{"damage_healed":0.0,"max_hp_gain":0.0,"max_hp_loss":0.0,"gold_gain":0.0,"event_name":"Big Fish","player_choice":"Box","floor":2.0,"gold_loss":0.0,"damage_taken":0.0,"relics_obtained":["MawBank"],"cards_obtained":["Regret"]},{"damage_healed":0.0,"max_hp_gain":0.0,"max_hp_loss":0.0,"gold_gain":150.0,"event_name":"Liars Game","player_choice":"AGREE","floor":3.0,"gold_loss":0.0,"damage_taken":0.0,"cards_obtained":["Doubt"]},{"damage_healed":0.0,"max_hp_gain":0.0,"max_hp_loss":0.0,"gold_gain":0.0,"event_name":"Dead Adventurer","player_choice":"Searched \u00272\u0027 times","floor":10.0,"gold_loss":0.0,"damage_taken":0.0},{"damage_healed":0.0,"max_hp_gain":0.0,"max_hp_loss":0.0,"gold_gain":0.0,"event_name":"The Library","player_choice":"Read","floor":21.0,"gold_loss":0.0,"damage_taken":0.0,"cards_obtained":["Dual Wield"]},{"damage_healed":0.0,"max_hp_gain":0.0,"max_hp_loss":0.0,"gold_gain":0.0,"event_name":"Colosseum","player_choice":"Fight","floor":30.0,"gold_loss":0.0,"damage_taken":0.0},{"damage_healed":0.0,"max_hp_gain":0.0,"max_hp_loss":0.0,"gold_gain":0.0,"event_name":"Colosseum","player_choice":"Fought Nobs","floor":30.0,"gold_loss":0.0,"damage_taken":0.0},{"damage_healed":0,"gold_gain":0,"player_choice":"Bought 1 Potion","damage_taken":0,"max_hp_gain":0,"max_hp_loss":0,"event_name":"The Woman in Blue","floor":36,"gold_loss":0}],"is_beta":false,"boss_relics":[{"not_picked":["Black Blood","White Beast Statue"],"picked":"Mark of Pain"},{"not_picked":["Snecko Eye","Runic Dome"],"picked":"Coffee Dripper"}],"items_purged_floors":[20,38,46],"is_endless":false,"potions_floor_spawned":[10,11,16,18,22,25,28,30,35,41],"killed_by":"Awakened One","ascension_level":20}