{"gold_per_floor":[111,286,298,36,51,51,86,86,86,86,119,149,236,260,272,381,393,417,449,38,55,55,55,55,55,81,97,97],"floor_reached":28,"playtime":1145,"items_purged":[],"score":344,"play_id":"0ad47e51-a8a4-4766-b621-4cdf45eee108","local_time":"20190629172026","is_ascension_mode":true,"campfire_choices":[{"data":"Uppercut","floor":6,"key":"SMITH"},{"floor":8,"key":"REST"},{"data":"Headbutt","floor":10,"key":"SMITH"},{"data":"Seeing Red","floor":15,"key":"SMITH"},{"floor":23,"key":"REST"},{"floor":25,"key":"REST"}],"neow_cost":"NONE","seed_source_timestamp":181205695898700,"circlet_count":0,"master_deck":["Strike_R+1","Strike_R+1","Strike_R","Strike_R","Strike_R","Defend_R","Defend_R","Defend_R","Defend_R","Bash","Headbutt+1","Inflame","Uppercut+1","Feel No Pain","Reaper","Rampage","Seeing Red+1","Whirlwind","Demon Form","True Grit","Disarm","Impervious","Shrug It Off","Rampage","True Grit+1","Rage","Purity","Pummel","Warcry","RitualDagger","Evolve"],"relics":["Burning Blood","Toolbox","Sundial","Pear","MawBank","Orrery","Charon\u0027s Ashes","Whetstone"],"potions_floor_usage":[7,14,16,18,21],"damage_taken":[{"damage":13,"enemies":"Jaw Worm","floor":1,"turns":5},{"damage":0,"enemies":"Small Slimes","floor":3,"turns":3},{"damage":1,"enemies":"Cultist","floor":5,"turns":3},{"damage":32,"enemies":"Lagavulin","floor":7,"turns":6},{"damage":18,"enemies":"Gremlin Nob","floor":11,"turns":4},{"damage":0,"enemies":"3 Louse","floor":12,"turns":3},{"damage":0,"enemies":"Large Slime","floor":14,"turns":3},{"damage":52,"enemies":"Slime Boss","floor":16,"turns":8},{"damage":8,"enemies":"Chosen","floor":18,"turns":4},{"damage":29,"enemies":"Spheric Guardian","floor":19,"turns":5},{"damage":21,"enemies":"Shelled Parasite and Fungi","floor":21,"turns":10},{"damage":14,"enemies":"Snake Plant","floor":27,"turns":4},{"damage":90,"enemies":"Slavers","floor":28,"turns":4}],"seed_played":"-7452579170301463730","potions_obtained":[{"floor":3,"key":"Weak Potion"},{"floor":11,"key":"Dexterity Potion"},{"floor":12,"key":"SteroidPotion"},{"floor":16,"key":"AttackPotion"},{"floor":19,"key":"SpeedPotion"}],"is_trial":false,"path_per_floor":["M","?","M","$","M","R","E","R","T","R","E","M","?","M","R","B",null,"M","M","$","M","?","R","?","R","T","M","E"],"character_chosen":"IRONCLAD","items_purchased":["Toolbox","Uppercut","Charon\u0027s Ashes","Purity","Pummel"],"campfire_rested":3,"item_purchase_floors":[4,4,20,20,20],"current_hp_per_floor":[73,73,79,79,84,84,58,84,94,94,88,94,83,89,89,67,90,88,65,65,54,48,77,77,98,98,90,0],"gold":97,"neow_bonus":"TEN_PERCENT_HP_BONUS","is_prod":false,"is_daily":false,"chose_seed":false,"campfire_upgraded":3,"win_rate":0,"timestamp":1561843226,"path_taken":["M","?","M","$","M","R","E","R","T","R","E","M","?","M","R","BOSS","M","M","$","M","?","R","?","R","T","M","E"],"build_version":"2019-06-28","purchased_purges":0,"victory":false,"max_hp_per_floor":[88,88,88,88,88,88,88,88,98,98,98,98,98,98,98,98,98,98,98,98,98,98,98,98,98,98,98,98],"card_choices":[{"not_picked":["Heavy Blade","Armaments"],"picked":"Headbutt","floor":1},{"not_picked":["Armaments","Burning Pact"],"picked":"Inflame","floor":3},{"not_picked":["Perfected Strike","Uppercut"],"picked":"Feel No Pain","floor":5},{"not_picked":["Whirlwind","Uppercut"],"picked":"Reaper","floor":7},{"not_picked":["Clothesline","Pommel Strike"],"picked":"Rampage","floor":11},{"not_picked":["Dropkick","Cleave"],"picked":"Seeing Red","floor":12},{"not_picked":["Wild Strike","Sword Boomerang"],"picked":"Whirlwind","floor":14},{"not_picked":["Offering","Juggernaut"],"picked":"Demon Form","floor":16},{"not_picked":["Hemokinesis","Inflame"],"picked":"True Grit","floor":17},{"not_picked":["Cleave","Heavy Blade"],"picked":"Disarm","floor":17},{"not_picked":["Pommel Strike","Feel No Pain"],"picked":"Impervious","floor":17},{"not_picked":["Twin Strike","Entrench"],"picked":"Shrug It Off","floor":17},{"not_picked":["Pummel","Intimidate"],"picked":"Rampage","floor":17},{"not_picked":["Anger","Shockwave"],"picked":"True Grit+1","floor":18},{"not_picked":["Rupture","Reckless Charge"],"picked":"Rage","floor":19},{"not_picked":["Clothesline","Brutality"],"picked":"Warcry","floor":21},{"not_picked":["Havoc","Clothesline"],"picked":"Evolve","floor":27}],"player_experience":1148188,"relics_obtained":[{"floor":7,"key":"Sundial"},{"floor":9,"key":"Pear"},{"floor":11,"key":"MawBank"},{"floor":26,"key":"Whetstone"}],"event_choices":[{"damage_healed":0,"gold_gain":175,"player_choice":"AGREE","damage_taken":0,"max_hp_gain":0,"max_hp_loss":0,"event_name":"Liars Game","floor":2,"gold_loss":0,"cards_obtained":["Doubt"]},{"damage_healed":0,"gold_gain":75,"player_choice":"Gather Gold","damage_taken":11,"max_hp_gain":0,"max_hp_loss":0,"event_name":"World of Goop","floor":13,"gold_loss":0},{"damage_healed":0,"gold_gain":0,"player_choice":"Joined the Cult","damage_taken":6,"max_hp_gain":0,"max_hp_loss":0,"event_name":"Nest","floor":22,"gold_loss":0,"cards_obtained":["RitualDagger"]},{"cards_removed":["Doubt"],"damage_healed":0,"gold_gain":0,"player_choice":"Removed Curses","damage_taken":0,"max_hp_gain":0,"max_hp_loss":0,"event_name":"Fountain of Cleansing","floor":24,"gold_loss":0}],"is_beta":true,"boss_relics":[{"not_picked":["Runic Dome","White Beast Statue"],"picked":"Orrery"}],"items_purged_floors":[],"is_endless":false,"potions_floor_spawned":[3,11,12,16,19],"killed_by":"Slavers","ascension_level":8}