{"gold_per_floor":[117,117,117,117,42,42,76,76,76,88,105,118,149,162,162,257,257,269,289,303,303,164,198,198,213,237,237,237,252,177,177,177,276,276,286,133,133,2,13,42,42,59,59,59,72,32,32,45,45,45],"floor_reached":51,"playtime":3067,"items_purged":["Strike_G","Defend_G"],"score":1047,"play_id":"f4d9f436-9c62-4397-a62e-27fec2c23deb","local_time":"20190625201342","is_ascension_mode":true,"campfire_choices":[{"data":"Survivor","floor":6.0,"key":"SMITH"},{"data":"Backflip","floor":8.0,"key":"SMITH"},{"floor":15.0,"key":"REST"},{"data":"Footwork","floor":24.0,"key":"SMITH"},{"data":"Noxious Fumes","floor":28.0,"key":"SMITH"},{"floor":32.0,"key":"REST"},{"data":"Burst","floor":41.0,"key":"SMITH"},{"data":"Bouncing Flask","floor":44.0,"key":"SMITH"},{"data":"Noxious Fumes","floor":49,"key":"SMITH"}],"neow_cost":"NONE","seed_source_timestamp":6117486076660281,"circlet_count":0,"master_deck":["Defend_G+1","Defend_G","Defend_G+1","Strike_G","Strike_G","Survivor+1","Neutralize+1","Backflip+1","Bouncing Flask+1","Footwork+1","Bane+1","Expertise","Deflect","Noxious Fumes+1","Noxious Fumes+1","Burst+1","Poisoned Stab+1","Deflect","Finesse","Deadly Poison","Noxious Fumes+1","Parasite"],"special_seed":0,"relics":["Ring of the Snake","NeowsBlessing","Sundial","Du-Vu Doll","FossilizedHelix","Whetstone","Empty Cage","War Paint","Orichalcum","Sozu","Oddly Smooth Stone","Turnip","Mummified Hand"],"potions_floor_usage":[50,50],"damage_taken":[{"damage":0.0,"enemies":"Small Slimes","floor":1.0,"turns":1.0},{"damage":0.0,"enemies":"Lagavulin","floor":7.0,"turns":1.0},{"damage":0.0,"enemies":"Jaw Worm","floor":10.0,"turns":1.0},{"damage":0.0,"enemies":"Cultist","floor":11.0,"turns":3.0},{"damage":0.0,"enemies":"Blue Slaver","floor":12.0,"turns":4.0},{"damage":33.0,"enemies":"3 Sentries","floor":13.0,"turns":13.0},{"damage":15.0,"enemies":"Exordium Thugs","floor":14.0,"turns":7.0},{"damage":25.0,"enemies":"Hexaghost","floor":16.0,"turns":11.0},{"damage":7.0,"enemies":"Shell Parasite","floor":18.0,"turns":6.0},{"damage":0.0,"enemies":"Chosen","floor":19.0,"turns":6.0},{"damage":6.0,"enemies":"Centurion and Healer","floor":20.0,"turns":8.0},{"damage":0.0,"enemies":"Book of Stabbing","floor":23.0,"turns":7.0},{"damage":0.0,"enemies":"Sentry and Sphere","floor":25.0,"turns":5.0},{"damage":0.0,"enemies":"Cultist and Chosen","floor":29.0,"turns":6.0},{"damage":28.0,"enemies":"Champ","floor":33.0,"turns":15.0},{"damage":0.0,"enemies":"3 Darklings","floor":35.0,"turns":5.0},{"damage":0.0,"enemies":"3 Shapes","floor":39.0,"turns":5.0},{"damage":0.0,"enemies":"Nemesis","floor":40.0,"turns":9.0},{"damage":0.0,"enemies":"Maw","floor":42.0,"turns":7.0},{"damage":0.0,"enemies":"Transient","floor":45.0,"turns":5.0},{"damage":0,"enemies":"Writhing Mass","floor":48,"turns":6},{"damage":48,"enemies":"Time Eater","floor":50,"turns":14}],"seed_played":"6186897067318206184","potions_obtained":[{"floor":12.0,"key":"Energy Potion"},{"floor":13.0,"key":"AttackPotion"},{"floor":14.0,"key":"GhostInAJar"},{"floor":16.0,"key":"Fire Potion"},{"floor":25.0,"key":"Swift Potion"}],"is_trial":false,"path_per_floor":["M","?","T","?","$","R","E","R","T","M","M","M","E","M","R","B",null,"M","M","M","?","$","E","R","M","T","$","R","M","?","?","R","B",null,"M","$","?","$","M","E","R","M","T","R","M","$","?","M","R","B",null],"character_chosen":"THE_SILENT","items_purchased":["Noxious Fumes","Oddly Smooth Stone","Deflect","Finesse","Noxious Fumes"],"campfire_rested":2,"item_purchase_floors":[22,36,38,38,46],"current_hp_per_floor":[63,63,63,63,63,63,63,63,63,63,63,63,30,15,36,11,55,48,48,42,42,42,42,42,42,42,42,42,42,42,42,63,35,61,61,61,61,61,61,61,61,61,61,61,61,61,61,61,61,13],"gold":45,"neow_bonus":"THREE_ENEMY_KILL","is_prod":false,"is_daily":false,"chose_seed":false,"campfire_upgraded":7,"win_rate":0,"timestamp":1561511622,"path_taken":["M","?","?","?","$","R","E","R","T","M","M","M","E","M","R","BOSS","M","?","M","?","?","E","R","M","T","$","R","?","?","?","R","BOSS","M","$","?","$","M","E","R","M","T","R","M","$","?","M","R","BOSS"],"build_version":"2019-01-23","purchased_purges":2,"victory":true,"max_hp_per_floor":[70,70,70,70,70,70,70,70,70,70,70,70,70,70,70,70,70,70,70,70,70,70,70,70,70,70,70,70,70,70,70,70,70,70,70,70,70,70,70,70,70,70,70,70,70,70,66,66,66,66],"card_choices":[{"not_picked":["Bane","Outmaneuver","Deadly Poison"],"picked":"SKIP","floor":1.0},{"not_picked":["Flying Knee","Blade Dance"],"picked":"Backflip","floor":7.0},{"not_picked":["Leg Sweep","A Thousand Cuts"],"picked":"Bouncing Flask","floor":10.0},{"not_picked":["Bane","Blur"],"picked":"Footwork","floor":11.0},{"not_picked":["Sucker Punch","Concentrate"],"picked":"Bane","floor":12.0},{"not_picked":["Underhanded Strike","Storm of Steel","Bane"],"picked":"SKIP","floor":13.0},{"not_picked":["Sucker Punch","Infinite Blades"],"picked":"Expertise","floor":14.0},{"not_picked":["Expertise","Flying Knee","Sucker Punch"],"picked":"SKIP","floor":18.0},{"not_picked":["Dagger Throw","Outmaneuver+1","Cloak And Dagger"],"picked":"SKIP","floor":19.0},{"not_picked":["Bane","Cloak And Dagger+1"],"picked":"Deflect","floor":20.0},{"not_picked":["Deflect","Prepared+1"],"picked":"Noxious Fumes+1","floor":23.0},{"not_picked":["Leg Sweep","Outmaneuver","Endless Agony"],"picked":"SKIP","floor":25.0},{"not_picked":["Leg Sweep","Outmaneuver","Endless Agony"],"picked":"SKIP","floor":25.0},{"not_picked":["Riddle With Holes+1","Sucker Punch","Choke"],"picked":"SKIP","floor":29.0},{"not_picked":["Die Die Die","Storm of Steel"],"picked":"Burst","floor":33.0},{"not_picked":["Caltrops","Outmaneuver+1"],"picked":"Poisoned Stab+1","floor":35.0},{"not_picked":["Dash+1","Blade Dance"],"picked":"Deadly Poison","floor":39.0},{"not_picked":["Quick Slash+1","Underhanded Strike","Caltrops+1"],"picked":"SKIP","floor":40.0},{"not_picked":["Outmaneuver","Poisoned Stab","PiercingWail+1"],"picked":"SKIP","floor":42.0},{"not_picked":["Eviscerate","Blade Dance","Crippling Poison"],"picked":"SKIP","floor":45.0},{"not_picked":["Outmaneuver+1","Infinite Blades","Wraith Form v2"],"picked":"SKIP","floor":48}],"player_experience":183213,"relics_obtained":[{"floor":3.0,"key":"Sundial"},{"floor":7.0,"key":"Du-Vu Doll"},{"floor":9.0,"key":"FossilizedHelix"},{"floor":13.0,"key":"Whetstone"},{"floor":23.0,"key":"War Paint"},{"floor":26.0,"key":"Orichalcum"},{"floor":40.0,"key":"Turnip"},{"floor":43.0,"key":"Mummified Hand"}],"event_choices":[{"damage_healed":0.0,"max_hp_gain":0.0,"max_hp_loss":0.0,"gold_gain":0.0,"event_name":"Liars Game","player_choice":"Ignored","floor":2.0,"gold_loss":0.0,"damage_taken":0.0},{"damage_healed":0.0,"max_hp_gain":0.0,"max_hp_loss":0.0,"gold_gain":0.0,"event_name":"Accursed Blacksmith","player_choice":"Forge","floor":4.0,"gold_loss":0.0,"damage_taken":0.0,"cards_upgraded":["Neutralize"]},{"damage_healed":0.0,"max_hp_gain":0.0,"max_hp_loss":0.0,"gold_gain":0.0,"event_name":"The Woman in Blue","player_choice":"Bought 0 Potions","floor":21.0,"gold_loss":0.0,"damage_taken":0.0},{"cards_removed":["Strike_G"],"damage_healed":0.0,"max_hp_gain":0.0,"max_hp_loss":0.0,"gold_gain":0.0,"event_name":"Beggar","player_choice":"Gave Gold","floor":30.0,"gold_loss":75.0,"damage_taken":0.0},{"damage_healed":0.0,"max_hp_gain":0.0,"max_hp_loss":0.0,"gold_gain":0.0,"event_name":"Ghosts","player_choice":"Ignored","floor":31.0,"gold_loss":0.0,"damage_taken":0.0},{"damage_healed":0.0,"max_hp_gain":0.0,"max_hp_loss":0.0,"gold_gain":0.0,"event_name":"Tomb of Lord Red Mask","player_choice":"Ignored","floor":37.0,"gold_loss":0.0,"damage_taken":0.0},{"damage_healed":0.0,"max_hp_gain":0.0,"max_hp_loss":4.0,"gold_gain":0.0,"event_name":"Winding Halls","player_choice":"Max HP","floor":47.0,"gold_loss":0.0,"damage_taken":0.0}],"is_beta":false,"boss_relics":[{"not_picked":["Ring of the Serpent","Black Star"],"picked":"Empty Cage"},{"not_picked":["Runic Dome","Astrolabe"],"picked":"Sozu"}],"items_purged_floors":[5,22],"is_endless":false,"potions_floor_spawned":[12,13,14,16,18,19,25,39,45,48],"ascension_level":8}