{"path_per_floor":["M","$","M","?","M","E","M","R","T","?","M","E","M","M","R","B",null,"M","?","$","?","M","R","M","R","T","M","$","R","M","E","R"],"character_chosen":"IRONCLAD","items_purchased":["Sever Soul","Shovel","Rupture","Good Instincts"],"gold_per_floor":[109,38,51,51,64,97,113,113,113,113,136,167,180,203,203,326,326,344,344,5,5,17,17,32,32,83,103,0,0,13,42,42],"floor_reached":33,"campfire_rested":4,"playtime":1617,"current_hp_per_floor":[76,76,70,54,54,20,26,50,50,30,30,32,26,32,56,9,80,58,58,58,58,49,49,30,30,35,15,15,39,42,17,41],"items_purged":[],"gold":42,"score":279,"play_id":"a6f2d431-c0c4-42cc-b967-174b3e97f32d","local_time":"20180310043431","is_prod":false,"is_daily":false,"is_ascension_mode":false,"campfire_upgraded":0,"timestamp":1520674471,"path_taken":["M","$","M","?","M","E","M","R","T","?","M","E","?","M","R","BOSS","M","?","$","?","M","R","M","R","T","M","$","R","M","E","R","BOSS"],"build_version":"2018-03-09","purchased_purges":0,"victory":false,"master_deck":["Strike_R","Strike_R","Strike_R","Strike_R","Strike_R","Defend_R+1","Bash+1","Offering","Sever Soul","Sever Soul","Inflame","Pommel Strike","Iron Wave","Seeing Red","Anger","Dual Wield+1","Thunderclap","Hemokinesis","Impervious","Carnage+1","Sever Soul+1","Clothesline+1","Wild Strike+1","Rupture","Madness+1","Impervious","Second Wind+1","Infernal Blade+1","Thunderclap+1","Good Instincts","Pommel Strike","Clothesline+1"],"max_hp_per_floor":[80,80,80,80,80,80,80,80,80,80,80,80,80,80,80,80,80,80,80,80,80,80,80,80,80,80,80,80,80,80,83,83],"relics":["Burning Blood","Bottled Tornado","Red Skull","Bloody Idol","Pantograph","Astrolabe","Shovel","War Paint","Omamori","Bag of Marbles","Vajra"],"card_choices":[{"not_picked":["Cleave","Rampage"],"picked":"Sever Soul"},{"not_picked":["Rage","Twin Strike"],"picked":"Inflame"},{"not_picked":["Entrench","Heavy Blade"],"picked":"Pommel Strike"},{"not_picked":["Reckless Charge","Whirlwind"],"picked":"Iron Wave"},{"not_picked":["Carnage","Anger"],"picked":"Seeing Red"},{"not_picked":["Clothesline","Rampage"],"picked":"Anger"},{"not_picked":["Sentinel","Combust"],"picked":"Dual Wield"},{"not_picked":["Intimidate","Sentinel"],"picked":"Thunderclap"},{"not_picked":["Warcry","Sentinel"],"picked":"Hemokinesis"},{"not_picked":["Immolate","Fiend Fire"],"picked":"Impervious"},{"not_picked":["Power Through","Flex"],"picked":"Wild Strike"},{"not_picked":["Twin Strike","Warcry"],"picked":"Second Wind"},{"not_picked":["Corruption","Dark Embrace"],"picked":"Infernal Blade"},{"not_picked":["Disarm","Havoc"],"picked":"Thunderclap"},{"not_picked":["Body Slam","Heavy Blade"],"picked":"Pommel Strike"},{"not_picked":["Spot Weakness","Wild Strike"],"picked":"Clothesline"}],"player_experience":384340,"potions_floor_usage":[3,12,14,24,27,30,31,33],"damage_taken":[{"damage":10,"enemies":"2 Louse","floor":1,"turns":3},{"damage":12,"enemies":"Jaw Worm","floor":3,"turns":2},{"damage":6,"enemies":"Small Slimes","floor":5,"turns":2},{"damage":40,"enemies":"Lagavulin","floor":6,"turns":4},{"damage":0,"enemies":"3 Louse","floor":7,"turns":3},{"damage":6,"enemies":"Blue Slaver","floor":11,"turns":3},{"damage":4,"enemies":"Gremlin Nob","floor":12,"turns":3},{"damage":12,"enemies":"Looter","floor":13,"turns":3},{"damage":0,"enemies":"Lots of Slimes","floor":14,"turns":3},{"damage":77,"enemies":"Hexaghost","floor":16,"turns":8},{"damage":28,"enemies":"2 Thieves","floor":18,"turns":4},{"damage":20,"enemies":"Shell Parasite","floor":22,"turns":3},{"damage":30,"enemies":"Centurion and Healer","floor":24,"turns":4},{"damage":31,"enemies":"Slaver and Parasite","floor":27,"turns":6},{"damage":8,"enemies":"Snake Plant","floor":30,"turns":3},{"damage":39,"enemies":"Slavers","floor":31,"turns":4},{"damage":68,"enemies":"Automaton","floor":33,"turns":6}],"event_choices":[{"event_name":"Shining Light","player_choice":"Entered Light","floor":4,"damage_taken":0},{"event_name":"Golden Idol","player_choice":"Take Damage","floor":10,"damage_taken":0},{"event_name":"Forgotten Altar","player_choice":"Gave Idol","floor":19,"damage_taken":0},{"event_name":"Match and Keep!","player_choice":"2 cards matched","floor":21,"damage_taken":0}],"boss_relics":[{"not_picked":["Orrery","Sozu"],"picked":"Astrolabe"}],"potions_floor_spawned":[1,6,11,12,14,22,30,31],"seed_played":"4150463060266801995","killed_by":"Automaton","ascension_level":0,"is_trial":false}