{"path_per_floor":["M","?","$","M","?","E","$","R","T","?","?","R","M","?","R","B",null,"M","?","$","?","?","R","M","$","T","M","$","?","M","M","R","B",null,"M","M","?","?","?"],"character_chosen":"IRONCLAD","items_purchased":["Strawberry","Explosive Potion"],"gold_per_floor":[118,68,68,83,83,117,42,42,42,72,38,38,53,53,53,150,180,192,221,27,27,27,27,39,39,62,80,80,80,90,104,104,201,201,213,227,227,227,449,449],"floor_reached":40,"campfire_rested":4,"playtime":3324,"current_hp_per_floor":[80,80,80,80,80,49,49,73,73,48,48,72,78,62,80,21,85,85,61,68,68,68,68,60,60,60,65,65,65,29,35,62,59,92,48,26,26,26,26,0],"items_purged":["Defend_R"],"gold":449,"score":380,"play_id":"46416a9e-f0d2-429f-b4df-5f1bbeea687c","local_time":"20180428175137","is_prod":false,"is_daily":false,"chose_seed":false,"is_ascension_mode":false,"campfire_upgraded":1,"timestamp":1524952297,"path_taken":["M","?","?","M","?","E","$","R","T","?","?","R","M","?","R","BOSS","M","?","$","?","?","R","M","?","T","M","$","?","M","M","R","BOSS","M","M","?","?","?","E"],"build_version":"2018-04-27v3","seed_source_timestamp":1120242684957376,"purchased_purges":1,"victory":false,"master_deck":["Strike_R+1","Strike_R+1","Defend_R","Defend_R","Defend_R","Bash+1","Dropkick+1","Cleave","Flame Barrier","Whirlwind+1","Ghostly Armor","Demon Form+1","Anger","Anger","Thunderclap","Ghostly Armor+1","Barricade","Dropkick","Ghostly Armor+1","Magnetism"],"max_hp_per_floor":[80,80,80,80,80,80,80,80,80,80,80,80,80,80,80,80,85,85,85,92,92,92,92,92,92,92,92,92,92,92,92,92,92,92,92,92,92,92,92,92],"relics":["Burning Blood","Juzu Bracelet","Lantern","Odd Mushroom","Tiny House","Red Mask","Strawberry","Whetstone","White Beast Statue"],"card_choices":[{"not_picked":["Combust","Pommel Strike"],"picked":"Dropkick","floor":1},{"not_picked":["Headbutt","Pommel Strike"],"picked":"Cleave","floor":4},{"not_picked":["Hemokinesis","Juggernaut"],"picked":"Flame Barrier","floor":6},{"not_picked":["Rupture","Power Through"],"picked":"Whirlwind","floor":10},{"not_picked":["Rupture","Iron Wave"],"picked":"Ghostly Armor","floor":13},{"not_picked":["Dark Embrace","Fiend Fire"],"picked":"Demon Form","floor":16},{"not_picked":["Carnage","Metallicize"],"picked":"Anger","floor":17},{"not_picked":["Fire Breathing","Thunderclap"],"picked":"Anger","floor":18},{"not_picked":["Iron Wave","Rupture"],"picked":"Thunderclap","floor":27},{"not_picked":["Burning Pact","Intimidate"],"picked":"Ghostly Armor","floor":31},{"not_picked":["Bludgeon","Dark Embrace"],"picked":"Barricade","floor":33},{"not_picked":["Flex","Headbutt"],"picked":"Dropkick","floor":35},{"not_picked":["Perfected Strike","Thunderclap"],"picked":"Ghostly Armor","floor":36},{"not_picked":["Jack Of All Trades","Dark Shackles"],"picked":"Magnetism","floor":37}],"player_experience":0,"potions_floor_usage":[4,6,16,18,19,24,24,27,33,35,36,40],"damage_taken":[{"damage":6,"enemies":"Cultist","floor":1,"turns":3},{"damage":1,"enemies":"Jaw Worm","floor":4,"turns":2},{"damage":37,"enemies":"Lagavulin","floor":6,"turns":7},{"damage":31,"enemies":"The Mushroom Lair","floor":10,"turns":4},{"damage":0,"enemies":"2 Louse","floor":13,"turns":2},{"damage":65,"enemies":"The Guardian","floor":16,"turns":16},{"damage":0,"enemies":"3 Byrds","floor":18,"turns":4},{"damage":30,"enemies":"Masked Bandits","floor":19,"turns":5},{"damage":14,"enemies":"2 Thieves","floor":24,"turns":3},{"damage":1,"enemies":"Centurion and Healer","floor":27,"turns":5},{"damage":42,"enemies":"Slaver and Parasite","floor":30,"turns":6},{"damage":0,"enemies":"3 Cultists","floor":31,"turns":2},{"damage":9,"enemies":"Champ","floor":33,"turns":9},{"damage":50,"enemies":"3 Darklings","floor":35,"turns":14},{"damage":43,"enemies":"Orb Walker","floor":36,"turns":7},{"damage":43,"enemies":"Nemesis","floor":40,"turns":3}],"event_choices":[{"event_name":"The Cleric","player_choice":"Card Removal","floor":2,"damage_taken":0},{"event_name":"Purifier","player_choice":"One Purge","floor":5,"damage_taken":0},{"event_name":"Mushrooms","player_choice":"Fought Mushrooms","floor":10,"damage_taken":0},{"event_name":"World of Goop","player_choice":"Left","floor":11,"damage_taken":0},{"event_name":"Shining Light","player_choice":"Entered Light","floor":14,"damage_taken":0},{"event_name":"Masked Bandits","player_choice":"Fought over 192 gold","floor":19,"damage_taken":0},{"event_name":"Drug Dealer","player_choice":"Ignored","floor":21,"damage_taken":0},{"event_name":"Back to Basics","player_choice":"Elegance","floor":22,"damage_taken":0},{"event_name":"Addict","player_choice":"Ignored","floor":29,"damage_taken":0},{"event_name":"SensoryStone","player_choice":"Memory 1","floor":37,"damage_taken":0},{"event_name":"Mysterious Sphere","player_choice":"Ignore","floor":38,"damage_taken":0},{"event_name":"Tomb of Lord Red Mask","player_choice":"Wore Mask","floor":39,"damage_taken":0}],"boss_relics":[{"not_picked":["Velvet Choker","Runic Dome"],"picked":"Tiny House"},{"not_picked":["Eternal Feather","Snecko Eye"],"picked":"White Beast Statue"}],"potions_floor_spawned":[1,4,13,16,19,24,31,33,35,36],"seed_played":"3724911892550571116","killed_by":"Nemesis","ascension_level":0,"is_trial":false}