{"path_per_floor":["M","?","$","M","?","$","R","E","T","E","M","E","M","?","R","B",null,"M","?","$","M","M","R","M","M","T","?","M","$","R","$","R","B",null,"M","M","$","?","?","R","M","M","T","M","$"],"character_chosen":"IRONCLAD","items_purchased":["Secret Technique","Molten Egg 2","Fiend Fire","Double Tap","Flex"],"gold_per_floor":[116,191,191,204,204,4,4,36,36,68,88,122,134,134,134,237,237,254,254,14,32,44,44,55,74,74,74,84,12,12,12,12,115,115,129,144,5,0,46,46,57,73,99,99,50],"floor_reached":46,"campfire_rested":4,"playtime":2265,"current_hp_per_floor":[80,69,69,75,75,75,75,80,80,58,60,33,36,20,44,28,80,54,38,38,37,19,43,21,9,9,9,12,12,36,36,60,16,80,55,58,58,58,58,70,35,22,22,14,14],"items_purged":[],"gold":50,"score":490,"play_id":"8d346d97-6699-417e-9f25-7df45a29ba8e","local_time":"20180313044141","is_prod":false,"is_daily":false,"is_ascension_mode":false,"campfire_upgraded":2,"timestamp":1520930501,"path_taken":["M","?","$","M","?","?","R","E","T","E","M","E","M","?","R","BOSS","M","?","$","M","M","R","M","?","T","?","M","$","R","?","R","BOSS","M","M","$","?","?","R","M","M","T","M","?","?"],"build_version":"2018-03-09","purchased_purges":0,"victory":false,"master_deck":["Strike_R+1","Strike_R+1","Strike_R+1","Strike_R+1","Strike_R+1","Defend_R+1","Defend_R+1","Defend_R+1","Defend_R+1","Bash","Carnage","Ghostly Armor","Secret Technique+1","Disarm","Anger","Carnage+1","Limit Break+1","Pommel Strike","Barricade","Heavy Blade","Reckless Charge+1","Flex+1","Havoc+1","Twin Strike+1","Regret","Iron Wave+1","Fiend Fire+1","Impervious","Clash+1","Whirlwind+1","Double Tap","Flex","Thunderclap+1","Inflame","Injury","Sever Soul+1","Flex"],"max_hp_per_floor":[80,80,80,80,80,80,80,80,80,80,80,80,80,80,80,80,80,80,80,80,80,80,80,80,80,80,80,80,80,80,80,80,80,80,80,80,80,80,80,80,80,80,80,80,80],"relics":["Burning Blood","NeowsBlessing","Art of War","Bottled Lightning","Bag of Preparation","Bronze Scales","Cursed Key","Enchiridion","Molten Egg 2","Du-Vu Doll","Eternal Feather","Red Mask","Champion Belt","Lantern"],"card_choices":[{"not_picked":["Iron Wave","Twin Strike"],"picked":"Carnage"},{"not_picked":["Flex","Sword Boomerang"],"picked":"Ghostly Armor"},{"not_picked":["Sever Soul","Feel No Pain"],"picked":"Disarm"},{"not_picked":["Blood for Blood","Clothesline"],"picked":"Anger"},{"not_picked":["Armaments","Clash"],"picked":"Carnage"},{"not_picked":["Evolve","Headbutt"],"picked":"Limit Break"},{"not_picked":["Armaments","Clothesline"],"picked":"Pommel Strike"},{"not_picked":["Offering","Dark Embrace"],"picked":"Barricade"},{"not_picked":["Flex","Rage"],"picked":"Heavy Blade"},{"not_picked":["Armaments","Perfected Strike"],"picked":"Reckless Charge"},{"not_picked":["Warcry","True Grit"],"picked":"Flex"},{"not_picked":["Warcry","Pummel"],"picked":"Havoc"},{"not_picked":["Havoc","Dual Wield"],"picked":"Twin Strike"},{"not_picked":["Burning Pact","Dropkick"],"picked":"Iron Wave"},{"not_picked":["Exhume","Reaper"],"picked":"Impervious"},{"not_picked":["Disarm","Fire Breathing"],"picked":"Clash"},{"not_picked":["Warcry","Clothesline"],"picked":"Whirlwind"},{"not_picked":["Feel No Pain","Clash"],"picked":"Flex"},{"not_picked":["Dropkick","Rupture"],"picked":"Thunderclap"},{"not_picked":["Anger","Clothesline"],"picked":"Inflame"},{"not_picked":["Shrug It Off","Perfected Strike"],"picked":"Sever Soul"}],"player_experience":415255,"potions_floor_usage":[10,12,21,24,28,35,39,39,42],"damage_taken":[{"damage":0,"enemies":"Cultist","floor":1,"turns":1},{"damage":0,"enemies":"2 Louse","floor":4,"turns":1},{"damage":0,"enemies":"Lagavulin","floor":8,"turns":1},{"damage":28,"enemies":"3 Sentries","floor":10,"turns":10},{"damage":4,"enemies":"Jaw Worm","floor":11,"turns":6},{"damage":33,"enemies":"Lagavulin","floor":12,"turns":6},{"damage":3,"enemies":"Looter","floor":13,"turns":4},{"damage":22,"enemies":"Slime Boss","floor":16,"turns":10},{"damage":32,"enemies":"Chosen","floor":18,"turns":6},{"damage":7,"enemies":"Shell Parasite","floor":21,"turns":4},{"damage":24,"enemies":"Snecko","floor":22,"turns":4},{"damage":28,"enemies":"Centurion and Healer","floor":24,"turns":3},{"damage":18,"enemies":"Snake Plant","floor":25,"turns":3},{"damage":3,"enemies":"Snecko","floor":28,"turns":4},{"damage":50,"enemies":"Automaton","floor":33,"turns":9},{"damage":31,"enemies":"3 Darklings","floor":35,"turns":6},{"damage":3,"enemies":"Orb Walker","floor":36,"turns":3},{"damage":6,"enemies":"Mysterious Sphere","floor":39,"turns":3},{"damage":41,"enemies":"4 Shapes","floor":41,"turns":5},{"damage":34,"enemies":"Maw","floor":42,"turns":7},{"damage":14,"enemies":"Sphere and 2 Shapes","floor":44,"turns":2},{"damage":17,"enemies":"4 Shapes","floor":46,"turns":2}],"event_choices":[{"event_name":"World of Goop","player_choice":"Gather Gold","floor":2,"damage_taken":0},{"event_name":"The Cleric","player_choice":"Leave","floor":5,"damage_taken":0},{"event_name":"Shining Light","player_choice":"Entered Light","floor":14,"damage_taken":0},{"event_name":"Cursed Tome","player_choice":"Obtained Book","floor":19,"damage_taken":0},{"event_name":"Back to Basics","player_choice":"Simplicity","floor":27,"damage_taken":0},{"event_name":"Tomb of Lord Red Mask","player_choice":"Paid","floor":38,"damage_taken":0},{"event_name":"Mysterious Sphere","player_choice":"Fight","floor":39,"damage_taken":0}],"boss_relics":[{"not_picked":["Calling Bell","Snecko Eye"],"picked":"Cursed Key"},{"not_picked":["Lizard Tail","Astrolabe"],"picked":"Eternal Feather"}],"potions_floor_spawned":[4,11,16,22,25,33,35,36,41],"seed_played":"6682268855158261668","killed_by":"4 Shapes","ascension_level":0,"is_trial":false}