{"path_per_floor":["M","?","M","?","?","R","M","$","T","?","$","M","E","M","R","B",null,"M","M","M","?","M","R","M","M","T","T","?","M","M"],"character_chosen":"DEFECT","items_purchased":["Toy Ornithopter","Self Repair","Blizzard"],"gold_per_floor":[118,293,311,311,311,311,327,45,91,91,12,31,60,72,72,170,170,185,205,223,223,235,235,248,261,261,261,261,276,287,287],"floor_reached":31,"campfire_rested":1,"playtime":4798,"current_hp_per_floor":[75,75,66,66,66,66,68,68,68,52,52,63,62,69,69,72,82,83,81,80,80,43,68,80,75,75,75,75,83,36,0],"items_purged":[],"gold":287,"score":266,"play_id":"9bd3e56b-c8ce-4514-ae28-fd2a7a9cf696","local_time":"20180515030221","is_prod":false,"is_daily":false,"chose_seed":false,"is_ascension_mode":false,"campfire_upgraded":2,"timestamp":1526367741,"path_taken":["M","?","?","?","?","R","M","$","T","?","?","M","E","M","R","BOSS","M","M","?","?","M","R","M","M","T","?","?","M","?","E"],"build_version":"2018-05-12v2","seed_source_timestamp":125945502295473,"purchased_purges":0,"victory":false,"master_deck":["Strike_B","Strike_B","Strike_B+1","Defend_B","Defend_B+1","Defend_B","Defend_B","Zap","Dualcast","Glacier","Blizzard+1","Beam Cell","Melter","Hologram","Doubt","Cold Snap","FTL","Cold Snap","Self Repair+1","Blizzard","Consume+1","Aggregate","Machine Learning","Cold Snap","Capacitor","Buffer","Sweeping Beam"],"max_hp_per_floor":[75,75,75,75,75,75,80,80,80,80,80,82,82,82,82,82,82,84,86,86,86,86,86,88,90,90,90,90,92,94,94],"relics":["Orrery","Toy Ornithopter","Singing Bowl","Kunai","Question Card","Bottled Tornado"],"card_choices":[{"not_picked":["Reinforced Body","Tempest"],"picked":"Glacier","floor":0},{"not_picked":["Skim","Static Discharge"],"picked":"Blizzard","floor":0},{"not_picked":["Streamline","Go for the Eyes"],"picked":"Beam Cell","floor":0},{"not_picked":["Beam Cell","Tempest"],"picked":"Melter","floor":0},{"not_picked":["Streamline","Stack"],"picked":"Hologram","floor":0},{"not_picked":["Hologram","Recycle","Streamline"],"picked":"SKIP","floor":1},{"not_picked":["Go for the Eyes","Fission"],"picked":"Cold Snap","floor":3},{"not_picked":["Barrage","Axe Kick"],"picked":"Cold Snap","floor":7},{"not_picked":["Stack","Undo","Leap"],"picked":"Singing Bowl","floor":12},{"not_picked":["Streamline","Go for the Eyes"],"picked":"Consume","floor":13},{"not_picked":["Go for the Eyes","Rebound"],"picked":"Aggregate","floor":14},{"not_picked":["Thunder Strike","Biased Cognition"],"picked":"Machine Learning","floor":16},{"not_picked":["Rebound","Steam Power+1","Streamline"],"picked":"Singing Bowl","floor":18},{"not_picked":["Go for the Eyes","Steam","Sweeping Beam+1"],"picked":"Singing Bowl","floor":19},{"not_picked":["Go for the Eyes","Turbo"],"picked":"Cold Snap","floor":20},{"not_picked":["Turbo+1","Leap"],"picked":"Capacitor","floor":22},{"not_picked":["Ball Lightning","Sweeping Beam","Sunder"],"picked":"Singing Bowl","floor":24},{"not_picked":["Turbo","Barrage+1","Steam+1"],"picked":"Singing Bowl","floor":25},{"not_picked":["Skim","Steam","Sweeping Beam","Force Field"],"picked":"Singing Bowl","floor":29},{"not_picked":["FTL","Fusion","Streamline+1","Undo"],"picked":"Singing Bowl","floor":30}],"player_experience":256537,"potions_floor_usage":[7,7,12,12,16,19,19,20,29,29],"damage_taken":[{"damage":0,"enemies":"Cultist","floor":1,"turns":4},{"damage":9,"enemies":"Jaw Worm","floor":3,"turns":4},{"damage":3,"enemies":"Small Slimes","floor":7,"turns":3},{"damage":4,"enemies":"Gremlin Gang","floor":12,"turns":5},{"damage":8,"enemies":"Gremlin Nob","floor":13,"turns":4},{"damage":0,"enemies":"Exordium Wildlife","floor":14,"turns":5},{"damage":22,"enemies":"Slime Boss","floor":16,"turns":12},{"damage":8,"enemies":"Chosen","floor":18,"turns":9},{"damage":5,"enemies":"3 Byrds","floor":19,"turns":6},{"damage":11,"enemies":"Snake Plant","floor":20,"turns":7},{"damage":47,"enemies":"Slaver and Parasite","floor":22,"turns":7},{"damage":0,"enemies":"Snecko","floor":24,"turns":8},{"damage":17,"enemies":"Chosen and Byrds","floor":25,"turns":9},{"damage":10,"enemies":"Centurion and Healer","floor":29,"turns":11},{"damage":59,"enemies":"3 Cultists","floor":30,"turns":8},{"damage":48,"enemies":"Book of Stabbing","floor":31,"turns":7}],"event_choices":[{"event_name":"Liars Game","player_choice":"agreed","floor":2,"damage_taken":0},{"event_name":"The Lab","player_choice":"Got Potions","floor":4,"damage_taken":0},{"event_name":"Transmorgrifier","player_choice":"Transform","floor":5,"damage_taken":0},{"event_name":"Shining Light","player_choice":"Entered Light","floor":10,"damage_taken":0},{"event_name":"Accursed Blacksmith","player_choice":"Forge","floor":21,"damage_taken":0},{"event_name":"Match and Keep!","player_choice":"2 cards matched","floor":28,"damage_taken":0}],"boss_relics":[{"not_picked":["Ectoplasm","Pandora\u0027s Box","Runic Dome"]}],"potions_floor_spawned":[1,3,7,14,18,22,25],"seed_played":"-7254586202689221418","killed_by":"Book of Stabbing","ascension_level":0,"is_trial":false}