{"gold_per_floor":[112,112,112,126,146,146,171,187,187,216,216,216,232,260,260,260],"floor_reached":16,"playtime":565,"items_purged":[],"score":240,"play_id":"f45017e7-c40f-4f94-ac34-e9d50937d193","local_time":"20190531171303","is_ascension_mode":true,"campfire_choices":[{"data":"Armaments","floor":6,"key":"SMITH"},{"data":"Whirlwind","floor":12,"key":"SMITH"},{"data":"Fiend Fire","floor":15,"key":"SMITH"}],"neow_cost":"NONE","seed_source_timestamp":812253201802309,"circlet_count":0,"master_deck":["AscendersBane","Strike_R","Strike_R","Strike_R","Strike_R","Strike_R+1","Defend_R","Defend_R","Defend_R","Defend_R","Bash+1","Clothesline+1","Pummel+1","Armaments+1","Uppercut","Thunderclap","Whirlwind+1","Inflame","Fiend Fire+1"],"relics":["Burning Blood","Juzu Bracelet","Whetstone","Strawberry","The Courier","PreservedInsect"],"potions_floor_usage":[7,10,16],"damage_taken":[{"damage":9,"enemies":"Small Slimes","floor":1,"turns":4},{"damage":0,"enemies":"Cultist","floor":4,"turns":3},{"damage":11,"enemies":"Jaw Worm","floor":5,"turns":4},{"damage":27,"enemies":"3 Sentries","floor":7,"turns":9},{"damage":8,"enemies":"Blue Slaver","floor":8,"turns":4},{"damage":41,"enemies":"Lagavulin","floor":10,"turns":9},{"damage":5,"enemies":"Large Slime","floor":13,"turns":5},{"damage":15,"enemies":"3 Sentries","floor":14,"turns":6},{"damage":38,"enemies":"Slime Boss","floor":16,"turns":3}],"seed_played":"3828287675239354490","potions_obtained":[{"floor":1,"key":"AttackPotion"},{"floor":5,"key":"Strength Potion"},{"floor":8,"key":"Weak Potion"},{"floor":13,"key":"Poison Potion"}],"is_trial":false,"path_per_floor":["M","?","?","M","M","R","E","M","T","E","?","R","M","E","R","B"],"character_chosen":"IRONCLAD","items_purchased":[],"campfire_rested":0,"item_purchase_floors":[],"current_hp_per_floor":[65,65,65,71,66,66,45,43,50,15,15,15,16,7,7,0],"gold":260,"neow_bonus":"RANDOM_COMMON_RELIC","is_prod":false,"is_daily":false,"chose_seed":false,"campfire_upgraded":3,"win_rate":0,"timestamp":1559315583,"path_taken":["M","?","?","M","M","R","E","M","T","E","?","R","M","E","R","BOSS"],"build_version":"2019-01-23","purchased_purges":0,"victory":false,"max_hp_per_floor":[75,75,75,75,75,75,75,75,82,82,82,82,82,82,82,82],"card_choices":[{"not_picked":["Ghostly Armor","Sentinel"],"picked":"Clothesline","floor":1},{"not_picked":["Flex","Headbutt"],"picked":"Pummel","floor":4},{"not_picked":["Dual Wield","Hemokinesis"],"picked":"Armaments","floor":5},{"not_picked":["Flex","Feel No Pain"],"picked":"Uppercut","floor":7},{"not_picked":["Cleave","Limit Break"],"picked":"Thunderclap","floor":8},{"not_picked":["Armaments","Pummel"],"picked":"Whirlwind","floor":10},{"not_picked":["Disarm","Pommel Strike"],"picked":"Inflame","floor":13},{"not_picked":["Cleave","Clash"],"picked":"Fiend Fire","floor":14}],"player_experience":567422,"relics_obtained":[{"floor":7,"key":"Whetstone"},{"floor":9,"key":"Strawberry"},{"floor":10,"key":"The Courier"},{"floor":14,"key":"PreservedInsect"}],"event_choices":[{"damage_healed":0,"gold_gain":0,"player_choice":"Upgraded","damage_taken":0,"max_hp_gain":0,"max_hp_loss":0,"event_name":"Upgrade Shrine","floor":2,"gold_loss":0,"cards_upgraded":["Clothesline"]},{"damage_healed":0,"gold_gain":0,"player_choice":"Grow","damage_taken":0,"max_hp_gain":0,"max_hp_loss":0,"event_name":"Living Wall","floor":3,"gold_loss":0,"cards_upgraded":["Bash"]},{"damage_healed":0,"gold_gain":0,"player_choice":"Ignored","damage_taken":0,"max_hp_gain":0,"max_hp_loss":0,"event_name":"Shining Light","floor":11,"gold_loss":0}],"is_beta":false,"boss_relics":[],"items_purged_floors":[],"is_endless":false,"potions_floor_spawned":[1,5,8,13],"killed_by":"Slime Boss","ascension_level":20}