{"gold_per_floor":[113,131,145,145,195,195,206,235,260,260,316,316,332,376,376,376],"floor_reached":16,"playtime":464,"items_purged":[],"score":220,"play_id":"1677dfda-cf68-4958-b581-7b3214ab7ab7","local_time":"20190622162247","is_ascension_mode":true,"campfire_choices":[{"data":"Bane","floor":6.0,"key":"SMITH"},{"data":"Glass Knife","floor":10,"key":"SMITH"},{"data":"Malaise","floor":15,"key":"SMITH"}],"neow_cost":"NONE","seed_source_timestamp":944578879292594,"circlet_count":0,"master_deck":["AscendersBane","Defend_G","Defend_G","Defend_G","Defend_G","Defend_G","Strike_G","Strike_G","Strike_G","Strike_G","Survivor","Neutralize","Leg Sweep","Bane+1","Slice","Distraction","Glass Knife+1","Malaise+1","Dagger Spray"],"special_seed":0,"relics":["Ring of the Snake","Juzu Bracelet","Potion Belt","Oddly Smooth Stone","Tiny Chest","Golden Idol","Bag of Marbles"],"potions_floor_usage":[8,14],"damage_taken":[{"damage":7.0,"enemies":"Small Slimes","floor":1.0,"turns":5.0},{"damage":1.0,"enemies":"Cultist","floor":2.0,"turns":6.0},{"damage":1.0,"enemies":"2 Louse","floor":3.0,"turns":3.0},{"damage":8.0,"enemies":"Looter","floor":7.0,"turns":5.0},{"damage":10,"enemies":"Lagavulin","floor":8,"turns":5},{"damage":3,"enemies":"Exordium Thugs","floor":13,"turns":4},{"damage":4,"enemies":"3 Sentries","floor":14,"turns":6},{"damage":6,"enemies":"The Guardian","floor":16,"turns":13}],"seed_played":"3921748804401183850","potions_obtained":[{"floor":2.0,"key":"Poison Potion"},{"floor":7.0,"key":"PowerPotion"},{"floor":13,"key":"Explosive Potion"}],"is_trial":false,"path_per_floor":["M","M","M","?","?","R","M","E","T","R","T","?","M","E","R","B"],"character_chosen":"THE_SILENT","items_purchased":[],"campfire_rested":0,"item_purchase_floors":[],"current_hp_per_floor":[52,51,50,50,50,50,42,32,32,32,32,32,29,25,25,19],"gold":376,"neow_bonus":"RANDOM_COMMON_RELIC","is_prod":false,"is_daily":false,"chose_seed":false,"campfire_upgraded":3,"win_rate":0,"timestamp":1561245767,"path_taken":["M","M","M","?","?","R","M","E","T","R","?","?","M","E","R","BOSS"],"build_version":"2019-01-23","purchased_purges":0,"victory":false,"max_hp_per_floor":[66,66,66,66,66,66,66,66,66,66,66,60,60,60,60,60],"card_choices":[{"not_picked":["Backflip","Acrobatics"],"picked":"Leg Sweep","floor":1.0},{"not_picked":["Cloak And Dagger","Dodge and Roll"],"picked":"Bane","floor":2.0},{"not_picked":["Acrobatics","Outmaneuver"],"picked":"Slice","floor":3.0},{"not_picked":["Backflip","Skewer"],"picked":"Glass Knife","floor":7.0},{"not_picked":["Underhanded Strike","PiercingWail"],"picked":"Malaise","floor":8},{"not_picked":["Flying Knee","Quick Slash"],"picked":"Dagger Spray","floor":13},{"not_picked":["Tactician","Reflex","Distraction"],"picked":"SKIP","floor":14}],"player_experience":805749,"relics_obtained":[{"floor":8,"key":"Potion Belt"},{"floor":9,"key":"Oddly Smooth Stone"},{"floor":11,"key":"Tiny Chest"},{"floor":14,"key":"Bag of Marbles"}],"event_choices":[{"damage_healed":0.0,"max_hp_gain":0.0,"max_hp_loss":0.0,"gold_gain":0.0,"cards_transformed":["Strike_G"],"event_name":"Transmorgrifier","player_choice":"Transformed","floor":4.0,"gold_loss":0.0,"damage_taken":0.0,"cards_obtained":["Distraction"]},{"damage_healed":0.0,"max_hp_gain":0.0,"max_hp_loss":0.0,"gold_gain":50.0,"event_name":"Golden Shrine","player_choice":"Pray","floor":5.0,"gold_loss":0.0,"damage_taken":0.0},{"damage_healed":0,"gold_gain":0,"player_choice":"Lose Max HP","damage_taken":0,"relics_obtained":["Golden Idol"],"max_hp_gain":0,"max_hp_loss":6,"event_name":"Golden Idol","floor":12,"gold_loss":0}],"is_beta":false,"boss_relics":[],"items_purged_floors":[],"is_endless":false,"potions_floor_spawned":[2,7,13],"killed_by":"The Guardian","ascension_level":20}