{"gold_per_floor":[115,40,40,40,50,50,50,75,101,101,115,115,140,160,160,232,232,244,270,290,18,18,51,63,75,87,99,144,156,197,223,235,318,330,356,468,480,507,519,565,577,191,239,239,264,486,540,553,553,553,553,553,45,73,73],"floor_reached":56,"playtime":5412,"items_purged":["Strike_B","Strike_B+1"],"score":2409,"play_id":"de4ecff8-a786-4219-9130-aef543c49890","local_time":"20190624013532","is_ascension_mode":true,"campfire_choices":[{"data":"Zap","floor":6.0,"key":"SMITH"},{"data":"Biased Cognition","floor":12.0,"key":"SMITH"},{"data":"Doom and Gloom","floor":15.0,"key":"SMITH"},{"data":"Seek","floor":25.0,"key":"SMITH"},{"data":"Loop","floor":27.0,"key":"SMITH"},{"data":"Capacitor","floor":32.0,"key":"SMITH"},{"data":"Seek","floor":41,"key":"SMITH"},{"floor":44,"key":"RECALL"},{"data":"Master of Strategy","floor":49,"key":"SMITH"},{"data":"Master of Strategy","floor":52,"key":"SMITH"}],"neow_cost":"NONE","seed_source_timestamp":0,"circlet_count":0,"master_deck":["AscendersBane","Strike_B+1","Defend_B+1","Defend_B+1","Defend_B+1","Defend_B+1","Zap+1","Dualcast","Cold Snap","Redo+1","Hologram+1","Biased Cognition+1","Doom and Gloom+1","Compile Driver","Seek+1","Steam","Blizzard","Capacitor+1","Chill","Blizzard","Coolheaded","Cold Snap+1","All For One","FTL","Barrage","Master of Strategy+1","Master of Strategy+1","Coolheaded","Seek+1","Go for the Eyes","FTL","Stack","Coolheaded"],"special_seed":0,"relics":["FrozenCore","NeowsBlessing","Meat on the Bone","Juzu Bracelet","Omamori","Pen Nib","Red Mask","MawBank","Pocketwatch","Matryoshka","Shuriken","Cursed Key","StoneCalendar","Gremlin Horn","OrangePellets","DataDisk","Darkstone Periapt","PreservedInsect","Ancient Tea Set","Regal Pillow","Bottled Flame","Bottled Lightning"],"potions_floor_usage":[55,55],"damage_taken":[{"damage":0.0,"enemies":"Cultist","floor":1.0,"turns":1.0},{"damage":0.0,"enemies":"Jaw Worm","floor":5.0,"turns":1.0},{"damage":0.0,"enemies":"Lagavulin","floor":8.0,"turns":1.0},{"damage":0.0,"enemies":"2 Louse","floor":11.0,"turns":2.0},{"damage":19.0,"enemies":"3 Sentries","floor":13.0,"turns":4.0},{"damage":11.0,"enemies":"Gremlin Gang","floor":14.0,"turns":3.0},{"damage":0.0,"enemies":"Slime Boss","floor":16.0,"turns":7.0},{"damage":2.0,"enemies":"Shell Parasite","floor":18.0,"turns":5.0},{"damage":28.0,"enemies":"Masked Bandits","floor":19.0,"turns":5.0},{"damage":0.0,"enemies":"Chosen","floor":20.0,"turns":5.0},{"damage":9.0,"enemies":"Slavers","floor":23.0,"turns":7.0},{"damage":0.0,"enemies":"Gremlin Leader","floor":28.0,"turns":8.0},{"damage":12.0,"enemies":"Slavers","floor":30.0,"turns":6.0},{"damage":0.0,"enemies":"Centurion and Healer","floor":31.0,"turns":8.0},{"damage":0.0,"enemies":"Automaton","floor":33.0,"turns":9.0},{"damage":0,"enemies":"3 Darklings","floor":35,"turns":4},{"damage":0,"enemies":"Mind Bloom Boss Battle","floor":36,"turns":8},{"damage":8,"enemies":"3 Shapes","floor":38,"turns":2},{"damage":0,"enemies":"Reptomancer","floor":40,"turns":6},{"damage":0,"enemies":"Nemesis","floor":45,"turns":7},{"damage":0,"enemies":"Sphere and 2 Shapes","floor":48,"turns":5},{"damage":11,"enemies":"Time Eater","floor":50,"turns":11},{"damage":31,"enemies":"Shield and Spear","floor":54,"turns":6},{"damage":12,"enemies":"The Heart","floor":55,"turns":9}],"seed_played":"-4011352464710567163","potions_obtained":[{"floor":11.0,"key":"Energy Potion"},{"floor":13.0,"key":"Poison Potion"},{"floor":18.0,"key":"SkillPotion"},{"floor":30.0,"key":"Ancient Potion"},{"floor":31.0,"key":"LiquidBronze"},{"floor":38,"key":"AttackPotion"}],"is_trial":false,"path_per_floor":["M","?","T","?","M","R","?","E","T","?","M","R","E","M","R","B",null,"M","?","M","$","?","E","?","R","T","R","E","?","E","M","R","B",null,"M","?","?","M","?","E","R","$","T","R","E","?","T","M","R","B",null,"R","$","E","B",null],"character_chosen":"DEFECT","items_purchased":["Capacitor","Chill","Blizzard","OrangePellets","DataDisk","LiquidBronze","Stack","Bottled Flame"],"campfire_rested":0,"item_purchase_floors":[21,21,21,42,42,53,53,53],"current_hp_per_floor":[64,64,64,64,64,64,64,64,64,64,64,64,45,46,46,46,65,63,47,47,47,47,38,38,38,38,38,38,71,59,59,59,59,68,68,68,58,50,50,50,50,50,50,50,50,50,50,50,50,39,63,63,63,44,44],"gold":73,"neow_bonus":"THREE_ENEMY_KILL","is_prod":false,"is_daily":false,"chose_seed":false,"campfire_upgraded":9,"win_rate":0,"timestamp":1561354532,"path_taken":["M","?","?","?","?","R","?","E","T","?","M","R","E","M","R","BOSS","M","?","M","$","?","E","?","R","T","R","E","?","E","M","R","BOSS","M","?","?","M","?","E","R","$","T","R","E","?","?","M","R","BOSS","R","$","E","BOSS"],"build_version":"2019-01-23","purchased_purges":2,"victory":true,"max_hp_per_floor":[71,71,71,71,71,71,71,71,71,71,71,71,71,71,71,71,71,71,71,71,71,71,71,71,71,71,71,71,71,71,71,71,71,71,71,71,71,71,71,71,71,71,71,71,71,71,71,71,71,71,71,71,71,71,71],"card_choices":[{"not_picked":["Compile Driver","Ball Lightning"],"picked":"Cold Snap","floor":1.0},{"not_picked":["Turbo","Rebound"],"picked":"Hologram","floor":5.0},{"not_picked":["Rip and Tear","Redo"],"picked":"Biased Cognition","floor":8.0},{"not_picked":["Gash","Barrage"],"picked":"Doom and Gloom","floor":11.0},{"not_picked":["Blizzard","Hello World","Coolheaded"],"picked":"SKIP","floor":13.0},{"not_picked":["Steam","Rebound"],"picked":"Compile Driver","floor":14.0},{"not_picked":["Fission","Reboot"],"picked":"Seek","floor":16.0},{"not_picked":["Compile Driver","Hello World"],"picked":"Steam","floor":18.0},{"not_picked":["Ball Lightning","Heatsinks+1"],"picked":"Loop","floor":19.0},{"not_picked":["Turbo","Barrage+1"],"picked":"Blizzard","floor":20.0},{"not_picked":["Rebound","Meteor Strike"],"picked":"Coolheaded","floor":23.0},{"not_picked":["Rebound","Steam"],"picked":"Cold Snap+1","floor":28.0},{"not_picked":["Aggregate","Self Repair"],"picked":"All For One","floor":30.0},{"not_picked":["Barrage","Rebound"],"picked":"FTL","floor":31.0},{"not_picked":["Redo","Rebound","Streamline"],"picked":"SKIP","floor":35},{"not_picked":["Lockon","Ball Lightning+1"],"picked":"Barrage","floor":36},{"not_picked":["Mayhem","Enlightenment"],"picked":"Master of Strategy","floor":37},{"not_picked":["Good Instincts","Madness"],"picked":"Master of Strategy","floor":37},{"not_picked":["Stack","Scrape+1"],"picked":"Coolheaded","floor":38},{"not_picked":["Sweeping Beam","Cold Snap"],"picked":"FTL","floor":40},{"not_picked":["Loop","Gash+1","Cold Snap+1"],"picked":"SKIP","floor":45},{"not_picked":["Blizzard","Streamline+1","Turbo+1"],"picked":"SKIP","floor":48},{"not_picked":["Turbo+1","Compile Driver"],"picked":"Coolheaded","floor":54}],"player_experience":2323213,"relics_obtained":[{"floor":3.0,"key":"Meat on the Bone"},{"floor":8.0,"key":"Juzu Bracelet"},{"floor":9.0,"key":"Omamori"},{"floor":13.0,"key":"Pen Nib"},{"floor":19.0,"key":"Red Mask"},{"floor":23.0,"key":"MawBank"},{"floor":26.0,"key":"Pocketwatch"},{"floor":28.0,"key":"Matryoshka"},{"floor":30.0,"key":"Shuriken"},{"floor":36,"key":"StoneCalendar"},{"floor":40,"key":"Gremlin Horn"},{"floor":43,"key":"Darkstone Periapt"},{"floor":45,"key":"PreservedInsect"},{"floor":47,"key":"Ancient Tea Set"},{"floor":47,"key":"Regal Pillow"},{"floor":54,"key":"Bottled Lightning"}],"event_choices":[{"cards_removed":["Strike_B"],"damage_healed":0.0,"max_hp_gain":0.0,"max_hp_loss":0.0,"gold_gain":0.0,"event_name":"The Cleric","player_choice":"Card Removal","floor":2.0,"gold_loss":75.0,"damage_taken":0.0},{"damage_healed":0.0,"max_hp_gain":0.0,"max_hp_loss":0.0,"gold_gain":0.0,"event_name":"Match and Keep!","player_choice":"1 cards matched","floor":4.0,"gold_loss":0.0,"damage_taken":0.0,"cards_obtained":["Redo"]},{"damage_healed":0.0,"max_hp_gain":0.0,"max_hp_loss":0.0,"gold_gain":0.0,"event_name":"Living Wall","player_choice":"Grow","floor":7.0,"gold_loss":0.0,"damage_taken":0.0,"cards_upgraded":["Hologram"]},{"damage_healed":0.0,"max_hp_gain":0.0,"max_hp_loss":0.0,"gold_gain":0.0,"event_name":"Upgrade Shrine","player_choice":"Upgraded","floor":10.0,"gold_loss":0.0,"damage_taken":0.0,"cards_upgraded":["Redo"]},{"damage_healed":0.0,"max_hp_gain":0.0,"max_hp_loss":0.0,"gold_gain":0.0,"event_name":"Masked Bandits","player_choice":"Fought Bandits","floor":19.0,"gold_loss":0.0,"damage_taken":0.0},{"damage_healed":0.0,"max_hp_gain":0.0,"max_hp_loss":0.0,"gold_gain":0.0,"event_name":"Back to Basics","player_choice":"Simplicity","floor":22.0,"gold_loss":0.0,"damage_taken":0.0,"cards_upgraded":["Strike_B","Strike_B","Defend_B","Defend_B","Defend_B","Defend_B"]},{"damage_healed":0.0,"max_hp_gain":0.0,"max_hp_loss":0.0,"gold_gain":0.0,"event_name":"Vampires","player_choice":"Ignored","floor":24.0,"gold_loss":0.0,"damage_taken":0.0},{"cards_removed":["Loop"],"damage_healed":33.0,"max_hp_gain":0.0,"max_hp_loss":0.0,"gold_gain":0.0,"event_name":"Bonfire Elementals","player_choice":"Offered Uncommon","floor":29.0,"gold_loss":0.0,"damage_taken":0.0},{"damage_healed":0,"gold_gain":0,"player_choice":"Fight","damage_taken":0,"max_hp_gain":0,"max_hp_loss":0,"event_name":"MindBloom","floor":36,"gold_loss":0},{"damage_healed":0,"gold_gain":0,"player_choice":"Memory 3","damage_taken":10,"max_hp_gain":0,"max_hp_loss":0,"event_name":"SensoryStone","floor":37,"gold_loss":0},{"damage_healed":0,"gold_gain":0,"player_choice":"2 cards matched","damage_taken":0,"max_hp_gain":0,"max_hp_loss":0,"event_name":"Match and Keep!","floor":39,"gold_loss":0,"cards_obtained":["Seek","Go for the Eyes"]},{"damage_healed":0,"gold_gain":222,"player_choice":"Wore Mask","damage_taken":0,"max_hp_gain":0,"max_hp_loss":0,"event_name":"Tomb of Lord Red Mask","floor":46,"gold_loss":0}],"is_beta":false,"boss_relics":[{"not_picked":["Nuclear Battery","Pandora\u0027s Box"],"picked":"FrozenCore"},{"not_picked":["Velvet Choker","Runic Pyramid"],"picked":"Cursed Key"}],"items_purged_floors":[21,53],"is_endless":false,"potions_floor_spawned":[11,13,18,23,30,31,38,40,48,54],"ascension_level":17}