{"path_per_floor":["M","?","M","M","?","E","R","M","T","?","R","?","M","M","R","B",null,"M","?","$","?","M","R","?","$","T","M","M","M","R","M","R"],"character_chosen":"DEFECT","items_purchased":["Membership Card","Dramatic Entrance"],"gold_per_floor":[112,72,87,105,70,102,102,119,146,146,146,146,165,184,184,280,280,294,294,18,18,32,32,32,32,109,119,135,151,151,162,162,162],"floor_reached":33,"campfire_rested":4,"playtime":1177,"current_hp_per_floor":[44,44,44,33,55,28,54,38,38,38,64,46,48,48,75,12,91,87,65,65,54,54,72,56,56,56,51,59,66,66,71,71,0],"items_purged":[],"gold":162,"score":274,"play_id":"75e5e734-4f5e-423a-868c-c09200328bdf","local_time":"20180513183002","is_prod":false,"is_daily":false,"chose_seed":false,"is_ascension_mode":false,"campfire_upgraded":2,"timestamp":1526250602,"path_taken":["M","?","M","?","?","E","R","M","T","?","R","?","M","?","R","BOSS","M","?","$","?","?","R","?","?","T","M","M","M","R","M","R","BOSS"],"build_version":"2018-05-12v2","seed_source_timestamp":12431405266451,"purchased_purges":0,"victory":false,"master_deck":["Defend_B","Defend_B","Defend_B","Defend_B","Zap+1","Dualcast","Beam Cell","Chaos","Beam Cell","Chill+1","Genetic Algorithm","All For One","Meteor Strike+1","Bite","Bite","Bite","Bite","Bite","Dramatic Entrance","Melter+1"],"max_hp_per_floor":[89,89,89,89,89,89,89,89,89,89,89,89,91,91,91,91,91,93,65,65,70,72,72,72,72,72,74,76,78,78,78,78,78],"relics":["Cracked Core","Happy Flower","Omamori","Singing Bowl","Nuclear Battery","Membership Card","Necronomicon","Meat on the Bone"],"card_choices":[{"not_picked":["Steam","Skim"],"picked":"Beam Cell","floor":1},{"not_picked":["Undo","Cold Snap"],"picked":"Chaos","floor":3},{"not_picked":["Go for the Eyes","Impulse"],"picked":"Beam Cell","floor":4},{"not_picked":["Coolheaded","Barrage"],"picked":"Chill","floor":6},{"not_picked":["Steam","Double Energy"],"picked":"Genetic Algorithm","floor":8},{"not_picked":["Coolheaded","Darkness","Skim"],"picked":"Singing Bowl","floor":13},{"not_picked":["Axe Kick","Cold Snap"],"picked":"All For One","floor":14},{"not_picked":["Creative AI","Reboot"],"picked":"Meteor Strike","floor":16},{"not_picked":["Steam","Turbo+1","Coolheaded"],"picked":"Singing Bowl","floor":18},{"not_picked":["Go for the Eyes","Lockon","Turbo"],"picked":"Singing Bowl","floor":22},{"not_picked":["Heatsinks","Hologram","Cold Snap"],"picked":"Singing Bowl","floor":27},{"not_picked":["Streamline","Genetic Algorithm","Skim"],"picked":"Singing Bowl","floor":28},{"not_picked":["Machine Learning","Leap","Turbo"],"picked":"Singing Bowl","floor":29},{"not_picked":["Barrage","Beam Cell+1"],"picked":"Melter","floor":31}],"player_experience":230094,"potions_floor_usage":[3,6,6,16,16,16,33],"damage_taken":[{"damage":1,"enemies":"Jaw Worm","floor":1,"turns":3},{"damage":0,"enemies":"Cultist","floor":3,"turns":2},{"damage":11,"enemies":"2 Louse","floor":4,"turns":2},{"damage":27,"enemies":"Gremlin Nob","floor":6,"turns":4},{"damage":16,"enemies":"Large Slime","floor":8,"turns":5},{"damage":0,"enemies":"Blue Slaver","floor":13,"turns":3},{"damage":0,"enemies":"2 Fungi Beasts","floor":14,"turns":4},{"damage":63,"enemies":"Hexaghost","floor":16,"turns":10},{"damage":6,"enemies":"2 Thieves","floor":18,"turns":4},{"damage":12,"enemies":"Spheric Guardian","floor":22,"turns":4},{"damage":11,"enemies":"Snake Plant","floor":27,"turns":3},{"damage":0,"enemies":"Chosen and Byrds","floor":28,"turns":4},{"damage":5,"enemies":"Centurion and Healer","floor":29,"turns":4},{"damage":1,"enemies":"Snecko","floor":31,"turns":4},{"damage":97,"enemies":"Collector","floor":33,"turns":11}],"event_choices":[{"event_name":"The Woman in Blue","player_choice":"Bought 3 Potions","floor":2,"damage_taken":0},{"event_name":"The Cleric","player_choice":"Healed","floor":5,"damage_taken":0},{"event_name":"Accursed Blacksmith","player_choice":"Rummage","floor":10,"damage_taken":0},{"event_name":"Shining Light","player_choice":"Entered Light","floor":12,"damage_taken":0},{"event_name":"Vampires","player_choice":"Became a vampire","floor":19,"damage_taken":0},{"event_name":"Forgotten Altar","player_choice":"Shed Blood","floor":21,"damage_taken":0},{"event_name":"Cursed Tome","player_choice":"Obtained Book","floor":24,"damage_taken":0}],"boss_relics":[{"not_picked":["Tiny House","Lizard Tail"],"picked":"Nuclear Battery"}],"potions_floor_spawned":[4,6,13,14,28,31],"seed_played":"-8840542130919088747","killed_by":"Collector","ascension_level":0,"is_trial":false}