{"gold_per_floor":[119,0,17,17,30,30,55,69,124,158,158,158,18,33,33,106,106,126,142,17,27,27,27,57,57,57,57,67,67,0,0,0,72,72,87,87,87,87,67,67,67],"floor_reached":41,"playtime":3025,"items_purged":["Strike_B","Decay","Strike_B"],"score":768,"play_id":"48df191f-705e-4223-bd2b-29e6b64f50ff","local_time":"20190623025641","is_ascension_mode":true,"campfire_choices":[{"data":"Zap","floor":6.0,"key":"SMITH"},{"floor":12.0,"key":"REST"},{"floor":15.0,"key":"REST"},{"data":"Defragment","floor":23.0,"key":"SMITH"},{"data":"Sunder","floor":27,"key":"SMITH"},{"floor":29,"key":"REST"},{"floor":32,"key":"REST"},{"data":"Seek","floor":40,"key":"SMITH"}],"neow_cost":"NONE","seed_source_timestamp":39766366833837,"circlet_count":0,"master_deck":["AscendersBane","Defend_B","Defend_B","Zap+1","Dualcast","Biased Cognition","Rebound","Glacier","Compile Driver","Cold Snap","Seek+1","FTL","Defragment+1","Doom and Gloom","Leap","Recycle","Streamline","Steam","Multi-Cast","Machine Learning+1","Redo+1","Lockon+1","Leap+1"],"special_seed":0,"relics":["Cracked Core","Bottled Lightning","Bronze Scales","DataDisk","Busted Crown","WingedGreaves","Kunai","Astrolabe"],"potions_floor_usage":[33],"damage_taken":[{"damage":0.0,"enemies":"Small Slimes","floor":1.0,"turns":3.0},{"damage":1.0,"enemies":"Cultist","floor":3.0,"turns":3.0},{"damage":7.0,"enemies":"Jaw Worm","floor":5.0,"turns":3.0},{"damage":24.0,"enemies":"3 Sentries","floor":7.0,"turns":9.0},{"damage":0.0,"enemies":"Exordium Thugs","floor":8.0,"turns":3.0},{"damage":3.0,"enemies":"Lagavulin","floor":10.0,"turns":5.0},{"damage":0.0,"enemies":"2 Fungi Beasts","floor":14.0,"turns":1.0},{"damage":34.0,"enemies":"Slime Boss","floor":16.0,"turns":9.0},{"damage":0.0,"enemies":"3 Byrds","floor":18.0,"turns":3.0},{"damage":2.0,"enemies":"Chosen","floor":19.0,"turns":3.0},{"damage":18.0,"enemies":"Centurion and Healer","floor":21.0,"turns":6.0},{"damage":8,"enemies":"Book of Stabbing","floor":24,"turns":4},{"damage":12,"enemies":"Snecko","floor":28,"turns":4},{"damage":36,"enemies":"Champ","floor":33,"turns":11},{"damage":20,"enemies":"3 Shapes","floor":35,"turns":3},{"damage":47,"enemies":"Giant Head","floor":41,"turns":7}],"seed_played":"7983866974868409417","potions_obtained":[{"floor":3.0,"key":"Ancient Potion"},{"floor":5.0,"key":"Strength Potion"},{"floor":16.0,"key":"FearPotion"},{"floor":28,"key":"EssenceOfSteel"},{"floor":35,"key":"Explosive Potion"}],"is_trial":false,"path_per_floor":["M","$","M","?","M","R","E","M","T","E","?","R","$","M","R","B",null,"M","M","$","M","?","R","E","$","T","R","M","R","?","?","R","B",null,"M","?","?","T","?","R","E"],"character_chosen":"DEFECT","items_purchased":["Sunder","Defragment"],"campfire_rested":4,"item_purchase_floors":[2,13],"current_hp_per_floor":[64,64,63,42,35,35,11,11,11,8,8,29,29,29,50,16,57,57,55,55,37,37,37,29,29,29,29,17,38,38,38,59,23,59,39,39,39,39,39,39,0],"gold":67,"neow_bonus":"ONE_RANDOM_RARE_CARD","is_prod":false,"is_daily":false,"chose_seed":false,"campfire_upgraded":4,"win_rate":0,"timestamp":1561273001,"path_taken":["M","$","M","?","M","R","E","M","T","E","?","R","$","?","R","BOSS","M","?","$","M","?","R","E","?","T","R","?","R","?","?","R","BOSS","M","?","?","?","?","R","E"],"build_version":"2019-01-23","purchased_purges":3,"victory":false,"max_hp_per_floor":[71,71,71,71,71,71,71,71,71,71,71,71,71,71,71,71,71,71,71,71,71,71,71,71,71,71,71,71,71,71,71,71,71,71,71,71,67,67,67,67,67],"card_choices":[{"not_picked":["Barrage","Coolheaded"],"picked":"Rebound","floor":1.0},{"not_picked":["Gash","Hologram"],"picked":"Glacier","floor":3.0},{"not_picked":["Sweeping Beam","Rebound"],"picked":"Compile Driver","floor":5.0},{"not_picked":["Ball Lightning","Conserve Battery"],"picked":"Cold Snap","floor":7.0},{"not_picked":["Redo","Gash"],"picked":"Seek","floor":8.0},{"not_picked":["Double Energy","Hologram"],"picked":"FTL","floor":10.0},{"not_picked":["Steam Power","Compile Driver"],"picked":"Doom and Gloom","floor":14.0},{"not_picked":[],"picked":"Leap","floor":18.0},{"not_picked":["Static Discharge+1"],"picked":"SKIP","floor":19.0},{"not_picked":["Beam Cell"],"picked":"SKIP","floor":21.0},{"not_picked":[],"picked":"Steam","floor":24},{"not_picked":["Streamline"],"picked":"SKIP","floor":28},{"not_picked":[],"picked":"Multi-Cast","floor":33},{"not_picked":[],"picked":"Leap+1","floor":35}],"player_experience":2318844,"relics_obtained":[{"floor":7.0,"key":"Bottled Lightning"},{"floor":9.0,"key":"Bronze Scales"},{"floor":10.0,"key":"DataDisk"},{"floor":24,"key":"WingedGreaves"},{"floor":26,"key":"Kunai"}],"event_choices":[{"damage_healed":0.0,"max_hp_gain":0.0,"max_hp_loss":0.0,"gold_gain":0.0,"event_name":"Shining Light","player_choice":"Entered Light","floor":4.0,"gold_loss":0.0,"damage_taken":21.0,"cards_upgraded":["Strike_B","Strike_B"]},{"damage_healed":0.0,"max_hp_gain":0.0,"max_hp_loss":0.0,"gold_gain":0.0,"event_name":"Wheel of Change","player_choice":"Cursed","floor":11.0,"gold_loss":0.0,"damage_taken":0.0,"cards_obtained":["Decay"]},{"damage_healed":0.0,"max_hp_gain":0.0,"max_hp_loss":0.0,"gold_gain":0.0,"cards_transformed":["Defend_B","Strike_B"],"event_name":"Drug Dealer","player_choice":"Became Test Subject","floor":22.0,"gold_loss":0.0,"damage_taken":0.0,"cards_obtained":["Recycle","Streamline"]},{"damage_healed":0,"gold_gain":0,"player_choice":"Paid Fearfully","damage_taken":0,"max_hp_gain":0,"max_hp_loss":0,"event_name":"Masked Bandits","floor":30,"gold_loss":67},{"damage_healed":0,"gold_gain":0,"player_choice":"Ignored","damage_taken":0,"max_hp_gain":0,"max_hp_loss":0,"event_name":"Vampires","floor":31,"gold_loss":0},{"damage_healed":0,"gold_gain":0,"player_choice":"Memory 1","damage_taken":0,"max_hp_gain":0,"max_hp_loss":0,"event_name":"SensoryStone","floor":36,"gold_loss":0},{"damage_healed":0,"gold_gain":0,"player_choice":"Max HP","damage_taken":0,"max_hp_gain":0,"max_hp_loss":4,"event_name":"Winding Halls","floor":37,"gold_loss":0},{"damage_healed":0,"gold_gain":0,"player_choice":"Bought 1 Potion","damage_taken":0,"max_hp_gain":0,"max_hp_loss":0,"event_name":"The Woman in Blue","floor":39,"gold_loss":0}],"is_beta":false,"boss_relics":[{"not_picked":["Coffee Dripper","Lizard Tail"],"picked":"Busted Crown"},{"not_picked":["Runic Dome","Empty Cage"],"picked":"Astrolabe"}],"items_purged_floors":[2,13,20],"is_endless":false,"potions_floor_spawned":[3,5,16,28,35],"killed_by":"Giant Head","ascension_level":17}