{"gold_per_floor":[109,125,125,125,144,144,180,180,203,239,239,289,313,313,313,434,434,447,471,39,58,58,58,81,8,32,32,32,32,75,75,75,206,206,225,246,74,95,95,95,139,139,162,197,530,548,548,562,562,562],"floor_reached":50,"playtime":3551,"items_purged":[],"score":731,"play_id":"3b608d1b-28a9-4dc7-9efd-511c23ac3473","local_time":"20190407004223","is_ascension_mode":true,"campfire_choices":[{"data":"Hyperbeam","floor":6,"key":"SMITH"},{"data":"Zap","floor":8,"key":"SMITH"},{"floor":11,"key":"REST"},{"data":"Biased Cognition","floor":15,"key":"SMITH"},{"floor":23,"key":"REST"},{"floor":32,"key":"REST"},{"floor":40,"key":"REST"},{"floor":42,"key":"REST"},{"floor":47,"key":"REST"},{"data":"Amplify","floor":49,"key":"SMITH"}],"neow_cost":"NONE","seed_source_timestamp":1682206982531800,"circlet_count":0,"master_deck":["Strike_B","Strike_B","Strike_B","Defend_B","Defend_B","Defend_B","Defend_B","Zap+1","Dualcast","Beam Cell+1","Beam Cell","Hyperbeam+1","Beam Cell","BootSequence","Biased Cognition+1","Beam Cell","Machine Learning","Cold Snap+1","Coolheaded","Loop","Panache","Doom and Gloom","Self Repair","Streamline+1","Loop","Ghostly","Ghostly","Ghostly","Ghostly","Ghostly","Shame","Writhe","Machine Learning","Amplify","Chill","Streamline","Bandage Up","Stack","Defragment+1","Discovery","Loop+1","Amplify+1","Rebound+1","Go for the Eyes"],"relics":["FrozenCore","Art of War","Regal Pillow","Gambling Chip","Potion Belt","PreservedInsect","FaceOfCleric","Strawberry","Pantograph","Cables","Centennial Puzzle","Snecko Eye","Mango","Blood Vial","Oddly Smooth Stone"],"potions_floor_usage":[10,16,19,24,36,38,41,44],"damage_taken":[{"damage":0,"enemies":"Small Slimes","floor":1,"turns":3},{"damage":0,"enemies":"2 Louse","floor":2,"turns":2},{"damage":0,"enemies":"Jaw Worm","floor":5,"turns":1},{"damage":8,"enemies":"Gremlin Nob","floor":7,"turns":3},{"damage":20,"enemies":"Lagavulin","floor":10,"turns":3},{"damage":0,"enemies":"Exordium Thugs","floor":13,"turns":1},{"damage":53,"enemies":"The Guardian","floor":16,"turns":12},{"damage":9,"enemies":"Shell Parasite","floor":18,"turns":6},{"damage":16,"enemies":"2 Thieves","floor":19,"turns":3},{"damage":54,"enemies":"Centurion and Healer","floor":21,"turns":7},{"damage":4,"enemies":"3 Cultists","floor":24,"turns":4},{"damage":35,"enemies":"Gremlin Leader","floor":30,"turns":7},{"damage":10,"enemies":"Champ","floor":33,"turns":10},{"damage":21,"enemies":"3 Shapes","floor":35,"turns":6},{"damage":25,"enemies":"3 Darklings","floor":36,"turns":7},{"damage":9,"enemies":"Sphere and 2 Shapes","floor":38,"turns":6},{"damage":26,"enemies":"Reptomancer","floor":41,"turns":11},{"damage":59,"enemies":"Giant Head","floor":44,"turns":10},{"damage":0,"enemies":"4 Shapes","floor":46,"turns":10},{"damage":4,"enemies":"Jaw Worm Horde","floor":48,"turns":4},{"damage":76,"enemies":"Time Eater","floor":50,"turns":6}],"seed_played":"-148231646948665925","potions_obtained":[{"floor":7,"key":"SteroidPotion"},{"floor":13,"key":"Swift Potion"},{"floor":18,"key":"PowerPotion"},{"floor":21,"key":"GamblersBrew"},{"floor":35,"key":"Energy Potion"},{"floor":36,"key":"Weak Potion"},{"floor":41,"key":"Dexterity Potion"}],"is_trial":false,"path_per_floor":["M","M","?","?","M","R","E","R","T","E","R","T","M","?","R","B",null,"M","M","$","M","?","R","M","$","T","?","?","?","E","$","R","B",null,"M","M","$","M","?","R","E","R","T","E","?","M","R","M","R","B"],"character_chosen":"DEFECT","items_purchased":["Loop","Panache","PreservedInsect","Doom and Gloom","Loop","Bandage Up","Stack","PowerPotion"],"campfire_rested":6,"item_purchase_floors":[20,20,20,20,25,37,37,37],"current_hp_per_floor":[82,82,82,62,62,62,54,54,54,34,73,73,73,73,73,20,82,73,57,57,3,3,42,46,46,53,45,45,45,18,18,46,44,47,34,17,17,9,9,39,32,65,65,14,14,17,52,59,59,0],"gold":562,"neow_bonus":"TEN_PERCENT_HP_BONUS","is_prod":false,"is_daily":false,"chose_seed":false,"campfire_upgraded":4,"win_rate":0,"timestamp":1554612143,"path_taken":["M","M","?","?","M","R","E","R","T","E","R","?","?","?","R","BOSS","M","M","$","M","?","R","?","$","T","?","?","?","E","?","R","BOSS","M","M","$","M","?","R","E","R","T","E","?","M","R","M","R","BOSS"],"build_version":"2019-04-04","purchased_purges":0,"victory":false,"max_hp_per_floor":[82,82,82,82,82,82,82,82,82,82,82,82,82,82,82,82,82,82,82,82,82,82,82,83,83,90,45,45,45,46,46,46,47,47,48,49,49,50,50,50,65,65,65,66,66,67,67,68,68,68],"card_choices":[{"not_picked":["Go for the Eyes","Turbo"],"picked":"Beam Cell","floor":1},{"not_picked":["Double Energy","Hello World"],"picked":"Beam Cell","floor":2},{"not_picked":["Fusion","Streamline"],"picked":"Beam Cell","floor":5},{"not_picked":["Conserve Battery","Turbo"],"picked":"BootSequence","floor":7},{"not_picked":["Coolheaded","Rebound"],"picked":"Biased Cognition","floor":10},{"not_picked":["Conserve Battery","Melter"],"picked":"Beam Cell","floor":13},{"not_picked":["Amplify","Hyperbeam"],"picked":"Machine Learning","floor":16},{"not_picked":["Force Field+1","Steam Power"],"picked":"Cold Snap+1","floor":18},{"not_picked":["Tempest","Steam Power+1"],"picked":"Coolheaded","floor":19},{"not_picked":["Compile Driver","Rip and Tear"],"picked":"Self Repair","floor":21},{"not_picked":["Gash","Reprogram"],"picked":"Streamline+1","floor":24},{"not_picked":["Rebound","Storm"],"picked":"Machine Learning","floor":30},{"not_picked":["Seek","Creative AI"],"picked":"Amplify","floor":33},{"not_picked":["Conserve Battery+1","Go for the Eyes+1"],"picked":"Chill","floor":35},{"not_picked":["Barrage+1","Gash+1"],"picked":"Streamline","floor":36},{"not_picked":["Stack+1","Redo+1"],"picked":"Defragment+1","floor":38},{"not_picked":["Master of Strategy","Good Instincts"],"picked":"Discovery","floor":39},{"not_picked":["Rebound","Redo"],"picked":"Loop+1","floor":41},{"not_picked":["Tempest+1","Stack"],"picked":"Amplify","floor":44},{"not_picked":["Leap","Rip and Tear+1"],"picked":"Rebound+1","floor":46},{"not_picked":["Coolheaded","Streamline+1"],"picked":"Go for the Eyes","floor":48}],"player_experience":772899,"relics_obtained":[{"floor":7,"key":"Art of War"},{"floor":9,"key":"Regal Pillow"},{"floor":10,"key":"Gambling Chip"},{"floor":12,"key":"Potion Belt"},{"floor":26,"key":"Strawberry"},{"floor":30,"key":"Centennial Puzzle"},{"floor":41,"key":"Mango"},{"floor":43,"key":"Blood Vial"},{"floor":44,"key":"Oddly Smooth Stone"}],"event_choices":[{"damage_healed":0,"gold_gain":0,"cards_transformed":["Strike_B"],"player_choice":"Change","damage_taken":0,"max_hp_gain":0,"max_hp_loss":0,"event_name":"Living Wall","floor":3,"gold_loss":0,"cards_obtained":["Hyperbeam"]},{"damage_healed":0,"gold_gain":0,"player_choice":"Take Damage","damage_taken":20,"relics_obtained":["Golden Idol"],"max_hp_gain":0,"max_hp_loss":0,"event_name":"Golden Idol","floor":4,"gold_loss":0},{"damage_healed":0,"gold_gain":0,"player_choice":"Upgraded","damage_taken":0,"max_hp_gain":0,"max_hp_loss":0,"event_name":"Upgrade Shrine","floor":14,"gold_loss":0,"cards_upgraded":["Beam Cell"]},{"damage_healed":0,"gold_gain":0,"player_choice":"Trade","damage_taken":0,"relics_obtained":["FaceOfCleric"],"max_hp_gain":0,"max_hp_loss":0,"event_name":"FaceTrader","floor":22,"gold_loss":0},{"damage_healed":0,"gold_gain":0,"player_choice":"Became a Ghost","damage_taken":0,"max_hp_gain":0,"max_hp_loss":45,"event_name":"Ghosts","floor":27,"gold_loss":0,"cards_obtained":["Ghostly","Ghostly","Ghostly","Ghostly","Ghostly"]},{"damage_healed":0,"gold_gain":0,"player_choice":"Stole Relic","damage_taken":0,"relics_obtained":["Pantograph"],"max_hp_gain":0,"max_hp_loss":0,"event_name":"Addict","floor":28,"gold_loss":0,"cards_obtained":["Shame"]},{"damage_healed":0,"gold_gain":0,"player_choice":"Opened","damage_taken":0,"relics_obtained":["Cables"],"max_hp_gain":0,"max_hp_loss":0,"event_name":"The Mausoleum","floor":29,"gold_loss":0,"cards_obtained":["Writhe"]},{"damage_healed":0,"gold_gain":0,"player_choice":"Memory 1","damage_taken":0,"max_hp_gain":0,"max_hp_loss":0,"event_name":"SensoryStone","floor":39,"gold_loss":0},{"damage_healed":0,"gold_gain":333,"player_choice":"Gave Idol","damage_taken":0,"max_hp_gain":0,"max_hp_loss":0,"event_name":"The Moai Head","floor":45,"relics_lost":["Golden Idol"],"gold_loss":0}],"is_beta":true,"boss_relics":[{"not_picked":["Philosopher\u0027s Stone","Inserter"],"picked":"FrozenCore"},{"not_picked":["Empty Cage","Velvet Choker"],"picked":"Snecko Eye"}],"items_purged_floors":[],"is_endless":false,"potions_floor_spawned":[7,13,18,21,35,36,41],"killed_by":"Time Eater","ascension_level":4}