{"gold_per_floor":[111,111,14,26,43,77,77,77],"floor_reached":8,"playtime":223,"items_purged":[],"score":112,"play_id":"d9c047ab-e9fd-499b-ab2e-6eb8df70897d","local_time":"20190601002630","is_ascension_mode":true,"campfire_choices":[],"neow_cost":"NONE","seed_source_timestamp":12260665815111,"circlet_count":0,"master_deck":["AscendersBane","Strike_R","Strike_R","Strike_R","Strike_R","Defend_R","Defend_R","Defend_R","Defend_R","Bash","Searing Blow","Disarm","Headbutt","Shockwave","Thunderclap","Regret"],"special_seed":0,"relics":["Philosopher\u0027s Stone","The Courier","FossilizedHelix"],"potions_floor_usage":[],"damage_taken":[{"damage":9.0,"enemies":"2 Louse","floor":1.0,"turns":3.0},{"damage":5.0,"enemies":"Cultist","floor":4.0,"turns":3.0},{"damage":6.0,"enemies":"Small Slimes","floor":5.0,"turns":3.0},{"damage":33.0,"enemies":"Lagavulin","floor":6.0,"turns":6.0},{"damage":23,"enemies":"3 Sentries","floor":8,"turns":2}],"seed_played":"-2372289113842220008","potions_obtained":[{"floor":5.0,"key":"BloodPotion"}],"is_trial":false,"path_per_floor":["M","?","$","M","M","E","?","E"],"character_chosen":"IRONCLAD","items_purchased":["Disarm","Headbutt"],"campfire_rested":0,"item_purchase_floors":[3,3],"current_hp_per_floor":[59,59,59,54,48,22,22,0],"gold":77,"neow_bonus":"BOSS_RELIC","is_prod":false,"is_daily":false,"chose_seed":false,"campfire_upgraded":0,"win_rate":0,"timestamp":1559341590,"path_taken":["M","?","?","M","M","E","?","E"],"build_version":"2019-01-23","purchased_purges":0,"victory":false,"max_hp_per_floor":[75,75,75,75,75,75,75,75],"card_choices":[{"not_picked":["Warcry","Thunderclap"],"picked":"Searing Blow","floor":1.0},{"not_picked":["Dual Wield","True Grit"],"picked":"Shockwave","floor":4.0},{"not_picked":["Rampage","Bloodletting","Body Slam"],"picked":"SKIP","floor":5.0},{"not_picked":["Headbutt","Iron Wave"],"picked":"Thunderclap","floor":6.0}],"player_experience":578261,"relics_obtained":[{"floor":6.0,"key":"The Courier"}],"event_choices":[{"cards_removed":["Strike_R"],"damage_healed":0.0,"max_hp_gain":0.0,"max_hp_loss":0.0,"gold_gain":0.0,"event_name":"Purifier","player_choice":"Purged","floor":2.0,"gold_loss":0.0,"damage_taken":0.0},{"damage_healed":0.0,"max_hp_gain":0.0,"max_hp_loss":0.0,"gold_gain":0.0,"event_name":"Big Fish","player_choice":"Box","floor":7.0,"gold_loss":0.0,"damage_taken":0.0,"relics_obtained":["FossilizedHelix"],"cards_obtained":["Regret"]}],"is_beta":false,"boss_relics":[],"items_purged_floors":[],"is_endless":false,"potions_floor_spawned":[5],"killed_by":"3 Sentries","ascension_level":20}