{"path_per_floor":["?","?","?","?","?","?","?","?","?","?","?","?","?","?","?","B",null,"?","?","?"],"character_chosen":"IRONCLAD","items_purchased":["Exhume","Paper Frog"],"gold_per_floor":[114,129,129,148,167,205,205,243,243,262,281,300,300,319,319,444,444,463,145,164],"floor_reached":21,"campfire_rested":1,"playtime":1488,"current_hp_per_floor":[80,80,60,65,57,44,68,54,54,57,69,68,68,71,71,52,52,20,20,26],"items_purged":[],"gold":164,"score":195,"play_id":"108f55fc-f7e8-454c-81f4-dbd526a889e7","local_time":"20180306193244","daily_mods":[{"name":"Diverse","description":"Start with 2 cards from another class.","modID":"Diverse","img":{"data":{"file":{"file":{"path":"images\\ui\\run_mods\\diverse.png"},"type":"Internal"},"width":64,"height":64,"format":"RGBA8888","useMipMaps":false,"isPrepared":false},"glTarget":3553,"glHandle":685,"minFilter":"Linear","magFilter":"Linear","uWrap":"ClampToEdge","vWrap":"ClampToEdge"},"positive":true},{"name":"Restless Journey","description":"You no longer heal when entering new acts.","modID":"Restless Journey","img":{"data":{"file":{"file":{"path":"images\\ui\\run_mods\\restless_journey.png"},"type":"Internal"},"width":64,"height":64,"format":"RGBA8888","useMipMaps":false,"isPrepared":false},"glTarget":3553,"glHandle":676,"minFilter":"Linear","magFilter":"Linear","uWrap":"ClampToEdge","vWrap":"ClampToEdge"},"positive":false},{"name":"Uncertain Future","description":"The map shows only ?.","modID":"Uncertain Future","img":{"data":{"file":{"file":{"path":"images\\ui\\run_mods\\uncertain_future.png"},"type":"Internal"},"width":64,"height":64,"format":"RGBA8888","useMipMaps":false,"isPrepared":false},"glTarget":3553,"glHandle":679,"minFilter":"Linear","magFilter":"Linear","uWrap":"ClampToEdge","vWrap":"ClampToEdge"},"positive":false},{"name":"Binary","description":"Card rewards contain only 2 cards.","modID":"Binary","img":{"data":{"file":{"file":{"path":"images\\ui\\run_mods\\binary.png"},"type":"Internal"},"width":64,"height":64,"format":"RGBA8888","useMipMaps":false,"isPrepared":false},"glTarget":3553,"glHandle":680,"minFilter":"Linear","magFilter":"Linear","uWrap":"ClampToEdge","vWrap":"ClampToEdge"},"positive":false}],"is_prod":false,"is_daily":true,"is_ascension_mode":false,"campfire_upgraded":0,"timestamp":1520382764,"path_taken":["?","?","?","?","?","?","?","?","?","?","?","?","?","?","?","BOSS","?","?","?","?"],"build_version":"2018-03-01-PROD1","purchased_purges":0,"victory":false,"master_deck":["Strike_R","Strike_R","Strike_R+1","Strike_R","Defend_R","Defend_R","Defend_R","Defend_R","Bash","Cloak And Dagger","Well Laid Plans","Sword Boomerang","Pommel Strike","Rupture","Sever Soul+1","Disarm","Hemokinesis","Power Through","Twin Strike","Clothesline","Pommel Strike","Fiend Fire","Clothesline","Exhume","Disarm"],"max_hp_per_floor":[80,80,80,80,80,80,80,80,80,80,80,80,80,80,80,80,80,80,80,80],"relics":["Burning Blood","Golden Idol","Whetstone","Vajra","Peace Pipe","Calipers","Runic Pyramid","Paper Frog"],"card_choices":[{"not_picked":["Armaments"],"picked":"Sword Boomerang"},{"not_picked":["Blood for Blood"],"picked":"Pommel Strike"},{"not_picked":["Cleave"],"picked":"Rupture"},{"not_picked":["Wild Strike"],"picked":"Sever Soul"},{"not_picked":["Combust"],"picked":"Disarm"},{"not_picked":["Anger"],"picked":"Hemokinesis"},{"not_picked":["Warcry"],"picked":"Power Through"},{"not_picked":["Sword Boomerang"],"picked":"Twin Strike"},{"not_picked":["Corruption"],"picked":"Clothesline"},{"not_picked":["Flex"],"picked":"Pommel Strike"},{"not_picked":["Juggernaut"],"picked":"Fiend Fire"},{"not_picked":["Armaments"],"picked":"Clothesline"},{"not_picked":["Shrug It Off"],"picked":"Disarm"}],"player_experience":291865,"potions_floor_usage":[8,11,16,16,16],"damage_taken":[{"damage":3,"enemies":"2 Louse","floor":1,"turns":4},{"damage":5,"enemies":"Jaw Worm","floor":2,"turns":5},{"damage":1,"enemies":"Cultist","floor":4,"turns":3},{"damage":14,"enemies":"Gremlin Gang","floor":5,"turns":7},{"damage":19,"enemies":"3 Sentries","floor":6,"turns":9},{"damage":20,"enemies":"Gremlin Nob","floor":8,"turns":4},{"damage":3,"enemies":"Exordium Wildlife","floor":10,"turns":3},{"damage":3,"enemies":"Large Slime","floor":11,"turns":4},{"damage":7,"enemies":"2 Fungi Beasts","floor":12,"turns":3},{"damage":3,"enemies":"Blue Slaver","floor":14,"turns":3},{"damage":25,"enemies":"Slime Boss","floor":16,"turns":9},{"damage":38,"enemies":"2 Thieves","floor":18,"turns":4},{"damage":0,"enemies":"Chosen","floor":20,"turns":4},{"damage":32,"enemies":"Snecko","floor":21,"turns":5}],"event_choices":[{"event_name":"Golden Idol","player_choice":"Take Damage","floor":3,"damage_taken":0}],"boss_relics":[{"not_picked":["Runic Cube","Runic Dome"],"picked":"Runic Pyramid"}],"potions_floor_spawned":[5,6,8,10,14],"seed_played":"6669194513917691148","killed_by":"Snecko","ascension_level":0,"is_trial":false}