{"gold_per_floor":[19,31,31,31,46,46,84,84,84,125,144,144,159,202,202,325,325,341,355,43,61,186,217,217,260,283,283,324,348,382,382,382,501,564,583,597,347,437,562,562,605,619,619,619,396,417,460,484,484,484,484,484,52,85,85],"floor_reached":56,"playtime":3843,"items_purged":["Strike_R","Strike_R+1","Strike_R+1"],"score":1433,"play_id":"05bde776-6eff-4535-a9f7-00105e04ccce","local_time":"20190117210133","is_ascension_mode":true,"campfire_choices":[{"data":"Bash","floor":6.0,"key":"SMITH"},{"data":"Disarm","floor":8.0,"key":"SMITH"},{"data":"True Grit","floor":15.0,"key":"SMITH"},{"data":"Armaments","floor":24.0,"key":"SMITH"},{"data":"Magnetism","floor":32.0,"key":"SMITH"},{"floor":40,"key":"RECALL"},{"data":"Shockwave","floor":49,"key":"SMITH"},{"data":"Feel No Pain","floor":52,"key":"SMITH"}],"neow_cost":"NO_GOLD","seed_source_timestamp":0,"circlet_count":0,"master_deck":["Strike_R+1","Defend_R+1","Defend_R+1","Defend_R+1","Bash+1","Carnage+1","Disarm+1","Ghostly Armor","Feel No Pain","Shockwave+1","Metallicize+1","True Grit+1","Offering","Armaments+1","Dropkick+1","Shrug It Off","Magnetism+1","Uppercut+1","Battle Trance","Dropkick+1","Pommel Strike+1","Exhume","Iron Wave+1","Shrug It Off","Feel No Pain+1","Offering","Feel No Pain+1","Sword Boomerang","Evolve","Exhume"],"special_seed":0,"relics":["Burning Blood","Golden Idol","hubris:Spice","Matryoshka","Gremlin Horn","Happy Flower","Mark of Pain","hubris:ToyBattleship","hubris:Towel","Potion Belt","FossilizedHelix","Tiny House","Kunai","Whetstone","hubris:CuriousFeather","Orichalcum"],"potions_floor_usage":[55,55,55,55,55],"damage_taken":[{"damage":2.0,"enemies":"2 Louse","floor":1.0,"turns":4.0},{"damage":6.0,"enemies":"Jaw Worm","floor":2.0,"turns":3.0},{"damage":0.0,"enemies":"Cultist","floor":5.0,"turns":3.0},{"damage":19.0,"enemies":"Lagavulin","floor":7.0,"turns":5.0},{"damage":16.0,"enemies":"Gremlin Nob","floor":10.0,"turns":4.0},{"damage":13.0,"enemies":"Large Slime","floor":11.0,"turns":4.0},{"damage":0.0,"enemies":"3 Louse","floor":13.0,"turns":3.0},{"damage":6.0,"enemies":"3 Sentries","floor":14.0,"turns":7.0},{"damage":3.0,"enemies":"The Guardian","floor":16.0,"turns":10.0},{"damage":6.0,"enemies":"3 Byrds","floor":18.0,"turns":4.0},{"damage":6.0,"enemies":"Spheric Guardian","floor":19.0,"turns":5.0},{"damage":9.0,"enemies":"Cultist and Chosen","floor":21.0,"turns":6.0},{"damage":4.0,"enemies":"Colosseum Slavers","floor":22.0,"turns":4.0},{"damage":16.0,"enemies":"Colosseum Nobs","floor":22.0,"turns":6.0},{"damage":8.0,"enemies":"Book of Stabbing","floor":23.0,"turns":6.0},{"damage":17.0,"enemies":"Gremlin Leader","floor":25.0,"turns":6.0},{"damage":6.0,"enemies":"Book of Stabbing","floor":28.0,"turns":5.0},{"damage":6.0,"enemies":"Sentry and Sphere","floor":29.0,"turns":4.0},{"damage":6.0,"enemies":"Slavers","floor":30.0,"turns":4.0},{"damage":8.0,"enemies":"Automaton","floor":33.0,"turns":12.0},{"damage":0.0,"enemies":"3 Shapes","floor":35.0,"turns":4.0},{"damage":0.0,"enemies":"Orb Walker","floor":36.0,"turns":4.0},{"damage":37,"enemies":"2 Orb Walkers","floor":38,"turns":5},{"damage":0,"enemies":"Mind Bloom Boss Battle","floor":39,"turns":5},{"damage":16,"enemies":"Nemesis","floor":41,"turns":9},{"damage":0,"enemies":"3 Darklings","floor":42,"turns":6},{"damage":0,"enemies":"Maw","floor":46,"turns":7},{"damage":13,"enemies":"Reptomancer","floor":47,"turns":8},{"damage":0,"enemies":"Jaw Worm Horde","floor":48,"turns":5},{"damage":5,"enemies":"Time Eater","floor":50,"turns":11},{"damage":6,"enemies":"Shield and Spear","floor":54,"turns":6},{"damage":6,"enemies":"The Heart","floor":55,"turns":9}],"seed_played":"-3405078485229818791","potions_obtained":[{"floor":1.0,"key":"EssenceOfSteel"},{"floor":2.0,"key":"SneckoOil"},{"floor":7.0,"key":"Fire Potion"},{"floor":14.0,"key":"Weak Potion"},{"floor":19.0,"key":"Energy Potion"},{"floor":23.0,"key":"Dexterity Potion"},{"floor":28.0,"key":"Weak Potion"},{"floor":33.0,"key":"EssenceOfSteel"},{"floor":34.0,"key":"PowerPotion"},{"floor":36,"key":"GamblersBrew"},{"floor":47,"key":"Dexterity Potion"}],"is_trial":false,"path_per_floor":["M","M","?","?","M","R","E","R","T","E","M","?","M","E","R","B",null,"M","M","$","M","?","E","R","E","T","?","E","M","E","?","R","B",null,"M","M","$","?","?","R","E","M","T","?","$","M","E","M","R","B",null,"R","$","E","B",null],"character_chosen":"IRONCLAD","items_purchased":["Shrug It Off","Magnetism","Shrug It Off","Feel No Pain","Offering","Sword Boomerang","Evolve","hubris:CuriousFeather"],"campfire_rested":0,"item_purchase_floors":[20,20,37,37,37,45,45,53],"current_hp_per_floor":[80,80,64,64,70,70,65,65,65,55,48,53,59,59,59,62,87,87,87,87,84,84,82,82,71,71,71,71,71,71,71,71,69,84,84,84,84,53,59,59,49,55,55,55,55,61,54,52,52,52,52,52,52,52,52],"gold":85,"neow_bonus":"REMOVE_TWO","is_prod":false,"is_daily":false,"chose_seed":false,"campfire_upgraded":7,"win_rate":0,"timestamp":1547784093,"path_taken":["M","M","?","?","M","R","E","R","T","E","M","?","M","E","R","BOSS","M","M","$","M","?","E","R","E","T","?","E","?","E","?","R","BOSS","M","M","$","?","?","R","E","M","T","?","$","M","E","M","R","BOSS","R","$","E","BOSS"],"build_version":"2019-01-17","purchased_purges":3,"victory":true,"max_hp_per_floor":[80,80,80,74,74,74,82,82,82,82,82,87,87,87,87,87,87,87,87,87,87,87,87,87,79,79,79,79,79,79,79,79,79,84,84,84,84,76,76,76,76,76,68,68,68,68,60,52,52,52,52,52,52,52,52],"card_choices":[{"not_picked":["Twin Strike","Ghostly Armor"],"picked":"Carnage","floor":1.0},{"not_picked":["Headbutt","Wild Strike","Rupture"],"picked":"SKIP","floor":2.0},{"not_picked":["Battle Trance","Clash"],"picked":"Disarm","floor":5.0},{"not_picked":["hubris:SharpeningStone","Armaments"],"picked":"Ghostly Armor","floor":7.0},{"not_picked":["Entrench","Seeing Red"],"picked":"Feel No Pain","floor":10.0},{"not_picked":["Fire Breathing","Armaments"],"picked":"Shockwave","floor":11.0},{"not_picked":["Bloodletting","Thunderclap"],"picked":"Metallicize","floor":13.0},{"not_picked":["Havoc","Warcry"],"picked":"True Grit","floor":14.0},{"not_picked":["Dark Embrace","Limit Break"],"picked":"Offering","floor":16.0},{"not_picked":["Spot Weakness","Wild Strike"],"picked":"Armaments","floor":18.0},{"not_picked":["Armaments","Headbutt"],"picked":"Dropkick","floor":19.0},{"not_picked":["Wild Strike+1","Pommel Strike"],"picked":"Uppercut+1","floor":21.0},{"not_picked":["Twin Strike","Searing Blow"],"picked":"Battle Trance","floor":22.0},{"not_picked":["Armaments","Twin Strike","Sever Soul"],"picked":"SKIP","floor":23.0},{"not_picked":["Double Tap","Perfected Strike","Dual Wield"],"picked":"SKIP","floor":25.0},{"not_picked":["hubris:ReadiedAction","Spot Weakness+1"],"picked":"Dropkick","floor":28.0},{"not_picked":["Clothesline+1","Battle Trance"],"picked":"Pommel Strike+1","floor":29.0},{"not_picked":["Heavy Blade","Cleave","Headbutt"],"picked":"SKIP","floor":30.0},{"not_picked":["Immolate","Fiend Fire"],"picked":"Exhume","floor":33.0},{"not_picked":["Flex","hubris:SpiceAddiction"],"picked":"Iron Wave+1","floor":34.0},{"not_picked":["Power Through","Thunderclap","hubris:SpiceAddiction"],"picked":"SKIP","floor":35.0},{"not_picked":["Berserk","Entrench+1","Sentinel+1"],"picked":"SKIP","floor":36},{"not_picked":["Body Slam","Iron Wave"],"picked":"Feel No Pain+1","floor":41},{"not_picked":["Armaments+1","Warcry","Carnage"],"picked":"SKIP","floor":42},{"not_picked":["Second Wind+1","Headbutt","Bloodletting"],"picked":"SKIP","floor":46},{"not_picked":["Reckless Charge","Flex+1"],"picked":"hubris:SpiceAddiction","floor":47},{"not_picked":["Anger+1","Thunderclap"],"picked":"hubris:SpiceAddiction","floor":48},{"not_picked":["Whirlwind","hubris:SpiceAddiction"],"picked":"Exhume","floor":54}],"player_experience":694023,"relics_obtained":[{"floor":7.0,"key":"hubris:Spice"},{"floor":9.0,"key":"Matryoshka"},{"floor":10.0,"key":"Gremlin Horn"},{"floor":14.0,"key":"Happy Flower"},{"floor":22.0,"key":"hubris:Spice"},{"floor":22.0,"key":"hubris:Spice"},{"floor":25.0,"key":"hubris:Spice"},{"floor":26.0,"key":"hubris:ToyBattleship"},{"floor":28.0,"key":"Potion Belt"},{"floor":30.0,"key":"FossilizedHelix"},{"floor":38,"key":"hubris:Spice"},{"floor":43,"key":"Kunai"},{"floor":43,"key":"hubris:Spice"},{"floor":47,"key":"Whetstone"},{"floor":54,"key":"Orichalcum"}],"event_choices":[{"damage_healed":0.0,"max_hp_gain":0.0,"max_hp_loss":0.0,"gold_gain":0.0,"event_name":"Shining Light","player_choice":"Entered Light","floor":3.0,"gold_loss":0.0,"damage_taken":16.0,"cards_upgraded":["Carnage","Defend_R"]},{"damage_healed":0.0,"max_hp_gain":0.0,"max_hp_loss":6.0,"gold_gain":0.0,"event_name":"Golden Idol","player_choice":"Lose Max HP","floor":4.0,"gold_loss":0.0,"damage_taken":0.0,"relics_obtained":["Golden Idol"]},{"damage_healed":0.0,"max_hp_gain":5.0,"max_hp_loss":0.0,"gold_gain":0.0,"event_name":"Big Fish","player_choice":"Donut","floor":12.0,"gold_loss":0.0,"damage_taken":0.0},{"damage_healed":0.0,"max_hp_gain":0.0,"max_hp_loss":0.0,"gold_gain":0.0,"event_name":"Colosseum","player_choice":"Fight","floor":22.0,"gold_loss":0.0,"damage_taken":0.0},{"damage_healed":0.0,"max_hp_gain":0.0,"max_hp_loss":0.0,"gold_gain":0.0,"event_name":"Colosseum","player_choice":"Fought Nobs","floor":22.0,"gold_loss":0.0,"damage_taken":0.0},{"damage_healed":0.0,"max_hp_gain":0.0,"max_hp_loss":0.0,"gold_gain":0.0,"event_name":"Back to Basics","player_choice":"Simplicity","floor":31.0,"gold_loss":0.0,"damage_taken":0.0,"cards_upgraded":["Strike_R","Strike_R","Strike_R","Defend_R","Defend_R"]},{"damage_healed":0,"gold_gain":0,"player_choice":"Fight","damage_taken":0,"max_hp_gain":0,"max_hp_loss":0,"event_name":"Mysterious Sphere","floor":38,"gold_loss":0},{"damage_healed":0,"gold_gain":0,"player_choice":"Fight","damage_taken":0,"max_hp_gain":0,"max_hp_loss":0,"event_name":"MindBloom","floor":39,"gold_loss":0},{"damage_healed":0,"gold_gain":0,"player_choice":"Ignored","damage_taken":0,"max_hp_gain":0,"max_hp_loss":0,"event_name":"Tomb of Lord Red Mask","floor":44,"gold_loss":0}],"is_beta":false,"boss_relics":[{"not_picked":["hubris:Spice","Runic Cube"],"picked":"Mark of Pain"},{"not_picked":["hubris:HollowSoul","hubris:Spice"],"picked":"Tiny House"}],"items_purged_floors":[20,45,53],"is_endless":false,"potions_floor_spawned":[1,2,7,11,14,19,23,25,28,33,36,38,46,47,48,54],"ascension_level":1}