{"path_per_floor":["M","M","?","?","T","E","M","?","T","R","$","M","M","?","R","B",null,"M","M","M","?"],"character_chosen":"THE_SILENT","items_purchased":["Footwork","War Paint"],"gold_per_floor":[114,129,129,129,129,159,174,226,226,226,2,17,32,32,32,132,132,147,162,177,177,177],"floor_reached":22,"campfire_rested":1,"playtime":1652,"current_hp_per_floor":[65,65,65,65,65,35,14,14,14,65,65,52,50,50,50,6,65,54,47,11,11,0],"items_purged":[],"gold":177,"score":236,"play_id":"f2563a00-2386-4320-a6fe-9a353821da86","local_time":"20180428091237","daily_mods":["Insanity","Time Dilation","Night Terrors"],"is_prod":false,"is_daily":true,"chose_seed":false,"is_ascension_mode":false,"campfire_upgraded":0,"timestamp":1524921157,"path_taken":["M","?","?","?","?","E","M","?","T","R","$","M","M","?","R","BOSS","M","M","M","?","M"],"build_version":"2018-04-26","seed_source_timestamp":0,"purchased_purges":0,"victory":false,"master_deck":["After Image","Well Laid Plans","A Thousand Cuts","Expertise","Bane","After Image","Cloak And Dagger","Quick Slash","Envenom","Riddle With Holes","Heel Hook","Night Terror","A Thousand Cuts","Phantasmal Killer+1","Calculated Gamble","Corpse Explosion","Corpse Explosion","Unload","Prepared","Deflect","Finisher","Leg Sweep","Storm of Steel","Well Laid Plans","Outmaneuver","Tools of the Trade","Flying Knee","Backstab","Blade Dance","Phantasmal Killer","PiercingWail","Masterful Stab","Blur","Dagger Spray","Unload","All Out Attack","Setup","Noxious Fumes","Corpse Explosion","Predator","A Thousand Cuts","Quick Slash","Tactician","Deflect+1","Setup","Noxious Fumes","Bane","Tools of the Trade","Skewer","Neutralize","Backflip","Night Terror","Footwork","Blur","Phantasmal Killer","Distraction","Leg Sweep","Backstab+1"],"max_hp_per_floor":[70,70,70,70,70,70,70,70,70,65,65,65,65,65,65,65,65,65,65,65,65,65],"relics":["Ring of the Snake","Torii","Juzu Bracelet","Bottled Flame","Girya","Smiling Mask","War Paint","Black Star"],"card_choices":[{"not_picked":["Flying Knee","Finisher"],"picked":"Backflip","floor":1},{"not_picked":["Expertise","Concentrate"],"picked":"Night Terror","floor":6},{"not_picked":["Outmaneuver","Catalyst"],"picked":"Blur","floor":12},{"not_picked":["A Thousand Cuts","Tactician"],"picked":"Phantasmal Killer","floor":16},{"not_picked":["Dagger Throw","Flying Knee"],"picked":"Distraction","floor":18},{"not_picked":["Deflect","Bane"],"picked":"Leg Sweep","floor":19},{"not_picked":["Escape Plan","Masterful Stab"],"picked":"Backstab","floor":20}],"player_experience":767364,"potions_floor_usage":[6,13,19,20],"damage_taken":[{"damage":5,"enemies":"Cultist","floor":1,"turns":3},{"damage":0,"enemies":"2 Louse","floor":2,"turns":1},{"damage":30,"enemies":"Gremlin Nob","floor":6,"turns":4},{"damage":21,"enemies":"Small Slimes","floor":7,"turns":4},{"damage":13,"enemies":"Blue Slaver","floor":12,"turns":3},{"damage":2,"enemies":"Lots of Slimes","floor":13,"turns":3},{"damage":44,"enemies":"The Guardian","floor":16,"turns":8},{"damage":11,"enemies":"Chosen","floor":18,"turns":4},{"damage":10,"enemies":"Spheric Guardian","floor":19,"turns":3},{"damage":36,"enemies":"Snake Plant","floor":20,"turns":4},{"damage":13,"enemies":"Centurion and Healer","floor":22,"turns":3}],"event_choices":[{"event_name":"Big Fish","player_choice":"Box","floor":3,"damage_taken":0},{"event_name":"Accursed Blacksmith","player_choice":"Rummage","floor":4,"damage_taken":0},{"event_name":"Golden Wing","player_choice":"Gained Gold","floor":8,"damage_taken":0},{"event_name":"Fountain of Cleansing","player_choice":"Removed Curse","floor":14,"damage_taken":0},{"event_name":"Vampires","player_choice":"Ignored","floor":21,"damage_taken":0}],"boss_relics":[{"not_picked":["Cursed Key","Ectoplasm"],"picked":"Black Star"}],"potions_floor_spawned":[1,2,16,18],"seed_played":"8797904352761270822","killed_by":"Centurion and Healer","ascension_level":0,"is_trial":false}