{"gold_per_floor":[116,7,22,22,36,36,79,254,301,301,21,21,21,61,61,61],"floor_reached":16,"playtime":401,"items_purged":[],"score":133,"play_id":"93a8ede6-9cbc-49ff-9eeb-4e8562a54c5a","local_time":"20190701052936","is_ascension_mode":true,"campfire_choices":[{"data":"Glacier","floor":6,"key":"SMITH"},{"floor":10,"key":"REST"},{"floor":12,"key":"RECALL"},{"data":"Buffer","floor":15,"key":"SMITH"}],"neow_cost":"NONE","seed_source_timestamp":312092837635000,"circlet_count":0,"master_deck":["Strike_B","Strike_B","Strike_B","Strike_B","Defend_B","Defend_B","Defend_B","Defend_B","Zap","Dualcast","Cold Snap","White Noise","Static Discharge","Self Repair","Injury","Glacier+1","Aggregate+1","Doubt","Self Repair","Buffer+1"],"relics":["Cracked Core","NeowsBlessing","Golden Idol","Regal Pillow","Pen Nib","Strange Spoon","Meat on the Bone"],"potions_floor_usage":[14],"damage_taken":[{"damage":0,"enemies":"2 Louse","floor":1,"turns":1},{"damage":0,"enemies":"Jaw Worm","floor":3,"turns":1},{"damage":0,"enemies":"Small Slimes","floor":5,"turns":1},{"damage":56,"enemies":"Gremlin Nob","floor":7,"turns":5},{"damage":16,"enemies":"Lagavulin","floor":14,"turns":7},{"damage":70,"enemies":"Slime Boss","floor":16,"turns":13}],"seed_played":"-7038360493094702251","potions_obtained":[{"floor":7,"key":"Fire Potion"}],"is_trial":false,"path_per_floor":["M","$","M","?","M","R","E","?","T","R","$","R","?","E","R","B"],"character_chosen":"DEFECT","items_purchased":["White Noise","Static Discharge","Strange Spoon","Self Repair"],"campfire_rested":1,"item_purchase_floors":[2,2,11,11],"current_hp_per_floor":[75,75,75,75,75,75,26,26,26,63,63,63,63,61,61,0],"gold":61,"neow_bonus":"THREE_ENEMY_KILL","is_prod":false,"is_daily":false,"chose_seed":false,"campfire_upgraded":2,"win_rate":0,"timestamp":1561973376,"path_taken":["M","$","M","?","M","R","E","?","T","R","?","R","?","E","R","BOSS"],"build_version":"2019-06-30","purchased_purges":0,"victory":false,"max_hp_per_floor":[75,75,75,75,75,75,75,75,75,75,75,75,75,75,75,75],"card_choices":[{"not_picked":["Barrage","Stack"],"picked":"Cold Snap","floor":1},{"not_picked":["Steam","Compile Driver"],"picked":"Self Repair","floor":3},{"not_picked":["Conserve Battery","Coolheaded"],"picked":"Glacier","floor":5},{"not_picked":["Sweeping Beam","Fusion"],"picked":"Aggregate","floor":7},{"not_picked":["Hologram","Compile Driver"],"picked":"Buffer","floor":14}],"player_experience":1169554,"relics_obtained":[{"floor":7,"key":"Regal Pillow"},{"floor":9,"key":"Pen Nib"},{"floor":14,"key":"Meat on the Bone"}],"event_choices":[{"damage_healed":0,"gold_gain":0,"player_choice":"Take Wound","damage_taken":0,"relics_obtained":["Golden Idol"],"max_hp_gain":0,"max_hp_loss":0,"event_name":"Golden Idol","floor":4,"gold_loss":0,"cards_obtained":["Injury"]},{"damage_healed":0,"gold_gain":175,"player_choice":"AGREE","damage_taken":0,"max_hp_gain":0,"max_hp_loss":0,"event_name":"Liars Game","floor":8,"gold_loss":0,"cards_obtained":["Doubt"]},{"damage_healed":0,"gold_gain":0,"player_choice":"Grow","damage_taken":0,"max_hp_gain":0,"max_hp_loss":0,"event_name":"Living Wall","floor":13,"gold_loss":0,"cards_upgraded":["Aggregate"]}],"is_beta":true,"boss_relics":[],"items_purged_floors":[],"is_endless":false,"potions_floor_spawned":[7],"killed_by":"Slime Boss","ascension_level":5}