{"gold_per_floor":[110,285,560,45,62,88,88,101,176,202,219,219,229,242,242,342,342,355,164,114,124,124],"floor_reached":22,"playtime":836,"items_purged":["Regret"],"score":276,"play_id":"2a06039c-8f4d-4d55-94a0-19f2baa473ae","local_time":"20190613042732","is_ascension_mode":true,"campfire_choices":[{"floor":7,"key":"RECALL"},{"data":"Zap","floor":12,"key":"SMITH"},{"floor":15,"key":"REST"}],"neow_cost":"NONE","seed_source_timestamp":116650165968100,"circlet_count":0,"master_deck":["Strike_B","Strike_B","Strike_B","Strike_B","Defend_B","Defend_B","Defend_B","Defend_B","Zap+1","Dualcast","Gash","Doubt","Leap","Glacier","Gash","Rip and Tear","Tempest","Glacier","Reinforced Body","Echo Form","Deflect"],"relics":["Cracked Core","NeowsBlessing","Cables","Art of War","Centennial Puzzle","Dodecahedron","Nuclear Battery","PrismaticShard"],"potions_floor_usage":[10,10,14,14,22],"damage_taken":[{"damage":0,"enemies":"Jaw Worm","floor":1,"turns":1},{"damage":0,"enemies":"Cultist","floor":5,"turns":1},{"damage":0,"enemies":"Gremlin Nob","floor":6,"turns":1},{"damage":1,"enemies":"Small Slimes","floor":8,"turns":4},{"damage":4,"enemies":"Lagavulin","floor":10,"turns":7},{"damage":0,"enemies":"Blue Slaver","floor":11,"turns":3},{"damage":0,"enemies":"Lots of Slimes","floor":13,"turns":4},{"damage":20,"enemies":"Gremlin Gang","floor":14,"turns":4},{"damage":54,"enemies":"Slime Boss","floor":16,"turns":16},{"damage":13,"enemies":"Chosen","floor":18,"turns":5},{"damage":12,"enemies":"2 Thieves","floor":21,"turns":4},{"damage":38,"enemies":"Masked Bandits","floor":22,"turns":3}],"seed_played":"8123887024564975111","potions_obtained":[{"floor":6,"key":"Energy Potion"},{"floor":8,"key":"Fire Potion"},{"floor":10,"key":"Energy Potion"},{"floor":11,"key":"Swift Potion"},{"floor":18,"key":"Swift Potion"}],"is_trial":false,"path_per_floor":["M","?","?","$","M","E","R","M","T","E","M","R","M","M","R","B",null,"M","$","?","M","?"],"character_chosen":"DEFECT","items_purchased":["Cables","Art of War","Leap","PrismaticShard"],"campfire_rested":1,"item_purchase_floors":[4,4,4,19],"current_hp_per_floor":[75,75,75,75,75,75,75,74,74,70,70,70,70,50,72,18,61,48,48,48,36,0],"gold":124,"neow_bonus":"THREE_ENEMY_KILL","is_prod":false,"is_daily":false,"chose_seed":false,"campfire_upgraded":1,"win_rate":0,"timestamp":1560414452,"path_taken":["M","?","?","$","M","E","R","M","T","E","?","R","M","M","R","BOSS","M","$","?","?","?"],"build_version":"2019-06-11","purchased_purges":1,"victory":false,"max_hp_per_floor":[75,75,75,75,75,75,75,75,75,75,75,75,75,75,75,75,75,75,75,75,75,75],"card_choices":[{"not_picked":["Compile Driver","Leap"],"picked":"Gash","floor":1},{"not_picked":["Capacitor","Redo"],"picked":"Glacier","floor":5},{"not_picked":["Skim","Compile Driver"],"picked":"Gash","floor":6},{"not_picked":["Compile Driver","Heatsinks"],"picked":"Rip and Tear","floor":8},{"not_picked":["Undo","Cold Snap"],"picked":"Tempest","floor":10},{"not_picked":["Gash","Loop"],"picked":"Glacier","floor":11},{"not_picked":["Coolheaded","Steam Power"],"picked":"Reinforced Body","floor":13},{"not_picked":["Beam Cell","Force Field","Cold Snap"],"picked":"SKIP","floor":14},{"not_picked":["Buffer","Rainbow"],"picked":"Echo Form","floor":16},{"not_picked":["Cold Snap","Redo","Heatsinks"],"picked":"SKIP","floor":18},{"not_picked":["Sword Boomerang","Intimidate"],"picked":"Deflect","floor":21}],"player_experience":1043836,"relics_obtained":[{"floor":6,"key":"Centennial Puzzle"},{"floor":10,"key":"Dodecahedron"}],"event_choices":[{"damage_healed":0,"gold_gain":175,"player_choice":"AGREE","damage_taken":0,"max_hp_gain":0,"max_hp_loss":0,"event_name":"Liars Game","floor":2,"gold_loss":0,"cards_obtained":["Doubt"]},{"damage_healed":0,"gold_gain":275,"player_choice":"Desecrate","damage_taken":0,"max_hp_gain":0,"max_hp_loss":0,"event_name":"Golden Shrine","floor":3,"gold_loss":0,"cards_obtained":["Regret"]},{"damage_healed":0,"gold_gain":0,"player_choice":"Bet on Murderer","damage_taken":0,"max_hp_gain":0,"max_hp_loss":0,"event_name":"The Joust","floor":20,"gold_loss":50},{"damage_healed":0,"gold_gain":0,"player_choice":"Fought Bandits","damage_taken":0,"max_hp_gain":0,"max_hp_loss":0,"event_name":"Masked Bandits","floor":22,"gold_loss":0}],"is_beta":true,"boss_relics":[{"not_picked":["Black Star","Fusion Hammer"],"picked":"Nuclear Battery"}],"items_purged_floors":[4],"is_endless":false,"potions_floor_spawned":[6,8,10,11,18],"killed_by":"Masked Bandits","ascension_level":5}