{"gold_per_floor":[115,29,47,65,82,82,112,71,71,96,96,131,131,151,151,224,224,244,294,31,31,49,78,78,92,92,92,105,139,217,232,232,309,309,321,135,135,151,163,163,182,182,182,210,223,243,268,268,268,268,268,268,268,8,42,42],"floor_reached":57,"playtime":2174,"items_purged":["Strike_G","Writhe","Strike_G"],"score":2803,"play_id":"9722560f-035a-4c75-8eb9-8c5910f7e7de","local_time":"20190601173626","is_ascension_mode":true,"campfire_choices":[{"data":"Catalyst","floor":6.0,"key":"SMITH"},{"floor":11.0,"key":"REST"},{"data":"Bouncing Flask","floor":13.0,"key":"SMITH"},{"floor":15.0,"key":"REST"},{"data":"Shame","floor":24.0,"key":"PURGE"},{"floor":32.0,"key":"REST"},{"data":"Strike_G","floor":40.0,"key":"PURGE"},{"floor":42.0,"key":"RECALL"},{"data":"Writhe","floor":49.0,"key":"PURGE"},{"floor":53,"key":"REST"}],"neow_cost":"NONE","seed_source_timestamp":1520087029103208,"circlet_count":0,"master_deck":["AscendersBane","Defend_G","Defend_G","Defend_G","Defend_G","Defend_G","Strike_G","Strike_G","Survivor","Neutralize","Footwork","After Image","Catalyst+1","Bouncing Flask+1","Poisoned Stab","Catalyst","Backstab","PiercingWail","Leg Sweep","Corpse Explosion","Crippling Poison","Backflip","PiercingWail","Die Die Die+1","Bouncing Flask","Leg Sweep","Bullet Time","Footwork","Dash+1","Noxious Fumes","Dodge and Roll"],"special_seed":0,"relics":["Ring of the Snake","Odd Mushroom","Darkstone Periapt","Letter Opener","Molten Egg 2","Snecko Eye","Snake Skull","Peace Pipe","PreservedInsect","Bottled Lightning","The Specimen","Paper Crane","Bottled Tornado","Busted Crown","Tingsha","Bag of Marbles","Gremlin Horn"],"potions_floor_usage":[56],"damage_taken":[{"damage":0.0,"enemies":"2 Louse","floor":1.0,"turns":3.0},{"damage":2.0,"enemies":"Jaw Worm","floor":3.0,"turns":7.0},{"damage":2.0,"enemies":"Cultist","floor":4.0,"turns":6.0},{"damage":8.0,"enemies":"Large Slime","floor":5.0,"turns":8.0},{"damage":13.0,"enemies":"The Mushroom Lair","floor":7.0,"turns":7.0},{"damage":7.0,"enemies":"Exordium Thugs","floor":8.0,"turns":5.0},{"damage":16.0,"enemies":"3 Sentries","floor":10.0,"turns":7.0},{"damage":29.0,"enemies":"Lagavulin","floor":12.0,"turns":6.0},{"damage":8.0,"enemies":"3 Louse","floor":14.0,"turns":6.0},{"damage":3.0,"enemies":"Hexaghost","floor":16.0,"turns":8.0},{"damage":3.0,"enemies":"Spheric Guardian","floor":18.0,"turns":3.0},{"damage":0.0,"enemies":"3 Byrds","floor":22.0,"turns":1.0},{"damage":20.0,"enemies":"Book of Stabbing","floor":23.0,"turns":4.0},{"damage":4.0,"enemies":"Snecko","floor":25.0,"turns":5.0},{"damage":0.0,"enemies":"Chosen and Byrds","floor":28.0,"turns":3.0},{"damage":34.0,"enemies":"Slavers","floor":29.0,"turns":2.0},{"damage":8.0,"enemies":"Snake Plant","floor":31.0,"turns":3.0},{"damage":11.0,"enemies":"Champ","floor":33.0,"turns":8.0},{"damage":0.0,"enemies":"3 Darklings","floor":35.0,"turns":2.0},{"damage":2.0,"enemies":"3 Shapes","floor":38.0,"turns":1.0},{"damage":4.0,"enemies":"Writhing Mass","floor":39.0,"turns":5.0},{"damage":13.0,"enemies":"Spire Growth","floor":41.0,"turns":4.0},{"damage":0.0,"enemies":"Nemesis","floor":44.0,"turns":3.0},{"damage":0.0,"enemies":"3 Darklings","floor":45.0,"turns":2.0},{"damage":3.0,"enemies":"4 Shapes","floor":46.0,"turns":3.0},{"damage":3.0,"enemies":"Giant Head","floor":47.0,"turns":5.0},{"damage":25,"enemies":"Time Eater","floor":50,"turns":6},{"damage":25,"enemies":"Donu and Deca","floor":51,"turns":4},{"damage":19,"enemies":"Shield and Spear","floor":55,"turns":3},{"damage":41,"enemies":"The Heart","floor":56,"turns":8}],"seed_played":"8147248634825876196","potions_obtained":[{"floor":3.0,"key":"Ancient Potion"},{"floor":5.0,"key":"Fire Potion"},{"floor":8.0,"key":"PowerPotion"},{"floor":12.0,"key":"SkillPotion"},{"floor":16.0,"key":"SteroidPotion"},{"floor":23.0,"key":"Poison Potion"},{"floor":29.0,"key":"AttackPotion"},{"floor":31.0,"key":"AttackPotion"},{"floor":44.0,"key":"GhostInAJar"},{"floor":45.0,"key":"LiquidBronze"}],"is_trial":false,"path_per_floor":["M","$","M","M","M","R","?","M","T","E","R","E","R","M","R","B",null,"M","?","$","?","M","E","R","M","T","?","M","E","T","M","R","B",null,"M","$","?","M","M","R","M","R","T","E","M","M","E","?","R","B","B",null,"R","$","E","B",null],"character_chosen":"THE_SILENT","items_purchased":["After Image","Snake Skull","Backflip","Footwork","Noxious Fumes","Dodge and Roll"],"campfire_rested":4,"item_purchase_floors":[2,20,20,36,54,54],"current_hp_per_floor":[65,65,63,61,53,53,40,33,33,17,38,9,9,1,22,19,59,56,56,56,62,62,42,42,38,38,44,44,10,10,2,27,16,67,67,67,67,65,61,61,48,48,48,48,48,45,42,65,65,40,15,71,90,90,71,30],"gold":42,"neow_bonus":"TEN_PERCENT_HP_BONUS","is_prod":false,"is_daily":false,"chose_seed":false,"campfire_upgraded":2,"win_rate":0,"timestamp":1559435786,"path_taken":["M","$","M","M","M","R","?","M","T","E","R","E","R","M","R","BOSS","M","?","?","?","M","E","R","M","T","?","M","E","?","M","R","BOSS","M","$","?","M","M","R","M","R","T","E","M","M","E","?","R","BOSS","BOSS","R","$","E","BOSS"],"build_version":"2019-01-23","purchased_purges":3,"victory":true,"max_hp_per_floor":[72,72,72,72,72,72,72,72,72,72,72,72,72,72,72,72,72,72,72,72,78,78,78,78,78,78,84,84,84,84,84,84,84,84,84,84,84,84,84,84,84,84,84,84,84,84,84,90,90,90,90,90,90,90,90,90],"card_choices":[{"not_picked":["Dagger Spray","Slice"],"picked":"Footwork","floor":1.0},{"not_picked":["Escape Plan","Acrobatics"],"picked":"Catalyst","floor":3.0},{"not_picked":["Tactician","PiercingWail"],"picked":"Bouncing Flask","floor":4.0},{"not_picked":["Bouncing Flask","Quick Slash"],"picked":"Poisoned Stab","floor":5.0},{"not_picked":["Grand Finale","PiercingWail"],"picked":"Catalyst","floor":7.0},{"not_picked":["Concentrate","Slice"],"picked":"Backstab","floor":8.0},{"not_picked":["Predator","Underhanded Strike","Sucker Punch"],"picked":"SKIP","floor":10.0},{"not_picked":["Bullet Time","Backflip"],"picked":"PiercingWail","floor":12.0},{"not_picked":["Acrobatics","Deflect"],"picked":"Leg Sweep","floor":14.0},{"not_picked":["After Image","Tools of the Trade"],"picked":"Corpse Explosion","floor":16.0},{"not_picked":["PiercingWail","Prepared"],"picked":"Crippling Poison","floor":18.0},{"not_picked":["Blur","Sucker Punch+1"],"picked":"PiercingWail","floor":22.0},{"not_picked":["Concentrate","Cloak And Dagger"],"picked":"Die Die Die+1","floor":23.0},{"not_picked":["Poisoned Stab+1","Slice+1"],"picked":"Bouncing Flask","floor":25.0},{"not_picked":["Accuracy","Deadly Poison","Flying Knee+1"],"picked":"SKIP","floor":28.0},{"not_picked":["Terror+1","Dodge and Roll"],"picked":"Leg Sweep","floor":29.0},{"not_picked":["Slice+1","Reflex","Deadly Poison"],"picked":"SKIP","floor":31.0},{"not_picked":["Glass Knife+1","Malaise"],"picked":"Bullet Time","floor":33.0},{"not_picked":["Backstab+1"],"picked":"SKIP","floor":35.0},{"not_picked":["Flying Knee+1"],"picked":"SKIP","floor":38.0},{"not_picked":[],"picked":"Dash+1","floor":39.0},{"not_picked":["Deflect+1"],"picked":"SKIP","floor":41.0},{"not_picked":["Bane+1"],"picked":"SKIP","floor":44.0},{"not_picked":["Slice+1"],"picked":"SKIP","floor":45.0},{"not_picked":["Cloak And Dagger+1"],"picked":"SKIP","floor":46.0},{"not_picked":["Bouncing Flask"],"picked":"SKIP","floor":47.0},{"not_picked":["Deflect"],"picked":"SKIP","floor":55}],"player_experience":764470,"relics_obtained":[{"floor":7.0,"key":"Odd Mushroom"},{"floor":9.0,"key":"Darkstone Periapt"},{"floor":10.0,"key":"Letter Opener"},{"floor":12.0,"key":"Molten Egg 2"},{"floor":23.0,"key":"PreservedInsect"},{"floor":26.0,"key":"Bottled Lightning"},{"floor":29.0,"key":"Paper Crane"},{"floor":30.0,"key":"Bottled Tornado"},{"floor":44.0,"key":"Tingsha"},{"floor":47.0,"key":"Bag of Marbles"},{"floor":55,"key":"Gremlin Horn"}],"event_choices":[{"damage_healed":0.0,"max_hp_gain":0.0,"max_hp_loss":0.0,"gold_gain":0.0,"event_name":"Mushrooms","player_choice":"Fought Mushrooms","floor":7.0,"gold_loss":0.0,"damage_taken":0.0},{"damage_healed":0.0,"max_hp_gain":0.0,"max_hp_loss":0.0,"gold_gain":50.0,"event_name":"Golden Shrine","player_choice":"Pray","floor":19.0,"gold_loss":0.0,"damage_taken":0.0},{"damage_healed":0.0,"max_hp_gain":0.0,"max_hp_loss":0.0,"gold_gain":0.0,"event_name":"Addict","player_choice":"Stole Relic","floor":21.0,"gold_loss":0.0,"damage_taken":0.0,"relics_obtained":["Peace Pipe"],"cards_obtained":["Shame"]},{"damage_healed":0.0,"max_hp_gain":0.0,"max_hp_loss":0.0,"gold_gain":0.0,"event_name":"The Mausoleum","player_choice":"Opened","floor":27.0,"gold_loss":0.0,"damage_taken":0.0,"relics_obtained":["The Specimen"],"cards_obtained":["Writhe"]},{"damage_healed":0.0,"max_hp_gain":0.0,"max_hp_loss":0.0,"gold_gain":0.0,"event_name":"SensoryStone","player_choice":"Memory 1","floor":37.0,"gold_loss":0.0,"damage_taken":0.0},{"damage_healed":17.0,"max_hp_gain":0.0,"max_hp_loss":0.0,"gold_gain":0.0,"event_name":"Winding Halls","player_choice":"Writhe","floor":48.0,"gold_loss":0.0,"damage_taken":0.0,"cards_obtained":["Writhe"]}],"is_beta":false,"boss_relics":[{"not_picked":["Ring of the Serpent","Calling Bell"],"picked":"Snecko Eye"},{"not_picked":["Pandora\u0027s Box","Empty Cage"],"picked":"Busted Crown"}],"items_purged_floors":[20,36,54],"is_endless":false,"potions_floor_spawned":[3,5,8,12,16,22,23,29,31,33,38,44,45],"ascension_level":20}