{"gold_per_floor":[19,30,45,45,6,38,38,48,48,48,75,92,92,124,124,224,224,238,238,238,258,0,35,35,68,68,0,0,19,33,33,33,128,128,141,241,241,7,27,27,59,59,59,8,8,33,50,84,84,84,84,84,45,76,76],"floor_reached":55,"playtime":2558,"items_purged":[],"score":1167,"play_id":"fbdb31ba-3220-4e1f-852a-faaad90ec91a","local_time":"20190621031337","is_ascension_mode":true,"campfire_choices":[{"data":"Seeing Red","floor":10,"key":"SMITH"},{"data":"Demon Form","floor":13,"key":"SMITH"},{"floor":15,"key":"REST"},{"floor":24,"key":"REST"},{"floor":28,"key":"RECALL"},{"floor":32,"key":"REST"},{"floor":40,"key":"REST"},{"data":"1","floor":42,"key":"LIFT"},{"data":"2","floor":45,"key":"LIFT"},{"data":"3","floor":49,"key":"LIFT"},{"floor":52,"key":"REST"}],"neow_cost":"NO_GOLD","seed_source_timestamp":0,"circlet_count":0,"master_deck":["Strike_R","Strike_R","Strike_R","Strike_R","Strike_R","Defend_R","Defend_R+1","Defend_R","Defend_R","Bash","Infernal Blade","Cleave","Flame Barrier+1","Inflame","Seeing Red+1","Demon Form+1","Feed","Inflame","Writhe","Shame","Iron Wave","Feel No Pain","Infernal Blade","Pummel","Reckless Charge","Wild Strike+1","Shockwave+1","Feed","Pummel","Bludgeon","Shrug It Off+1","Shrug It Off+1","Limit Break","Finesse","Ghostly Armor+1","Corruption","Whirlwind+1","Uppercut+1","Fiend Fire","Feel No Pain","Uppercut"],"special_seed":0,"relics":["Burning Blood","Mango","Anchor","Gremlin Horn","Charon\u0027s Ashes","Calipers","Snecko Eye","Lantern","Happy Flower","War Paint","Champion Belt","Fusion Hammer","Girya","Juzu Bracelet","Shuriken","PreservedInsect","Bag of Preparation","Bottled Lightning"],"potions_floor_usage":[2,6,14,23,29,30,33,35,39,41,46,46,50],"damage_taken":[{"damage":0.0,"enemies":"Small Slimes","floor":1.0,"turns":3.0},{"damage":0,"enemies":"Jaw Worm","floor":2,"turns":2},{"damage":5,"enemies":"2 Louse","floor":3,"turns":2},{"damage":6,"enemies":"Gremlin Nob","floor":6,"turns":3},{"damage":38,"enemies":"Exordium Thugs","floor":8,"turns":7},{"damage":0,"enemies":"3 Sentries","floor":11,"turns":4},{"damage":0,"enemies":"2 Fungi Beasts","floor":12,"turns":2},{"damage":24,"enemies":"Gremlin Nob","floor":14,"turns":5},{"damage":38,"enemies":"Slime Boss","floor":16,"turns":7},{"damage":4,"enemies":"Shell Parasite","floor":18,"turns":4},{"damage":17,"enemies":"Chosen","floor":21,"turns":5},{"damage":33,"enemies":"Book of Stabbing","floor":23,"turns":4},{"damage":23,"enemies":"Slavers","floor":25,"turns":4},{"damage":1,"enemies":"Centurion and Healer","floor":29,"turns":3},{"damage":7,"enemies":"Snecko","floor":30,"turns":3},{"damage":60,"enemies":"Collector","floor":33,"turns":7},{"damage":6,"enemies":"Orb Walker","floor":35,"turns":3},{"damage":6,"enemies":"Mind Bloom Boss Battle","floor":36,"turns":5},{"damage":25,"enemies":"3 Darklings","floor":39,"turns":4},{"damage":16,"enemies":"Reptomancer","floor":41,"turns":5},{"damage":5,"enemies":"Nemesis","floor":46,"turns":4},{"damage":3,"enemies":"Jaw Worm Horde","floor":47,"turns":2},{"damage":0,"enemies":"Reptomancer","floor":48,"turns":3},{"damage":12,"enemies":"Time Eater","floor":50,"turns":6},{"damage":65,"enemies":"Shield and Spear","floor":54,"turns":4},{"damage":78,"enemies":"The Heart","floor":55,"turns":3}],"seed_played":"5041541593769953436","potions_obtained":[{"floor":1.0,"key":"SkillPotion"},{"floor":2,"key":"Fire Potion"},{"floor":12,"key":"PowerPotion"},{"floor":21,"key":"Block Potion"},{"floor":25,"key":"Energy Potion"},{"floor":29,"key":"Ancient Potion"},{"floor":30,"key":"AttackPotion"},{"floor":33,"key":"Dexterity Potion"},{"floor":36,"key":"Dexterity Potion"},{"floor":39,"key":"FearPotion"},{"floor":41,"key":"Ancient Potion"},{"floor":48,"key":"LiquidBronze"}],"is_trial":false,"path_per_floor":["M","M","M","?","$","E","$","M","T","R","E","M","R","E","R","B",null,"M","?","?","M","$","E","R","E","T","?","R","M","M","?","R","B",null,"M","?","?","$","M","R","E","R","T","$","R","E","M","E","R","B",null,"R","$","E","B"],"character_chosen":"IRONCLAD","items_purchased":["Inflame","Feel No Pain","Infernal Blade","Pummel","Reckless Charge","Limit Break","Finesse","Swift Potion","Feel No Pain"],"campfire_rested":5,"item_purchase_floors":[5,22,22,22,22,38,38,44,53],"current_hp_per_floor":[92,94,94,94,94,94,94,62,62,62,68,74,74,56,84,52,84,86,86,86,75,75,48,76,62,62,62,62,67,69,69,99,48,89,92,95,95,95,76,108,98,98,98,98,98,99,105,111,111,105,110,112,112,53,0],"gold":76,"neow_bonus":"ONE_RARE_RELIC","is_prod":false,"is_daily":false,"chose_seed":false,"campfire_upgraded":2,"win_rate":0,"timestamp":1561101217,"path_taken":["M","M","M","?","$","E","$","M","T","R","E","M","R","E","R","BOSS","M","?","?","M","$","E","R","E","T","?","R","M","M","?","R","BOSS","M","?","?","$","M","R","E","R","T","$","R","E","M","E","R","BOSS","R","$","E","BOSS"],"build_version":"2019-06-19","purchased_purges":0,"victory":false,"max_hp_per_floor":[94,94,94,94,94,94,94,94,94,94,94,94,94,94,94,94,94,94,94,94,94,94,94,94,97,97,97,97,97,100,100,100,103,103,106,109,109,109,109,109,109,109,109,109,109,109,112,112,112,112,112,112,112,112,112],"card_choices":[{"not_picked":["Power Through","Armaments"],"picked":"Infernal Blade","floor":1.0},{"not_picked":["Entrench","Battle Trance"],"picked":"Cleave","floor":2},{"not_picked":["Burning Pact","Armaments"],"picked":"Flame Barrier","floor":3},{"not_picked":["Armaments","Intimidate","Entrench"],"picked":"SKIP","floor":6},{"not_picked":["Carnage","Clash"],"picked":"Seeing Red","floor":8},{"not_picked":["Rage","Havoc"],"picked":"Demon Form","floor":11},{"not_picked":["Perfected Strike","Entrench"],"picked":"Iron Wave","floor":12},{"not_picked":["Bloodletting","Metallicize","True Grit"],"picked":"SKIP","floor":14},{"not_picked":["Berserk","Immolate"],"picked":"Feed","floor":16},{"not_picked":["Shrug It Off","Searing Blow"],"picked":"Inflame","floor":18},{"not_picked":["Flex+1","Battle Trance+1"],"picked":"Iron Wave","floor":21},{"not_picked":["Headbutt","Spot Weakness"],"picked":"Wild Strike+1","floor":23},{"not_picked":["Wild Strike","Fire Breathing+1"],"picked":"Shockwave+1","floor":25},{"not_picked":["Rampage","Headbutt"],"picked":"Feed","floor":29},{"not_picked":["Clothesline","Body Slam"],"picked":"Pummel","floor":30},{"not_picked":["Exhume","Fiend Fire"],"picked":"Bludgeon","floor":33},{"not_picked":["Anger+1","Twin Strike+1"],"picked":"Shrug It Off+1","floor":35},{"not_picked":["Thunderclap+1","Anger"],"picked":"Shrug It Off+1","floor":36},{"not_picked":["Wild Strike","Body Slam"],"picked":"Ghostly Armor+1","floor":39},{"not_picked":["Immolate","Twin Strike+1"],"picked":"Corruption","floor":41},{"not_picked":["Shrug It Off","Pommel Strike+1"],"picked":"Whirlwind+1","floor":46},{"not_picked":["Cleave+1","Pommel Strike+1"],"picked":"Uppercut+1","floor":47},{"not_picked":["Flame Barrier","Cleave"],"picked":"Fiend Fire","floor":48},{"not_picked":["Hemokinesis+1","Searing Blow+1"],"picked":"Uppercut","floor":54}],"player_experience":1104628,"relics_obtained":[{"floor":6,"key":"Anchor"},{"floor":9,"key":"Gremlin Horn"},{"floor":11,"key":"Charon\u0027s Ashes"},{"floor":14,"key":"Calipers"},{"floor":23,"key":"War Paint"},{"floor":25,"key":"Champion Belt"},{"floor":36,"key":"Girya"},{"floor":41,"key":"Juzu Bracelet"},{"floor":43,"key":"Shuriken"},{"floor":46,"key":"PreservedInsect"},{"floor":48,"key":"Bag of Preparation"},{"floor":54,"key":"Bottled Lightning"}],"event_choices":[{"damage_healed":0,"gold_gain":0,"player_choice":"Leave","damage_taken":0,"max_hp_gain":0,"max_hp_loss":0,"event_name":"The Cleric","floor":4,"gold_loss":0},{"damage_healed":0,"gold_gain":0,"player_choice":"Opened","damage_taken":0,"relics_obtained":["Lantern"],"max_hp_gain":0,"max_hp_loss":0,"event_name":"The Mausoleum","floor":19,"gold_loss":0,"cards_obtained":["Writhe"]},{"damage_healed":0,"gold_gain":0,"player_choice":"Stole Relic","damage_taken":0,"relics_obtained":["Happy Flower"],"max_hp_gain":0,"max_hp_loss":0,"event_name":"Addict","floor":20,"gold_loss":0,"cards_obtained":["Shame"]},{"damage_healed":0,"gold_gain":0,"player_choice":"Paid Fearfully","damage_taken":0,"max_hp_gain":0,"max_hp_loss":0,"event_name":"Masked Bandits","floor":27,"gold_loss":68},{"damage_healed":0,"gold_gain":0,"player_choice":"Ignored","damage_taken":0,"max_hp_gain":0,"max_hp_loss":0,"event_name":"N\u0027loth","floor":31,"gold_loss":0},{"damage_healed":0,"gold_gain":0,"player_choice":"Fight","damage_taken":0,"max_hp_gain":0,"max_hp_loss":0,"event_name":"MindBloom","floor":36,"gold_loss":0},{"cards_removed":["Iron Wave"],"damage_healed":0,"gold_gain":0,"player_choice":"Removed Attack","damage_taken":0,"max_hp_gain":0,"max_hp_loss":0,"event_name":"Falling","floor":37,"gold_loss":0}],"is_beta":true,"boss_relics":[{"not_picked":["Orrery","Runic Cube"],"picked":"Snecko Eye"},{"not_picked":["Velvet Choker","Philosopher\u0027s Stone"],"picked":"Fusion Hammer"}],"items_purged_floors":[],"is_endless":false,"potions_floor_spawned":[1,2,12,21,25,29,30,33,36,39,41,48],"killed_by":"The Heart","ascension_level":7}