{"gold_per_floor":[117,117,3,13,63,93,107,140,140,151,480,530,60,70,70,167,167,156,206,219,269],"floor_reached":21,"playtime":1191,"items_purged":[],"score":314,"play_id":"1f565bd2-dbd0-4a54-abee-ff7e728037af","local_time":"20190706181006","is_ascension_mode":true,"campfire_choices":[{"data":"Body Slam","floor":15,"key":"SMITH"}],"neow_cost":"NONE","seed_source_timestamp":10056855757300,"circlet_count":0,"master_deck":["Strike_R","Strike_R","Strike_R","Strike_R","Strike_R","Defend_R","Defend_R","Defend_R","Defend_R","Bash","Flame Barrier","Bandage Up","Armaments","Entrench","Power Through","Wild Strike","Body Slam+1","Parasite","Second Wind","Impervious","Dual Wield","Hemokinesis","Whirlwind","Metallicize+1"],"relics":["Burning Blood","NeowsBlessing","SsserpentHead","Matryoshka","Orichalcum","Anchor","Meat on the Bone","Old Coin","Self Forming Clay","Orrery","Nloth\u0027s Gift"],"potions_floor_usage":[7,8,16,16,18],"damage_taken":[{"damage":0,"enemies":"2 Louse","floor":1,"turns":1},{"damage":0,"enemies":"Cultist","floor":4,"turns":1},{"damage":0,"enemies":"Lagavulin","floor":6,"turns":1},{"damage":0,"enemies":"Small Slimes","floor":7,"turns":2},{"damage":50,"enemies":"Gremlin Nob","floor":8,"turns":6},{"damage":0,"enemies":"Exordium Wildlife","floor":10,"turns":4},{"damage":32,"enemies":"Lagavulin","floor":11,"turns":8},{"damage":0,"enemies":"Red Slaver","floor":14,"turns":3},{"damage":45,"enemies":"Hexaghost","floor":16,"turns":16},{"damage":23,"enemies":"2 Thieves","floor":18,"turns":5},{"damage":26,"enemies":"Spheric Guardian","floor":20,"turns":12},{"damage":58,"enemies":"3 Cultists","floor":21,"turns":7}],"seed_played":"3990186495077377401","potions_obtained":[{"floor":1,"key":"Ancient Potion"},{"floor":4,"key":"Explosive Potion"},{"floor":11,"key":"Energy Potion"},{"floor":14,"key":"Dexterity Potion"},{"floor":16,"key":"Poison Potion"}],"is_trial":false,"path_per_floor":["M","?","$","M","$","E","M","E","T","M","E","?","$","M","R","B",null,"M","?","M","M"],"character_chosen":"IRONCLAD","items_purchased":["Bandage Up","Armaments","Self Forming Clay","Toy Ornithopter"],"campfire_rested":0,"item_purchase_floors":[3,3,13,13],"current_hp_per_floor":[78,78,78,80,80,80,80,40,40,50,42,62,62,72,72,57,74,63,63,47,0],"gold":269,"neow_bonus":"THREE_ENEMY_KILL","is_prod":false,"is_daily":false,"chose_seed":false,"campfire_upgraded":1,"win_rate":0,"timestamp":1562451006,"path_taken":["M","?","$","M","?","E","M","E","T","M","E","?","$","M","R","BOSS","M","?","M","?"],"build_version":"2019-07-03","purchased_purges":0,"victory":false,"max_hp_per_floor":[80,80,80,80,80,80,80,80,80,80,80,80,80,80,80,80,80,80,80,80,80],"card_choices":[{"not_picked":["Metallicize","Twin Strike"],"picked":"Flame Barrier","floor":1},{"not_picked":["Clothesline","Corruption"],"picked":"Entrench","floor":4},{"not_picked":["Twin Strike","Entrench"],"picked":"Power Through","floor":6},{"not_picked":["Cleave","Headbutt"],"picked":"Wild Strike","floor":7},{"not_picked":["Shrug It Off","Twin Strike"],"picked":"Body Slam","floor":8},{"not_picked":["Headbutt","Berserk","Twin Strike"],"picked":"SKIP","floor":10},{"not_picked":["Hemokinesis","True Grit","Cleave"],"picked":"SKIP","floor":11},{"not_picked":["Havoc","Clothesline"],"picked":"Second Wind","floor":14},{"not_picked":["Limit Break","Bludgeon"],"picked":"Impervious","floor":16},{"not_picked":["Havoc","Iron Wave"],"picked":"Dual Wield","floor":17},{"not_picked":["Battle Trance","True Grit"],"picked":"Hemokinesis","floor":17},{"not_picked":["Shockwave","Iron Wave"],"picked":"Whirlwind","floor":17},{"not_picked":["Flex","Clash+1"],"picked":"Metallicize+1","floor":18},{"not_picked":["Flex","Shrug It Off","Headbutt"],"picked":"SKIP","floor":20}],"player_experience":1206086,"relics_obtained":[{"floor":6,"key":"Matryoshka"},{"floor":8,"key":"Orichalcum"},{"floor":9,"key":"Anchor"},{"floor":9,"key":"Meat on the Bone"},{"floor":11,"key":"Old Coin"}],"event_choices":[{"damage_healed":0,"gold_gain":0,"player_choice":"Trade","damage_taken":0,"relics_obtained":["SsserpentHead"],"max_hp_gain":0,"max_hp_loss":0,"event_name":"FaceTrader","floor":2,"gold_loss":0},{"damage_healed":20,"gold_gain":0,"player_choice":"Healed and dodged fight","damage_taken":0,"max_hp_gain":0,"max_hp_loss":0,"event_name":"Mushrooms","floor":12,"gold_loss":0,"cards_obtained":["Parasite"]},{"damage_healed":0,"gold_gain":0,"player_choice":"Traded Relic","damage_taken":0,"relics_obtained":["Nloth\u0027s Gift"],"max_hp_gain":0,"max_hp_loss":0,"event_name":"N\u0027loth","floor":19,"relics_lost":["Toy Ornithopter"],"gold_loss":0}],"is_beta":true,"boss_relics":[{"not_picked":["Ectoplasm","Eternal Feather"],"picked":"Orrery"}],"items_purged_floors":[],"is_endless":false,"potions_floor_spawned":[1,4,11,14,16],"killed_by":"3 Cultists","ascension_level":8}