{"gold_per_floor":[117,117,117,131,131,158,176,176,201,213,225,249,295,307,319,331],"floor_reached":16,"playtime":728,"items_purged":[],"score":135,"play_id":"6f325c30-b422-4f60-b75e-bedb376212be","local_time":"20190629182232","is_ascension_mode":true,"campfire_choices":[{"floor":8,"key":"REST"},{"floor":10,"key":"RECALL"},{"floor":15,"key":"REST"}],"neow_cost":"NONE","seed_source_timestamp":185352627334100,"circlet_count":0,"master_deck":["Strike_B+1","Strike_B","Strike_B","Strike_B","Defend_B","Defend_B","Defend_B","Defend_B","Zap+1","Dualcast","Cold Snap","Defragment+1","Rebound","Leap","Fusion","Machine Learning"],"relics":["Cracked Core","Regal Pillow","Juzu Bracelet","MawBank","CultistMask","Orichalcum"],"potions_floor_usage":[6,7,12,13],"damage_taken":[{"damage":1,"enemies":"Cultist","floor":1,"turns":3},{"damage":0,"enemies":"Small Slimes","floor":4,"turns":3},{"damage":24,"enemies":"3 Sentries","floor":6,"turns":9},{"damage":0,"enemies":"2 Louse","floor":7,"turns":2},{"damage":13,"enemies":"Exordium Thugs","floor":12,"turns":4},{"damage":29,"enemies":"Lagavulin","floor":13,"turns":7},{"damage":75,"enemies":"Hexaghost","floor":16,"turns":14}],"seed_played":"1796015923466507822","potions_obtained":[{"floor":4,"key":"Regen Potion"},{"floor":6,"key":"Block Potion"},{"floor":7,"key":"Poison Potion"},{"floor":12,"key":"AttackPotion"}],"is_trial":false,"path_per_floor":["M","T","?","M","?","E","M","R","T","R","?","M","E","?","R","B"],"character_chosen":"DEFECT","items_purchased":[],"campfire_rested":2,"item_purchase_floors":[],"current_hp_per_floor":[74,74,67,67,52,43,43,75,75,75,75,62,33,58,75,0],"gold":331,"neow_bonus":"UPGRADE_CARD","is_prod":false,"is_daily":false,"chose_seed":false,"campfire_upgraded":0,"win_rate":0,"timestamp":1561846952,"path_taken":["M","?","?","M","?","E","M","R","T","R","?","M","E","?","R","BOSS"],"build_version":"2019-06-28","purchased_purges":0,"victory":false,"max_hp_per_floor":[75,75,75,75,75,75,75,75,75,75,75,75,75,75,75,75],"card_choices":[{"not_picked":["Hologram","Streamline"],"picked":"Cold Snap","floor":1},{"not_picked":["Consume","Conserve Battery"],"picked":"Defragment","floor":4},{"not_picked":["Compile Driver","Recycle"],"picked":"Rebound","floor":6},{"not_picked":["Beam Cell","Auto Shields"],"picked":"Leap","floor":7},{"not_picked":["Streamline","Lockon"],"picked":"Fusion","floor":12},{"not_picked":["Conserve Battery","Leap"],"picked":"Machine Learning","floor":13}],"player_experience":1149333,"relics_obtained":[{"floor":6,"key":"Juzu Bracelet"},{"floor":9,"key":"MawBank"},{"floor":13,"key":"Orichalcum"}],"event_choices":[{"damage_healed":0,"gold_gain":0,"player_choice":"Success","damage_taken":7,"relics_obtained":["Regal Pillow"],"max_hp_gain":0,"max_hp_loss":0,"event_name":"Scrap Ooze","floor":3,"gold_loss":0},{"damage_healed":0,"gold_gain":0,"player_choice":"Entered Light","damage_taken":15,"max_hp_gain":0,"max_hp_loss":0,"event_name":"Shining Light","floor":5,"gold_loss":0,"cards_upgraded":["Strike_B","Defragment"]},{"damage_healed":0,"gold_gain":0,"player_choice":"Trade","damage_taken":0,"relics_obtained":["CultistMask"],"max_hp_gain":0,"max_hp_loss":0,"event_name":"FaceTrader","floor":11,"gold_loss":0},{"damage_healed":25,"gold_gain":0,"player_choice":"Banana","damage_taken":0,"max_hp_gain":0,"max_hp_loss":0,"event_name":"Big Fish","floor":14,"gold_loss":0}],"is_beta":true,"boss_relics":[],"items_purged_floors":[],"is_endless":false,"potions_floor_spawned":[4,6,7,12],"killed_by":"Hexaghost","ascension_level":5}