{"gold_per_floor":[110,128,12,12,31,66,66,95,120,139,4,20,20,35,35,130,130,146,146,164,164,164,164,180,197,279,279],"floor_reached":27,"playtime":1270,"items_purged":[],"score":309,"play_id":"6675157a-bf51-4863-be2a-5956b65929b0","local_time":"20180712155806","is_ascension_mode":true,"campfire_choices":[{"floor":7,"key":"REST"},{"floor":13,"key":"REST"},{"floor":15,"key":"REST"},{"data":"Flame Barrier","floor":23,"key":"SMITH"}],"neow_cost":"TEN_PERCENT_HP_LOSS","seed_source_timestamp":303712805564953,"circlet_count":0,"master_deck":["Defend_R","Defend_R","Defend_R","Defend_R","Bash+1","Feel No Pain","Metallicize","Flame Barrier+1","Rupture","Bloodletting","Cleave","Wild Strike","Metallicize","Pummel","Flex","True Grit","Shockwave","Rupture","Reaper","Havoc+1","Hemokinesis","Battle Trance","Ghostly","Ghostly","Ghostly","Ghostly","Ghostly","Bite","Bite","Bite","Bite","Bite","Burning Pact+1","Feel No Pain"],"relics":["Black Blood","Magic Flower","Strawberry","Whetstone","Orichalcum","Smiling Mask"],"potions_floor_usage":[2,6,6,16,25],"damage_taken":[{"damage":5,"enemies":"Small Slimes","floor":1,"turns":4},{"damage":12,"enemies":"Jaw Worm","floor":2,"turns":2},{"damage":2,"enemies":"Cultist","floor":5,"turns":5},{"damage":52,"enemies":"Gremlin Nob","floor":6,"turns":6},{"damage":49,"enemies":"Lagavulin","floor":8,"turns":10},{"damage":9,"enemies":"Red Slaver","floor":10,"turns":3},{"damage":6,"enemies":"Looter","floor":12,"turns":5},{"damage":0,"enemies":"2 Fungi Beasts","floor":14,"turns":3},{"damage":47,"enemies":"The Guardian","floor":16,"turns":11},{"damage":32,"enemies":"Chosen","floor":18,"turns":7},{"damage":17,"enemies":"Shell Parasite","floor":20,"turns":6},{"damage":23,"enemies":"Snake Plant","floor":24,"turns":5},{"damage":24,"enemies":"Snecko","floor":25,"turns":8},{"damage":37,"enemies":"3 Cultists","floor":27,"turns":6}],"seed_played":"-4443703859016217537","potions_obtained":[{"floor":1,"key":"Strength Potion"},{"floor":2,"key":"GamblersBrew"},{"floor":5,"key":"Strength Potion"},{"floor":10,"key":"GamblersBrew"},{"floor":24,"key":"Fire Potion"}],"is_trial":false,"path_per_floor":["M","M","$","?","M","E","R","E","T","M","$","M","R","M","R","B",null,"M","?","M","?","?","R","M","M","T"],"character_chosen":"IRONCLAD","items_purchased":["Flame Barrier","Rupture","Pummel","Flex","True Grit"],"campfire_rested":3,"item_purchase_floors":[3,3,11,11,11],"current_hp_per_floor":[72,69,69,69,72,36,59,19,19,19,19,22,45,54,77,39,79,71,71,69,39,27,27,27,27,27,0],"gold":279,"neow_bonus":"ONE_RARE_RELIC","is_prod":false,"is_daily":false,"chose_seed":false,"campfire_upgraded":1,"win_rate":0,"timestamp":1531425486,"path_taken":["M","M","$","?","?","E","R","E","T","M","$","?","R","M","R","BOSS","M","?","?","?","?","R","M","M","T","M"],"build_version":"2018-07-11","purchased_purges":0,"victory":false,"max_hp_per_floor":[72,72,72,72,72,79,79,79,79,79,79,79,79,79,79,79,79,79,79,79,39,27,27,27,27,27,27],"card_choices":[{"not_picked":["Ghostly Armor","Searing Blow"],"picked":"Feel No Pain","floor":1},{"not_picked":["Warcry","Clash"],"picked":"Metallicize","floor":2},{"not_picked":["Anger","Heavy Blade"],"picked":"Bloodletting","floor":5},{"not_picked":["Juggernaut","Uppercut"],"picked":"Cleave","floor":6},{"not_picked":["Spot Weakness","Pommel Strike"],"picked":"Wild Strike","floor":8},{"not_picked":["Burning Pact","Reckless Charge"],"picked":"Metallicize","floor":10},{"not_picked":["Fire Breathing","Bloodletting"],"picked":"Shockwave","floor":12},{"not_picked":["Combust","Wild Strike"],"picked":"Rupture","floor":14},{"not_picked":["Bludgeon","Double Tap"],"picked":"Reaper","floor":16},{"not_picked":["Cleave","Shrug It Off+1"],"picked":"Havoc+1","floor":18},{"not_picked":["Rampage","Body Slam"],"picked":"Battle Trance","floor":20},{"not_picked":["Armaments","Clash"],"picked":"Burning Pact+1","floor":24},{"not_picked":["Twin Strike","Perfected Strike"],"picked":"Feel No Pain","floor":25}],"player_experience":401455,"relics_obtained":[{"floor":6,"key":"Strawberry"},{"floor":8,"key":"Whetstone"},{"floor":9,"key":"Orichalcum"},{"floor":26,"key":"Smiling Mask"}],"event_choices":[{"event_name":"The Cleric","player_choice":"Leave","floor":4,"damage_taken":0},{"event_name":"The Library","player_choice":"Read","floor":19,"damage_taken":0},{"event_name":"Ghosts","player_choice":"Became a Ghost","floor":21,"damage_taken":0},{"event_name":"Vampires","player_choice":"Became a vampire","floor":22,"damage_taken":0}],"boss_relics":[{"not_picked":["Fusion Hammer","Eternal Feather"],"picked":"Black Blood"}],"items_purged_floors":[],"is_endless":false,"potions_floor_spawned":[1,2,5,10,24],"killed_by":"3 Cultists","ascension_level":3}