{"path_per_floor":["M","$","T","M","?","E","R","?","T","M","M","$","$","M","R","B",null,"M","?","?","M","M","M","R","M","T","E","R","M","?","M","R"],"character_chosen":"IRONCLAD","items_purchased":["Madness","Infernal Blade","Reckless Charge"],"gold_per_floor":[110,12,39,52,52,86,86,86,86,98,118,44,6,18,18,119,119,132,132,132,145,161,181,181,194,241,267,267,283,183,193,193],"floor_reached":33,"campfire_rested":5,"playtime":1317,"current_hp_per_floor":[45,45,45,51,35,22,46,46,46,52,58,58,58,64,80,16,80,71,55,55,56,33,26,50,51,51,8,32,34,34,27,51],"items_purged":[],"gold":193,"score":269,"play_id":"e349ef76-a3ed-422e-b3bb-867ed3b5d90d","local_time":"20180312044535","is_prod":false,"is_daily":false,"is_ascension_mode":false,"campfire_upgraded":0,"timestamp":1520844335,"path_taken":["M","?","?","?","?","E","R","?","T","M","?","?","$","?","R","BOSS","M","?","?","M","M","M","R","M","T","E","R","M","?","M","R","BOSS"],"build_version":"2018-03-09","purchased_purges":0,"victory":false,"master_deck":["Strike_R","Strike_R","Strike_R","Strike_R","Defend_R","Defend_R+1","Defend_R+1","Dual Wield","Carnage","Havoc","Madness","Shrug It Off","Flame Barrier","Thunderclap","Carnage","Inflame","Infernal Blade","Reckless Charge","Havoc","Power Through","Limit Break","Twin Strike","Necronomicurse","Body Slam+1","Flex+1","Dual Wield","Heavy Blade","Barricade","Heavy Blade","Wild Strike","Iron Wave","J.A.X.","Heavy Blade","Demon Form+1"],"max_hp_per_floor":[80,80,80,80,80,80,80,80,80,80,80,80,80,80,80,80,80,80,80,80,80,80,80,80,80,80,80,80,80,80,80,80],"relics":["Burning Blood","Pen Nib","Dream Catcher","Thread and Needle","Sozu","Necronomicon","Ancient Tea Set","Omamori","Frozen Egg 2"],"card_choices":[{"not_picked":["Disarm","Burning Pact"],"picked":"Havoc"},{"not_picked":["Dropkick","Anger"],"picked":"Shrug It Off"},{"not_picked":["Clash","True Grit"],"picked":"Flame Barrier"},{"not_picked":["Battle Trance","Disarm"],"picked":"Thunderclap"},{"not_picked":["Second Wind","Warcry"],"picked":"Carnage"},{"not_picked":["Pommel Strike","Clash"],"picked":"Inflame"},{"not_picked":["Second Wind","True Grit"],"picked":"Havoc"},{"not_picked":["Pommel Strike","Disarm"],"picked":"Power Through"},{"not_picked":["Brutality","Berserk"],"picked":"Limit Break"},{"not_picked":["Uppercut","Armaments"],"picked":"Twin Strike"},{"not_picked":["Intimidate","Thunderclap"],"picked":"Body Slam"},{"not_picked":["Rampage","Sentinel"],"picked":"Flex"},{"not_picked":["Rage","Headbutt"],"picked":"Dual Wield"},{"not_picked":["Evolve","Bloodletting"],"picked":"Heavy Blade"},{"not_picked":["Flex","Combust"],"picked":"Barricade"},{"not_picked":["Headbutt","Pummel"],"picked":"Heavy Blade"},{"not_picked":["Armaments","Dropkick"],"picked":"Wild Strike"},{"not_picked":["Headbutt","Dropkick"],"picked":"Iron Wave"},{"not_picked":["Wild Strike","Feel No Pain"],"picked":"Heavy Blade"},{"not_picked":["Disarm","Havoc"],"picked":"Demon Form"}],"player_experience":404057,"potions_floor_usage":[6,21],"damage_taken":[{"damage":1,"enemies":"Cultist","floor":1,"turns":3},{"damage":0,"enemies":"2 Louse","floor":4,"turns":3},{"damage":19,"enemies":"Lagavulin","floor":6,"turns":8},{"damage":0,"enemies":"Jaw Worm","floor":10,"turns":4},{"damage":0,"enemies":"Looter","floor":11,"turns":4},{"damage":0,"enemies":"2 Fungi Beasts","floor":14,"turns":3},{"damage":70,"enemies":"The Guardian","floor":16,"turns":11},{"damage":15,"enemies":"Spheric Guardian","floor":18,"turns":4},{"damage":5,"enemies":"Shell Parasite","floor":21,"turns":4},{"damage":29,"enemies":"Snake Plant","floor":22,"turns":3},{"damage":13,"enemies":"Centurion and Healer","floor":23,"turns":3},{"damage":5,"enemies":"3 Cultists","floor":25,"turns":5},{"damage":49,"enemies":"Book of Stabbing","floor":27,"turns":6},{"damage":4,"enemies":"Snake Plant","floor":29,"turns":3},{"damage":13,"enemies":"Slaver and Parasite","floor":31,"turns":5},{"damage":53,"enemies":"Collector","floor":33,"turns":8}],"event_choices":[{"event_name":"Shining Light","player_choice":"Entered Light","floor":5,"damage_taken":0},{"event_name":"Purifier","player_choice":"One Purge","floor":8,"damage_taken":0},{"event_name":"Cursed Tome","player_choice":"Obtained Book","floor":19,"damage_taken":0},{"event_name":"The Mausoleum","player_choice":"Yes","floor":20,"damage_taken":0},{"event_name":"Drug Dealer","player_choice":"Got JAXXED","floor":30,"damage_taken":0}],"boss_relics":[{"not_picked":["Runic Cube","Runic Dome"],"picked":"Sozu"}],"potions_floor_spawned":[1,4,21,22,29],"seed_played":"3054892546235130204","killed_by":"Collector","ascension_level":0,"is_trial":false}