{"path_per_floor":["M","?","M","?","?","E","R","M","T","M","?","$","M","M","R"],"character_chosen":"IRONCLAD","items_purchased":["Thread and Needle","Flex"],"gold_per_floor":[144,144,189,189,189,279,279,324,324,369,369,20,65,110,110],"floor_reached":16,"campfire_rested":2,"playtime":798,"current_hp_per_floor":[80,64,70,70,70,42,75,75,75,75,75,75,75,75,70],"items_purged":[],"gold":110,"score":102,"play_id":"a16998ae-88e4-4eca-90c7-bbd61ddfd3b3","local_time":"20180315000009","daily_mods":["Time Dilation","Midas","Night Terrors"],"is_prod":false,"is_daily":true,"is_ascension_mode":false,"campfire_upgraded":0,"timestamp":1521086409,"path_taken":["M","?","M","?","?","E","R","?","T","M","?","?","M","M","R","BOSS"],"build_version":"2018-03-09","purchased_purges":0,"victory":false,"master_deck":["Strike_R","Strike_R","Strike_R","Strike_R","Defend_R","Defend_R+1","Defend_R","Defend_R","Bash","Seeing Red+1","Twin Strike","Regret","Double Tap","Ghostly Armor","Armaments","Fire Breathing","Flex","Pommel Strike","Seeing Red"],"max_hp_per_floor":[80,80,80,80,80,80,75,75,75,75,75,75,75,75,70],"relics":["Burning Blood","Anchor","Lantern","Omamori","Thread and Needle"],"card_choices":[{"not_picked":["Bloodletting","Iron Wave"],"picked":"Seeing Red"},{"not_picked":["Iron Wave","Headbutt"],"picked":"Twin Strike"},{"not_picked":["Burning Pact","Reckless Charge"],"picked":"Double Tap"},{"not_picked":["Warcry","Body Slam"],"picked":"Ghostly Armor"},{"not_picked":["Evolve","Headbutt"],"picked":"Armaments"},{"not_picked":["Wild Strike","Disarm"],"picked":"Pommel Strike"},{"not_picked":["Heavy Blade","Wild Strike"],"picked":"Seeing Red"}],"player_experience":440432,"potions_floor_usage":[14,16,16,16],"damage_taken":[{"damage":1,"enemies":"Jaw Worm","floor":1,"turns":3},{"damage":0,"enemies":"Small Slimes","floor":3,"turns":4},{"damage":34,"enemies":"Lagavulin","floor":6,"turns":8},{"damage":2,"enemies":"Cultist","floor":8,"turns":2},{"damage":6,"enemies":"Large Slime","floor":10,"turns":7},{"damage":2,"enemies":"Exordium Thugs","floor":13,"turns":5},{"damage":0,"enemies":"3 Louse","floor":14,"turns":3},{"damage":72,"enemies":"Hexaghost","floor":16,"turns":15}],"event_choices":[{"event_name":"Shining Light","player_choice":"Entered Light","floor":2,"damage_taken":0},{"event_name":"Big Fish","player_choice":"Box","floor":4,"damage_taken":0},{"event_name":"Golden Wing","player_choice":"Ignored","floor":5,"damage_taken":0},{"event_name":"Transmorgrifier","player_choice":"Transform","floor":11,"damage_taken":0}],"boss_relics":[],"potions_floor_spawned":[1,3,8,14],"seed_played":"-8839551872236863781","killed_by":"Hexaghost","ascension_level":0,"is_trial":false}