{"gold_per_floor":[117,132,132,143,143,167,167,206,259,328,347,347,347,81,81,81],"floor_reached":16,"playtime":532,"items_purged":["Strike_B"],"score":200,"play_id":"f7415640-3fb4-436f-a736-decead1bf2e6","local_time":"20190526130628","is_ascension_mode":true,"campfire_choices":[{"data":"Zap","floor":7.0,"key":"SMITH"},{"floor":12,"key":"REST"},{"data":"Defragment","floor":15,"key":"SMITH"}],"neow_cost":"NONE","seed_source_timestamp":987224835655251,"circlet_count":0,"master_deck":["AscendersBane","Strike_B","Strike_B","Defend_B","Defend_B","Defend_B","Defend_B","Zap+1","Dualcast","Sweeping Beam","Cold Snap","Capacitor","Coolheaded","Hologram","Conserve Battery","Defragment+1"],"special_seed":0,"relics":["Cracked Core","Juzu Bracelet","Golden Idol","Mummified Hand","Happy Flower","Bag of Preparation"],"potions_floor_usage":[11,16,16],"damage_taken":[{"damage":4.0,"enemies":"Jaw Worm","floor":1.0,"turns":4.0},{"damage":1.0,"enemies":"Cultist","floor":2.0,"turns":4.0},{"damage":5.0,"enemies":"Small Slimes","floor":4.0,"turns":3.0},{"damage":5.0,"enemies":"Looter","floor":6.0,"turns":3.0},{"damage":22.0,"enemies":"3 Sentries","floor":8.0,"turns":5.0},{"damage":14.0,"enemies":"3 Sentries","floor":10.0,"turns":7.0},{"damage":10,"enemies":"Large Slime","floor":11,"turns":5},{"damage":18,"enemies":"Slime Boss","floor":16,"turns":10}],"seed_played":"8203178331004430213","potions_obtained":[{"floor":1.0,"key":"Block Potion"},{"floor":3.0,"key":"Explosive Potion"},{"floor":8.0,"key":"Swift Potion"}],"is_trial":false,"path_per_floor":["M","M","?","M","?","M","R","E","T","?","M","R","?","$","R","B"],"character_chosen":"DEFECT","items_purchased":["Defragment","PowerPotion","Block Potion"],"campfire_rested":1,"item_purchase_floors":[14,14,14],"current_hp_per_floor":[60,59,59,54,54,49,49,27,27,13,3,22,15,15,15,0],"gold":81,"neow_bonus":"RANDOM_COMMON_RELIC","is_prod":false,"is_daily":false,"chose_seed":false,"campfire_upgraded":2,"win_rate":0,"timestamp":1558901188,"path_taken":["M","M","?","M","?","M","R","E","T","?","M","R","?","$","R","BOSS"],"build_version":"2019-01-23","purchased_purges":1,"victory":false,"max_hp_per_floor":[71,71,71,71,64,64,64,64,64,64,64,64,64,64,64,64],"card_choices":[{"not_picked":["Scrape","Streamline"],"picked":"Sweeping Beam","floor":1.0},{"not_picked":["Beam Cell","Compile Driver"],"picked":"Cold Snap","floor":2.0},{"not_picked":["Redo","Turbo"],"picked":"Capacitor","floor":4.0},{"not_picked":["Go for the Eyes","BootSequence"],"picked":"Coolheaded","floor":6.0},{"not_picked":["Stack","Beam Cell","Steam"],"picked":"SKIP","floor":8.0},{"not_picked":["Beam Cell","Stack"],"picked":"Hologram","floor":10.0},{"not_picked":["Auto Shields","Gash"],"picked":"Conserve Battery","floor":11}],"player_experience":736706,"relics_obtained":[{"floor":8.0,"key":"Mummified Hand"},{"floor":9.0,"key":"Happy Flower"},{"floor":10.0,"key":"Bag of Preparation"}],"event_choices":[{"damage_healed":0.0,"max_hp_gain":0.0,"max_hp_loss":0.0,"gold_gain":0.0,"event_name":"Lab","player_choice":"Got Potions","floor":3.0,"gold_loss":0.0,"damage_taken":0.0},{"damage_healed":0.0,"max_hp_gain":0.0,"max_hp_loss":7.0,"gold_gain":0.0,"event_name":"Golden Idol","player_choice":"Lose Max HP","floor":5.0,"gold_loss":0.0,"damage_taken":0.0,"relics_obtained":["Golden Idol"]},{"damage_healed":0.0,"max_hp_gain":0.0,"max_hp_loss":0.0,"gold_gain":0.0,"event_name":"Dead Adventurer","player_choice":"Searched \u00271\u0027 times","floor":10.0,"gold_loss":0.0,"damage_taken":0.0},{"cards_removed":["Strike_B"],"damage_healed":0,"gold_gain":0,"player_choice":"Card Removal","damage_taken":7,"max_hp_gain":0,"max_hp_loss":0,"event_name":"Golden Wing","floor":13,"gold_loss":0}],"is_beta":false,"boss_relics":[],"items_purged_floors":[14],"is_endless":false,"potions_floor_spawned":[1,4,8],"killed_by":"Slime Boss","ascension_level":20}