{"gold_per_floor":[113,113,125,125,145,170,170,187,187,112,162,193,193,204,204,280,280,280,180,180,55,55,55,1,1,1,1,1],"floor_reached":28,"playtime":1113,"items_purged":["Strike_G","Strike_G","Strike_G"],"score":517,"play_id":"cf46c213-a704-455c-9a5e-8cf8be76aadd","local_time":"20190601221224","is_ascension_mode":true,"campfire_choices":[{"data":"Glass Knife","floor":7,"key":"SMITH"},{"data":"Well Laid Plans","floor":13,"key":"SMITH"},{"floor":15,"key":"REST"},{"data":"Burst","floor":25,"key":"SMITH"}],"neow_cost":"NONE","seed_source_timestamp":1537816142098527,"circlet_count":0,"master_deck":["AscendersBane","Defend_G","Defend_G","Defend_G+1","Defend_G","Defend_G","Strike_G+1","Strike_G","Survivor","Neutralize","Infinite Blades","Well Laid Plans+1","Slice","Glass Knife+1","Leg Sweep","Dodge and Roll","Burst+1","Flechettes","Backflip","Backflip"],"special_seed":0,"relics":["Ring of the Snake","Mango","Bird Faced Urn","Ectoplasm","Bottled Flame","Ancient Tea Set"],"potions_floor_usage":[14,16,23,23,23],"damage_taken":[{"damage":0.0,"enemies":"2 Louse","floor":1.0,"turns":4.0},{"damage":3.0,"enemies":"Jaw Worm","floor":3.0,"turns":5.0},{"damage":1.0,"enemies":"Cultist","floor":5.0,"turns":4.0},{"damage":17.0,"enemies":"3 Sentries","floor":6.0,"turns":10.0},{"damage":2,"enemies":"Large Slime","floor":8,"turns":6},{"damage":19,"enemies":"Gremlin Nob","floor":12,"turns":4},{"damage":8,"enemies":"Exordium Thugs","floor":14,"turns":5},{"damage":18,"enemies":"Slime Boss","floor":16,"turns":9},{"damage":3,"enemies":"3 Byrds","floor":18,"turns":7},{"damage":20,"enemies":"Chosen","floor":22,"turns":8},{"damage":18,"enemies":"Slavers","floor":23,"turns":8},{"damage":13,"enemies":"Snecko","floor":27,"turns":9},{"damage":44,"enemies":"Gremlin Leader","floor":28,"turns":6}],"seed_played":"3185202986623105832","potions_obtained":[{"floor":1.0,"key":"Block Potion"},{"floor":5.0,"key":"SpeedPotion"},{"floor":8,"key":"Strength Potion"},{"floor":14,"key":"Fire Potion"},{"floor":20,"key":"EntropicBrew"}],"is_trial":false,"path_per_floor":["M","?","M","?","M","E","R","M","T","$","?","E","R","M","R","B",null,"M","$","?","$","M","E","$","R","T","M","E"],"character_chosen":"THE_SILENT","items_purchased":["Backflip"],"campfire_rested":1,"item_purchase_floors":[24],"current_hp_per_floor":[65,65,62,40,39,22,22,20,34,34,34,15,15,11,36,22,70,71,71,71,71,55,41,41,41,41,32,0],"gold":1,"neow_bonus":"TEN_PERCENT_HP_BONUS","is_prod":false,"is_daily":false,"chose_seed":false,"campfire_upgraded":3,"win_rate":0,"timestamp":1559452344,"path_taken":["M","?","M","?","M","E","R","M","T","$","?","E","R","?","R","BOSS","M","$","?","?","M","E","$","R","T","?","E"],"build_version":"2019-01-23","purchased_purges":3,"victory":false,"max_hp_per_floor":[72,72,72,72,72,72,72,72,86,86,86,86,86,86,86,86,86,86,86,86,86,86,86,86,86,86,86,86],"card_choices":[{"not_picked":["Escape Plan","Bane"],"picked":"Infinite Blades","floor":1.0},{"not_picked":["Backflip","Flechettes"],"picked":"Well Laid Plans","floor":3.0},{"not_picked":["Caltrops","Prepared"],"picked":"Slice","floor":5.0},{"not_picked":["Sucker Punch","Poisoned Stab"],"picked":"Glass Knife","floor":6},{"not_picked":["Blur","Cloak And Dagger"],"picked":"Leg Sweep","floor":8},{"not_picked":["Catalyst","Endless Agony","Sucker Punch"],"picked":"SKIP","floor":12},{"not_picked":["Dagger Spray","Slice"],"picked":"Dodge and Roll","floor":14},{"not_picked":["Die Die Die","Glass Knife"],"picked":"Burst","floor":16},{"not_picked":["Concentrate+1","Sucker Punch"],"picked":"Flechettes","floor":18},{"not_picked":["Slice","Caltrops","Outmaneuver"],"picked":"SKIP","floor":22},{"not_picked":["Underhanded Strike","Prepared","Reflex"],"picked":"SKIP","floor":23},{"not_picked":["Underhanded Strike","Prepared"],"picked":"Backflip","floor":27}],"player_experience":770119,"relics_obtained":[{"floor":9,"key":"Mango"},{"floor":12,"key":"Bird Faced Urn"},{"floor":23,"key":"Bottled Flame"},{"floor":26,"key":"Ancient Tea Set"}],"event_choices":[{"damage_healed":0.0,"max_hp_gain":0.0,"max_hp_loss":0.0,"gold_gain":0.0,"event_name":"Liars Game","player_choice":"Ignored","floor":2.0,"gold_loss":0.0,"damage_taken":0.0},{"damage_healed":0.0,"max_hp_gain":0.0,"max_hp_loss":0.0,"gold_gain":0.0,"event_name":"Shining Light","player_choice":"Entered Light","floor":4.0,"gold_loss":0.0,"damage_taken":22.0,"cards_upgraded":["Defend_G","Strike_G"]},{"damage_healed":0,"gold_gain":50,"player_choice":"Pray","damage_taken":0,"max_hp_gain":0,"max_hp_loss":0,"event_name":"Golden Shrine","floor":11,"gold_loss":0},{"damage_healed":0,"gold_gain":0,"player_choice":"Got Potions","damage_taken":0,"max_hp_gain":0,"max_hp_loss":0,"event_name":"Lab","floor":20,"gold_loss":0}],"is_beta":false,"boss_relics":[{"not_picked":["Eternal Feather","Philosopher\u0027s Stone"],"picked":"Ectoplasm"}],"items_purged_floors":[10,19,21],"is_endless":false,"potions_floor_spawned":[1,5,8,14,22],"killed_by":"Gremlin Leader","ascension_level":20}