{"gold_per_floor":[110,120,131,144,161,190,190,203,203,237,237,237,237,237,237,363,363,376,417,417,93,93,93,431,431,457,471,471,275,296,335,335,335],"floor_reached":33,"playtime":1246,"items_purged":[],"score":460,"play_id":"5161d00c-d0ea-4a52-9633-9ad6b5a927e6","local_time":"20190705015711","is_ascension_mode":true,"campfire_choices":[{"data":"Spot Weakness","floor":7,"key":"SMITH"},{"data":"Seeing Red","floor":11,"key":"SMITH"},{"floor":13,"key":"REST"},{"data":"Evolve","floor":15,"key":"SMITH"},{"floor":23,"key":"REST"},{"floor":28,"key":"REST"},{"floor":32,"key":"REST"}],"neow_cost":"NONE","seed_source_timestamp":90542801726100,"circlet_count":0,"master_deck":["Strike_R","Strike_R","Strike_R","Strike_R","Defend_R","Defend_R","Defend_R","Defend_R","Bash","Clash","Spot Weakness+1","Anger","Clash","Clash","Seeing Red+1","Rage","Wild Strike+1","Evolve+1","Limit Break","Headbutt+1","Clash+1","Flame Barrier"],"relics":["Burning Blood","Molten Egg 2","Bottled Lightning","Orichalcum","Golden Idol","Lizard Tail","Red Mask","Nilry\u0027s Codex","Singing Bowl","Old Coin","Pear","Bag of Marbles","Toolbox","Sundial"],"potions_floor_usage":[3,10,10,16,19,31,31],"damage_taken":[{"damage":6,"enemies":"Cultist","floor":1,"turns":4},{"damage":2,"enemies":"Jaw Worm","floor":2,"turns":4},{"damage":1,"enemies":"2 Louse","floor":3,"turns":3},{"damage":6,"enemies":"Blue Slaver","floor":4,"turns":3},{"damage":1,"enemies":"3 Louse","floor":5,"turns":3},{"damage":25,"enemies":"Lagavulin","floor":6,"turns":4},{"damage":0,"enemies":"Exordium Wildlife","floor":8,"turns":1},{"damage":19,"enemies":"3 Sentries","floor":10,"turns":5},{"damage":42,"enemies":"Hexaghost","floor":16,"turns":7},{"damage":7,"enemies":"Chosen","floor":18,"turns":3},{"damage":44,"enemies":"Masked Bandits","floor":19,"turns":4},{"damage":88,"enemies":"Slavers","floor":24,"turns":6},{"damage":5,"enemies":"Shell Parasite","floor":27,"turns":2},{"damage":20,"enemies":"Snake Plant","floor":30,"turns":3},{"damage":24,"enemies":"Gremlin Leader","floor":31,"turns":5},{"damage":80,"enemies":"Champ","floor":33,"turns":7}],"seed_played":"-3759699649083426537","potions_obtained":[{"floor":1,"key":"Block Potion"},{"floor":2,"key":"LiquidBronze"},{"floor":6,"key":"Poison Potion"},{"floor":10,"key":"PowerPotion"},{"floor":18,"key":"Weak Potion"},{"floor":24,"key":"SpeedPotion"},{"floor":27,"key":"Strength Potion"}],"is_trial":false,"path_per_floor":["M","M","M","M","M","E","R","M","T","E","R","?","R","?","R","B",null,"M","?","?","$","?","R","E","T","T","M","R","$","M","E","R","B"],"character_chosen":"IRONCLAD","items_purchased":["Singing Bowl","Flame Barrier","Toolbox"],"campfire_rested":4,"item_purchase_floors":[21,21,29],"current_hp_per_floor":[80,84,88,88,88,69,69,75,75,62,62,62,81,81,81,45,72,71,33,17,17,44,68,29,39,39,42,70,70,58,42,71,0],"gold":335,"neow_bonus":"TEN_PERCENT_HP_BONUS","is_prod":false,"is_daily":false,"chose_seed":false,"campfire_upgraded":3,"win_rate":0,"timestamp":1562306231,"path_taken":["M","M","M","?","M","E","R","M","T","E","R","?","R","?","R","BOSS","M","?","?","$","?","R","E","?","T","M","R","?","?","E","R","BOSS"],"build_version":"2019-07-03","purchased_purges":0,"victory":false,"max_hp_per_floor":[88,88,88,88,88,88,88,88,88,88,88,81,81,81,81,81,81,81,81,81,81,81,81,83,93,93,95,95,95,97,99,99,99],"card_choices":[{"not_picked":["Thunderclap","Sword Boomerang"],"picked":"Clash","floor":1},{"not_picked":["Iron Wave","Shrug It Off"],"picked":"Spot Weakness","floor":2},{"not_picked":["Intimidate","Armaments"],"picked":"Anger","floor":3},{"not_picked":["Corruption","Thunderclap"],"picked":"Clash","floor":4},{"not_picked":["Sword Boomerang","Entrench"],"picked":"Clash","floor":5},{"not_picked":["Sever Soul","Perfected Strike"],"picked":"Seeing Red","floor":6},{"not_picked":["Anger+1","Exhume"],"picked":"Rage","floor":8},{"not_picked":["Shrug It Off","Perfected Strike+1"],"picked":"Wild Strike+1","floor":10},{"not_picked":["Offering","Double Tap"],"picked":"Limit Break","floor":16},{"not_picked":["Disarm+1","Cleave+1"],"picked":"Headbutt+1","floor":18},{"not_picked":["Reckless Charge+1","Armaments"],"picked":"Clash+1","floor":19},{"not_picked":["Iron Wave+1","Ghostly Armor","Disarm"],"picked":"Singing Bowl","floor":24},{"not_picked":["Intimidate","Iron Wave+1","Blood for Blood+1"],"picked":"Singing Bowl","floor":27},{"not_picked":["Reckless Charge+1","Twin Strike+1","Perfected Strike+1"],"picked":"Singing Bowl","floor":30},{"not_picked":["Reckless Charge+1","Juggernaut","Disarm"],"picked":"Singing Bowl","floor":31}],"player_experience":1188924,"relics_obtained":[{"floor":6,"key":"Molten Egg 2"},{"floor":9,"key":"Bottled Lightning"},{"floor":10,"key":"Orichalcum"},{"floor":19,"key":"Red Mask"},{"floor":20,"key":"Nilry\u0027s Codex"},{"floor":24,"key":"Old Coin"},{"floor":25,"key":"Pear"},{"floor":26,"key":"Bag of Marbles"},{"floor":31,"key":"Sundial"}],"event_choices":[{"damage_healed":0,"gold_gain":0,"player_choice":"Lose Max HP","damage_taken":0,"relics_obtained":["Golden Idol"],"max_hp_gain":0,"max_hp_loss":7,"event_name":"Golden Idol","floor":12,"gold_loss":0},{"damage_healed":0,"gold_gain":0,"cards_transformed":["Strike_R"],"player_choice":"Change","damage_taken":0,"max_hp_gain":0,"max_hp_loss":0,"event_name":"Living Wall","floor":14,"gold_loss":0,"cards_obtained":["Evolve"]},{"damage_healed":0,"gold_gain":0,"player_choice":"Fought Bandits","damage_taken":0,"max_hp_gain":0,"max_hp_loss":0,"event_name":"Masked Bandits","floor":19,"gold_loss":0},{"damage_healed":0,"gold_gain":0,"player_choice":"Obtained Book","damage_taken":16,"max_hp_gain":0,"max_hp_loss":0,"event_name":"Cursed Tome","floor":20,"gold_loss":0},{"damage_healed":27,"gold_gain":0,"player_choice":"Heal","damage_taken":0,"max_hp_gain":0,"max_hp_loss":0,"event_name":"The Library","floor":22,"gold_loss":0}],"is_beta":true,"boss_relics":[{"not_picked":["Runic Dome","Empty Cage"],"picked":"Lizard Tail"}],"items_purged_floors":[],"is_endless":false,"potions_floor_spawned":[1,2,6,10,18,24,27],"killed_by":"Champ","ascension_level":8}