{"gold_per_floor":[119,135,135,148,148,174,174,200,254,287,287,297,313,328,328,431,431,447,467,467,5,19,19,19,35,82,82,82,82,82,101,101,205,205,221,231,231,245,261,293,308,308,308,308,9,9,20,20,20,115,115,127,145,145,158,158,192,192,210,210,9,9,34,109,124,124,250,250,270,290,215,234,248,248,248,261,304,324,324,68,84,84,84,209,209,228,291,21,37,37,37,37],"floor_reached":92,"playtime":3547,"items_purged":[],"score":1604,"play_id":"90d9c7af-dec3-43a5-b9de-e494f9b63bb9","local_time":"20180725201144","daily_mods":["Draft"],"is_ascension_mode":false,"campfire_choices":[{"data":"Uppercut","floor":7,"key":"SMITH"},{"floor":11,"key":"REST"},{"data":"Immolate","floor":15,"key":"SMITH"},{"data":"Demon Form","floor":23,"key":"SMITH"},{"floor":28,"key":"REST"},{"floor":32,"key":"REST"},{"data":"Demon Form","floor":46,"key":"SMITH"},{"data":"Bite","floor":49,"key":"SMITH"},{"data":"Infernal Blade","floor":58,"key":"SMITH"},{"floor":62,"key":"REST"},{"data":"Juggernaut","floor":66,"key":"SMITH"},{"floor":74,"key":"REST"},{"data":"Barricade","floor":83,"key":"SMITH"},{"data":"Immolate","floor":91,"key":"SMITH"}],"neow_cost":"","seed_source_timestamp":0,"circlet_count":0,"master_deck":["Iron Wave","Seeing Red","Seeing Red+1","Iron Wave","Inflame","Whirlwind","Thunderclap","Wild Strike+1","Cleave","Reckless Charge","Pommel Strike","Shrug It Off","Pommel Strike","Armaments","Uppercut+1","Shrug It Off","Infernal Blade+1","Flame Barrier","Flame Barrier","Immolate+1","Ghostly Armor","Shrug It Off","Ghostly Armor","Demon Form+1","Shrug It Off","Headbutt+1","Bite+1","Bite","Bite","Bite","Bite","Master of Strategy+1","Inflame","Armaments+1","Flame Barrier+1","Limit Break+1","Dropkick+1","Anger+1","Bandage Up+1","Jack Of All Trades+1","Discovery+1","Sentinel+1","Shrug It Off+1","Armaments+1","Demon Form+1","Clumsy","Madness+1","Madness+1","Disarm+1","Double Tap+1","Sword Boomerang","Dual Wield+1","Regret","Cleave","Injury","Armaments+1","Juggernaut+1","Ghostly Armor+1","Infernal Blade+1","Barricade+1","Power Through+1","Headbutt+1","Body Slam+1","Thunderclap+1","Power Through+1","Immolate+1","Pommel Strike","Pummel+1","Writhe","Impervious+1","Thunderclap+1","Power Through+1","Feel No Pain","Sever Soul+1"],"relics":["Black Blood","Odd Mushroom","Boot","Bag of Marbles","Lizard Tail","Toxic Egg 2","Happy Flower","Oddly Smooth Stone","Enchiridion","Pantograph","Cursed Key","Vajra","Magic Flower","Ice Cream","Philosopher\u0027s Stone","Letter Opener","Golden Idol","Pear","OrangePellets","Mark of Pain","Molten Egg 2","Gambling Chip","Mango","Medical Kit"],"potions_floor_usage":[6,8,13,16,22,25,38,39,40,50,53,57,59,65,72,72,73,86],"damage_taken":[{"damage":2,"enemies":"2 Louse","floor":1,"turns":2},{"damage":6,"enemies":"Jaw Worm","floor":2,"turns":2},{"damage":0,"enemies":"Small Slimes","floor":4,"turns":2},{"damage":14,"enemies":"3 Sentries","floor":6,"turns":5},{"damage":13,"floor":8,"turns":3},{"damage":18,"enemies":"Lagavulin","floor":10,"turns":4},{"damage":0,"enemies":"Exordium Wildlife","floor":12,"turns":1},{"damage":0,"enemies":"Exordium Thugs","floor":13,"turns":1},{"damage":0,"enemies":"2 Fungi Beasts","floor":14,"turns":3},{"damage":8,"enemies":"Slime Boss","floor":16,"turns":7},{"damage":0,"enemies":"3 Byrds","floor":18,"turns":4},{"damage":2,"enemies":"2 Thieves","floor":19,"turns":3},{"damage":13,"enemies":"Snake Plant","floor":22,"turns":4},{"damage":31,"enemies":"3 Cultists","floor":25,"turns":5},{"damage":11,"enemies":"Sentry and Sphere","floor":31,"turns":4},{"damage":43,"enemies":"Champ","floor":33,"turns":12},{"damage":0,"enemies":"Orb Walker","floor":35,"turns":3},{"damage":11,"enemies":"Flame Bruiser 1 Orb","floor":36,"turns":5},{"damage":7,"enemies":"Spire Growth","floor":38,"turns":4},{"damage":17,"enemies":"Sphere and 2 Shapes","floor":39,"turns":4},{"damage":4,"enemies":"2 Orb Walkers","floor":40,"turns":4},{"damage":0,"enemies":"3 Darklings","floor":41,"turns":1},{"damage":3,"enemies":"Flame Bruiser 2 Orb","floor":47,"turns":5},{"damage":70,"enemies":"Donu and Deca","floor":50,"turns":7},{"damage":14,"enemies":"Cultist","floor":52,"turns":3},{"damage":4,"enemies":"Small Slimes","floor":53,"turns":2},{"damage":0,"enemies":"2 Louse","floor":55,"turns":1},{"damage":11,"enemies":"Gremlin Nob","floor":57,"turns":3},{"damage":24,"enemies":"Exordium Thugs","floor":59,"turns":3},{"damage":10,"enemies":"3 Louse","floor":63,"turns":2},{"damage":15,"enemies":"Large Slime","floor":65,"turns":2},{"damage":2,"enemies":"Slime Boss","floor":67,"turns":6},{"damage":0,"enemies":"Chosen","floor":69,"turns":3},{"damage":39,"enemies":"Shell Parasite","floor":70,"turns":5},{"damage":56,"enemies":"Chosen and Byrds","floor":72,"turns":5},{"damage":22,"enemies":"Centurion and Healer","floor":73,"turns":3},{"damage":57,"enemies":"Snake Plant","floor":76,"turns":3},{"damage":76,"enemies":"Book of Stabbing","floor":77,"turns":4},{"damage":24,"enemies":"Cultist and Chosen","floor":78,"turns":3},{"damage":0,"enemies":"Sentry and Sphere","floor":81,"turns":3},{"damage":52,"enemies":"Collector","floor":84,"turns":7},{"damage":1,"enemies":"3 Darklings","floor":86,"turns":4},{"damage":14,"floor":87,"turns":2},{"damage":20,"enemies":"3 Shapes","floor":89,"turns":3},{"damage":160,"enemies":"2 Orb Walkers","floor":92,"turns":4}],"seed_played":"4779840848485699095","potions_obtained":[{"floor":4,"key":"Dexterity Potion"},{"floor":6,"key":"Poison Potion"},{"floor":10,"key":"SteroidPotion"},{"floor":12,"key":"SkillPotion"},{"floor":16,"key":"EssenceOfSteel"},{"floor":22,"key":"Regen Potion"},{"floor":33,"key":"FearPotion"},{"floor":35,"key":"Explosive Potion"},{"floor":36,"key":"Weak Potion"},{"floor":47,"key":"Energy Potion"},{"floor":52,"key":"SkillPotion"},{"floor":55,"key":"Poison Potion"},{"floor":57,"key":"GamblersBrew"},{"floor":63,"key":"Explosive Potion"},{"floor":65,"key":"Ancient Potion"},{"floor":70,"key":"EssenceOfSteel"},{"floor":72,"key":"BloodPotion"},{"floor":78,"key":"FairyPotion"},{"floor":84,"key":"EssenceOfSteel"}],"is_trial":true,"path_per_floor":["M","M","?","M","?","E","R","?","T","E","R","M","M","M","R","B",null,"M","M","?","$","M","R","?","M","T","?","R","?","?","M","R","B",null,"M","M","?","M","M","E","M","?","T","?","$","R","M","$","R","B",null,"M","M","?","M","?","E","R","M","T","$","R","M","?","M","R","B",null,"M","M","?","M","M","R","?","M","E","M","?","$","M","?","R","B",null,"M","?","$","M","$","R"],"character_chosen":"IRONCLAD","items_purchased":["Toxic Egg 2","Master of Strategy+1","Ice Cream","OrangePellets","Molten Egg 2","Medical Kit","Feel No Pain"],"campfire_rested":5,"item_purchase_floors":[21,21,45,61,80,88,88],"current_hp_per_floor":[80,80,64,70,70,62,62,57,57,47,71,79,80,80,80,78,80,80,80,80,80,73,73,73,62,62,62,80,64,64,61,80,58,80,80,77,67,72,67,80,80,80,80,70,70,70,80,80,80,25,80,80,80,80,80,80,78,78,66,76,76,90,89,78,84,84,90,90,90,63,63,35,42,69,69,30,44,35,65,65,86,86,86,65,90,90,104,104,104,104,104,0],"gold":37,"neow_bonus":"","is_prod":false,"is_daily":false,"chose_seed":false,"campfire_upgraded":9,"win_rate":0,"timestamp":1532563904,"path_taken":["M","M","?","M","?","E","R","?","T","E","R","M","M","M","R","BOSS","M","M","?","$","M","R","?","M","T","?","R","?","?","M","R","BOSS","M","M","?","M","?","E","?","?","T","?","$","R","M","?","R","BOSS","M","?","?","M","?","E","R","M","T","?","R","M","?","?","R","BOSS","M","M","?","?","M","R","?","M","E","M","?","$","M","?","R","BOSS","M","?","$","?","$","R","E"],"build_version":"2018-07-24","purchased_purges":0,"victory":false,"max_hp_per_floor":[80,80,80,80,80,80,80,80,80,80,80,80,80,80,80,80,80,80,80,80,80,80,80,80,80,80,80,80,80,80,80,80,80,80,80,80,80,80,80,80,80,80,80,80,80,80,80,80,80,80,80,80,80,80,80,80,80,80,80,90,90,90,90,90,90,90,90,90,90,90,90,90,90,90,90,90,90,90,90,90,90,90,90,90,90,90,104,104,104,104,104,104],"card_choices":[{"not_picked":["Sword Boomerang","Warcry"],"picked":"Iron Wave","floor":0},{"not_picked":["Carnage","Sword Boomerang"],"picked":"Seeing Red","floor":0},{"not_picked":["Shockwave","Warcry"],"picked":"Seeing Red","floor":0},{"not_picked":["Havoc","Cleave"],"picked":"Iron Wave","floor":0},{"not_picked":["Anger","Rampage"],"picked":"Inflame","floor":0},{"not_picked":["Armaments","Clash"],"picked":"Whirlwind","floor":0},{"not_picked":["Second Wind","Body Slam"],"picked":"Thunderclap","floor":0},{"not_picked":["Heavy Blade","Warcry"],"picked":"Wild Strike","floor":0},{"not_picked":["Headbutt","Thunderclap"],"picked":"Cleave","floor":0},{"not_picked":["Clash","Second Wind"],"picked":"Reckless Charge","floor":0},{"not_picked":["Clothesline","Shrug It Off"],"picked":"Pommel Strike","floor":0},{"not_picked":["Cleave","Heavy Blade"],"picked":"Shrug It Off","floor":0},{"not_picked":["Flex","Body Slam"],"picked":"Wild Strike","floor":0},{"not_picked":["Headbutt","Body Slam"],"picked":"Pommel Strike","floor":0},{"not_picked":["Sword Boomerang","Heavy Blade"],"picked":"Armaments","floor":0},{"not_picked":["Dual Wield","Twin Strike"],"picked":"Uppercut","floor":1},{"not_picked":["Second Wind","Thunderclap"],"picked":"Shrug It Off","floor":2},{"not_picked":["Wild Strike","Evolve"],"picked":"Infernal Blade","floor":4},{"not_picked":["Headbutt","Dropkick"],"picked":"Flame Barrier","floor":6},{"not_picked":["Pommel Strike","Shrug It Off"],"picked":"Flame Barrier","floor":8},{"not_picked":["Headbutt","Body Slam"],"picked":"Immolate","floor":10},{"not_picked":["Rupture","Body Slam"],"picked":"Ghostly Armor","floor":12},{"not_picked":["Disarm","Rage"],"picked":"Shrug It Off","floor":13},{"not_picked":["True Grit","Cleave"],"picked":"Ghostly Armor","floor":14},{"not_picked":["Berserk","Exhume"],"picked":"Demon Form","floor":16},{"not_picked":["Twin Strike+1","Clash"],"picked":"Shrug It Off","floor":18},{"not_picked":["Second Wind","Battle Trance"],"picked":"Headbutt+1","floor":19},{"not_picked":["Heavy Blade+1","Combust+1"],"picked":"Inflame","floor":22},{"not_picked":["Perfected Strike","Blood for Blood"],"picked":"Armaments+1","floor":25},{"not_picked":["Twin Strike","Flex+1"],"picked":"Flame Barrier+1","floor":31},{"not_picked":["Berserk","Exhume+1"],"picked":"Limit Break+1","floor":33},{"not_picked":["Sever Soul","Whirlwind"],"picked":"Dropkick+1","floor":35},{"not_picked":["Havoc+1","Intimidate+1"],"picked":"Anger+1","floor":36},{"not_picked":["Secret Technique+1","Trip+1"],"picked":"Bandage Up+1","floor":37},{"not_picked":["Thinking Ahead+1","Chrysalis+1"],"picked":"Jack Of All Trades+1","floor":37},{"not_picked":["PanicButton+1","Flash of Steel"],"picked":"Discovery+1","floor":37},{"not_picked":["Perfected Strike+1","Cleave"],"picked":"Sentinel+1","floor":38},{"not_picked":["Havoc+1","Perfected Strike"],"picked":"Shrug It Off+1","floor":39},{"not_picked":["Wild Strike","Shrug It Off+1"],"picked":"Armaments+1","floor":40},{"not_picked":["Clothesline+1","Cleave+1"],"picked":"Demon Form","floor":41},{"not_picked":["Feel No Pain","Intimidate+1"],"picked":"Disarm+1","floor":47},{"not_picked":["Juggernaut","Bludgeon"],"picked":"Double Tap+1","floor":50},{"not_picked":["Perfected Strike","Hemokinesis"],"picked":"Sword Boomerang","floor":52},{"not_picked":["True Grit+1","Havoc+1"],"picked":"Dual Wield+1","floor":53},{"not_picked":["Twin Strike","Pommel Strike"],"picked":"Cleave","floor":55},{"not_picked":["Body Slam","Headbutt"],"picked":"Armaments+1","floor":57},{"not_picked":["Anger","Bloodletting+1"],"picked":"Juggernaut","floor":59},{"not_picked":["Havoc+1","Blood for Blood"],"picked":"Ghostly Armor+1","floor":63},{"not_picked":["Flex+1","Headbutt"],"picked":"Infernal Blade+1","floor":65},{"not_picked":["Bludgeon","Demon Form"],"picked":"Barricade","floor":67},{"not_picked":["Body Slam","Warcry+1"],"picked":"Power Through+1","floor":69},{"not_picked":["Pummel","Clothesline"],"picked":"Headbutt+1","floor":70},{"not_picked":["Headbutt+1","Perfected Strike"],"picked":"Body Slam+1","floor":72},{"not_picked":["Warcry+1","Sword Boomerang+1"],"picked":"Thunderclap+1","floor":73},{"not_picked":["Sever Soul","Battle Trance+1"],"picked":"Power Through+1","floor":76},{"not_picked":["True Grit+1","Perfected Strike"],"picked":"Immolate","floor":77},{"not_picked":["Intimidate+1","Wild Strike"],"picked":"Pommel Strike","floor":78},{"not_picked":["Flex+1","Rage+1"],"picked":"Pummel+1","floor":81},{"not_picked":["Double Tap+1","Immolate+1"],"picked":"Impervious+1","floor":84},{"not_picked":["Wild Strike+1","Anger+1"],"picked":"Thunderclap+1","floor":86},{"not_picked":["Dual Wield+1","Pommel Strike+1"],"picked":"Power Through+1","floor":87},{"not_picked":["Armaments+1","Cleave+1"],"picked":"Sever Soul+1","floor":89}],"player_experience":504373,"relics_obtained":[{"floor":6,"key":"Blood Vial"},{"floor":8,"key":"Odd Mushroom"},{"floor":9,"key":"Boot"},{"floor":10,"key":"Bag of Marbles"},{"floor":26,"key":"Happy Flower"},{"floor":29,"key":"Enchiridion"},{"floor":40,"key":"Vajra"},{"floor":43,"key":"Magic Flower"},{"floor":60,"key":"Pear"},{"floor":87,"key":"Mango"}],"event_choices":[{"event_name":"Shining Light","player_choice":"Entered Light","floor":3,"damage_taken":0},{"event_name":"The Cleric","player_choice":"Leave","floor":5,"damage_taken":0},{"event_name":"Mushrooms","player_choice":"Fought Mushrooms","floor":8,"damage_taken":0},{"event_name":"Vampires","player_choice":"Became a vampire (Vial)","floor":20,"damage_taken":0},{"event_name":"Back to Basics","player_choice":"Elegance","floor":24,"damage_taken":0},{"event_name":"Wheel of Change","player_choice":"Relic","floor":27,"damage_taken":0},{"event_name":"Cursed Tome","player_choice":"Obtained Book","floor":29,"damage_taken":0},{"event_name":"The Mausoleum","player_choice":"Yes","floor":30,"damage_taken":0},{"event_name":"SensoryStone","player_choice":"Memory 3","floor":37,"damage_taken":0},{"event_name":"Tomb of Lord Red Mask","player_choice":"Ignored","floor":42,"damage_taken":0},{"event_name":"Winding Halls","player_choice":"Embrace Madness","floor":44,"damage_taken":0},{"event_name":"Big Fish","player_choice":"Box","floor":54,"damage_taken":0},{"event_name":"Golden Idol","player_choice":"Take Wound","floor":56,"damage_taken":0},{"event_name":"World of Goop","player_choice":"Gather Gold","floor":64,"damage_taken":0},{"event_name":"Beggar","player_choice":"Gave Gold","floor":71,"damage_taken":0},{"event_name":"Drug Dealer","player_choice":"Ignored","floor":75,"damage_taken":0},{"event_name":"The Library","player_choice":"Heal","floor":79,"damage_taken":0},{"event_name":"The Mausoleum","player_choice":"Yes","floor":82,"damage_taken":0},{"event_name":"Mysterious Sphere","player_choice":"Fight","floor":87,"damage_taken":0}],"is_beta":true,"boss_relics":[{"not_picked":["Velvet Choker","Black Star"],"picked":"Lizard Tail"},{"not_picked":["Astrolabe","Calling Bell"],"picked":"Cursed Key"},{"not_picked":["Coffee Dripper","Pandora\u0027s Box"],"picked":"Philosopher\u0027s Stone"},{"not_picked":["Runic Dome","Velvet Choker"],"picked":"Mark of Pain"},{"not_picked":["Eternal Feather","Sozu"],"picked":"Black Blood"}],"items_purged_floors":[],"is_endless":true,"potions_floor_spawned":[4,6,10,12,16,22,33,35,36,47,52,55,57,63,65,70,72,78,84],"killed_by":"2 Orb Walkers","ascension_level":0}