{"gold_per_floor":[117,117,142,1,0,0,33,49,49,49,62,12,12,46,46,169,169,187,67,67,87,103,103,137,137,161,161,199,212,18,34,34,157,157,176,192,1191,1255,958,958,976,976,976,976,990,1008,1029,268,268,268],"floor_reached":50,"playtime":2083,"items_purged":[],"score":718,"play_id":"7d9d3353-a129-49ee-b1e8-a128e9cdc6a7","local_time":"20190416092700","is_ascension_mode":true,"campfire_choices":[{"data":"Chaos","floor":6,"key":"SMITH"},{"data":"Double Energy","floor":10,"key":"SMITH"},{"data":"Streamline","floor":13,"key":"SMITH"},{"floor":15,"key":"REST"},{"data":"Dualcast","floor":23,"key":"SMITH"},{"floor":27,"key":"REST"},{"floor":32,"key":"REST"},{"floor":40,"key":"REST"},{"floor":49,"key":"REST"}],"neow_cost":"NONE","seed_source_timestamp":74113007614500,"circlet_count":0,"master_deck":["Strike_B","Strike_B","Strike_B","Defend_B+1","Defend_B","Defend_B","Defend_B","Zap","Dualcast+1","Beam Cell","Double Energy+1","Storm","Chaos+1","Gash","Beam Cell","Sweeping Beam","Streamline+1","Streamline","All For One","Beam Cell","Chill+1","FTL","Melter","Scrape+1","Turbo+1","Glacier","Rebound","Gash","Metamorphosis","All For One","Core Surge","Gash","Steam+1","Redo+1","Gash","Capacitor","FTL+1","Gash+1","Blind","Mind Blast","Mind Blast","Redo+1","Aggregate+1","Darkness+1","Skim","Turbo","Gash+1","Mind Blast","Secret Weapon","Stack"],"relics":["FrozenCore","Anchor","Golden Idol","Shuriken","Cables","Mummified Hand","Omamori","War Paint","Ornamental Fan","Runic Pyramid","Prayer Wheel","ClockworkSouvenir","Letter Opener","Singing Bowl","PrismaticShard"],"potions_floor_usage":[7,14,18,21,33,41,45,50],"damage_taken":[{"damage":2,"enemies":"Small Slimes","floor":1,"turns":3},{"damage":0,"enemies":"Jaw Worm","floor":3,"turns":3},{"damage":13,"enemies":"3 Sentries","floor":7,"turns":6},{"damage":1,"enemies":"Cultist","floor":8,"turns":3},{"damage":0,"enemies":"Red Slaver","floor":11,"turns":3},{"damage":33,"enemies":"Lagavulin","floor":14,"turns":4},{"damage":14,"enemies":"Slime Boss","floor":16,"turns":8},{"damage":3,"enemies":"3 Byrds","floor":18,"turns":6},{"damage":0,"enemies":"Spheric Guardian","floor":21,"turns":2},{"damage":15,"enemies":"Snecko","floor":22,"turns":4},{"damage":28,"enemies":"Gremlin Leader","floor":24,"turns":6},{"damage":21,"enemies":"Book of Stabbing","floor":28,"turns":5},{"damage":4,"enemies":"Cultist and Chosen","floor":29,"turns":5},{"damage":0,"enemies":"Centurion and Healer","floor":31,"turns":4},{"damage":43,"enemies":"Automaton","floor":33,"turns":5},{"damage":3,"enemies":"3 Shapes","floor":35,"turns":5},{"damage":15,"enemies":"3 Darklings","floor":36,"turns":3},{"damage":31,"enemies":"2 Orb Walkers","floor":38,"turns":5},{"damage":0,"enemies":"Spire Growth","floor":41,"turns":3},{"damage":17,"enemies":"Maw","floor":45,"turns":4},{"damage":10,"enemies":"Jaw Worm Horde","floor":46,"turns":4},{"damage":0,"enemies":"3 Darklings","floor":47,"turns":3},{"damage":28,"enemies":"Time Eater","floor":50,"turns":4}],"seed_played":"-8393258533381940098","potions_obtained":[{"floor":3,"key":"Block Potion"},{"floor":7,"key":"Energy Potion"},{"floor":16,"key":"SkillPotion"},{"floor":18,"key":"GamblersBrew"},{"floor":31,"key":"PowerPotion"},{"floor":38,"key":"SteroidPotion"},{"floor":41,"key":"LiquidBronze"},{"floor":45,"key":"FearPotion"}],"is_trial":false,"path_per_floor":["M","?","M","$","?","R","E","M","T","R","M","$","R","E","R","B",null,"M","$","?","M","M","R","E","?","T","R","E","M","$","M","R","B",null,"M","M","?","?","$","R","M","?","T","?","M","M","M","$","R","B"],"character_chosen":"DEFECT","items_purchased":["Storm","Chaos","Streamline","Chill","FTL","Gash","Metamorphosis","Gash","ClockworkSouvenir","Capacitor","Singing Bowl","PrismaticShard","Mind Blast","Secret Weapon","Stack"],"campfire_rested":5,"item_purchase_floors":[4,4,12,19,19,30,30,39,39,39,48,48,48,48,48],"current_hp_per_floor":[73,69,69,69,69,69,56,55,55,55,55,55,55,22,42,28,69,66,66,66,66,51,51,23,46,46,66,45,41,41,41,61,18,69,66,51,51,20,20,40,40,40,40,30,13,3,3,3,23,0],"gold":268,"neow_bonus":"RANDOM_COMMON_RELIC","is_prod":false,"is_daily":false,"chose_seed":false,"campfire_upgraded":4,"win_rate":0,"timestamp":1555421220,"path_taken":["M","?","M","$","?","R","E","M","T","R","M","?","R","E","R","BOSS","M","$","?","M","?","R","E","?","T","R","E","M","?","M","R","BOSS","M","M","?","?","$","R","M","?","T","?","M","M","?","?","R","BOSS"],"build_version":"2019-04-04","purchased_purges":0,"victory":false,"max_hp_per_floor":[75,69,69,69,69,69,69,69,69,69,69,69,69,69,69,69,69,69,69,69,69,69,69,69,69,69,69,69,69,69,69,69,69,69,69,69,69,69,69,69,69,69,69,69,69,69,69,69,69,69],"card_choices":[{"not_picked":["Turbo","Barrage"],"picked":"Beam Cell","floor":1},{"not_picked":["Chill","Beam Cell"],"picked":"Double Energy","floor":3},{"not_picked":["Hologram","Loop"],"picked":"Gash","floor":7},{"not_picked":["Go for the Eyes","Coolheaded"],"picked":"Beam Cell","floor":8},{"not_picked":["Stack","Go for the Eyes"],"picked":"Sweeping Beam","floor":11},{"not_picked":["Barrage","Beam Cell"],"picked":"Streamline","floor":14},{"not_picked":["Biased Cognition","Meteor Strike"],"picked":"All For One","floor":16},{"not_picked":["Barrage","Sweeping Beam"],"picked":"Beam Cell","floor":18},{"not_picked":["Defragment","Ball Lightning+1"],"picked":"Melter","floor":21},{"not_picked":["Force Field","Stack"],"picked":"Scrape+1","floor":22},{"not_picked":["Capacitor+1","Static Discharge"],"picked":"Turbo+1","floor":24},{"not_picked":["Go for the Eyes+1","Chill"],"picked":"Glacier","floor":28},{"not_picked":["Leap+1","Hologram"],"picked":"Rebound","floor":29},{"not_picked":["Blizzard","Compile Driver+1"],"picked":"All For One","floor":31},{"not_picked":["Seek","Thunder Strike"],"picked":"Core Surge","floor":33},{"not_picked":["BootSequence+1","Coolheaded"],"picked":"Gash","floor":35},{"not_picked":["Hello World","Darkness"],"picked":"Steam+1","floor":36},{"not_picked":["Coolheaded+1","Recycle+1"],"picked":"Redo+1","floor":38},{"not_picked":["Coolheaded+1","Streamline"],"picked":"FTL+1","floor":41},{"not_picked":["Storm+1","Force Field"],"picked":"Gash+1","floor":41},{"not_picked":["Purity","Mind Blast"],"picked":"Blind","floor":44},{"not_picked":["Discovery","Impatience"],"picked":"Mind Blast","floor":44},{"not_picked":["PanicButton","Deep Breath"],"picked":"Mind Blast","floor":44},{"not_picked":["Steam+1","Stack+1"],"picked":"Redo+1","floor":45},{"not_picked":["Sunder+1","Rebound+1"],"picked":"Aggregate+1","floor":45},{"not_picked":["Rebound","Tempest+1"],"picked":"Darkness+1","floor":46},{"not_picked":["Hello World+1","Stack"],"picked":"Skim","floor":46},{"not_picked":["Leap","Multi-Cast"],"picked":"Turbo","floor":47},{"not_picked":["Conserve Battery","Ball Lightning"],"picked":"Gash+1","floor":47}],"player_experience":811177,"relics_obtained":[{"floor":7,"key":"Shuriken"},{"floor":9,"key":"Cables"},{"floor":14,"key":"Mummified Hand"},{"floor":24,"key":"Omamori"},{"floor":26,"key":"War Paint"},{"floor":28,"key":"Ornamental Fan"},{"floor":38,"key":"Prayer Wheel"},{"floor":43,"key":"Letter Opener"}],"event_choices":[{"damage_healed":0,"gold_gain":0,"player_choice":"Lose Max HP","damage_taken":0,"relics_obtained":["Golden Idol"],"max_hp_gain":0,"max_hp_loss":6,"event_name":"Golden Idol","floor":2,"gold_loss":0},{"damage_healed":0,"gold_gain":0,"player_choice":"Left Gold","damage_taken":0,"max_hp_gain":0,"max_hp_loss":0,"event_name":"World of Goop","floor":5,"gold_loss":1},{"cards_removed":["Strike_B"],"damage_healed":0,"gold_gain":0,"player_choice":"Purged","damage_taken":0,"max_hp_gain":0,"max_hp_loss":0,"event_name":"Purifier","floor":20,"gold_loss":0},{"damage_healed":23,"gold_gain":0,"player_choice":"Heal","damage_taken":0,"max_hp_gain":0,"max_hp_loss":0,"event_name":"The Library","floor":25,"gold_loss":0},{"damage_healed":0,"gold_gain":999,"player_choice":"Gold","damage_taken":0,"max_hp_gain":0,"max_hp_loss":0,"event_name":"MindBloom","floor":37,"gold_loss":0,"cards_obtained":["Normality","Normality"]},{"damage_healed":0,"gold_gain":0,"player_choice":"Fight","damage_taken":0,"max_hp_gain":0,"max_hp_loss":0,"event_name":"Mysterious Sphere","floor":38,"gold_loss":0},{"damage_healed":0,"gold_gain":0,"player_choice":"Ignored","damage_taken":0,"max_hp_gain":0,"max_hp_loss":0,"event_name":"Tomb of Lord Red Mask","floor":42,"gold_loss":0},{"damage_healed":0,"gold_gain":0,"player_choice":"Memory 3","damage_taken":10,"max_hp_gain":0,"max_hp_loss":0,"event_name":"SensoryStone","floor":44,"gold_loss":0}],"is_beta":true,"boss_relics":[{"not_picked":["Coffee Dripper","Empty Cage"],"picked":"FrozenCore"},{"not_picked":["Philosopher\u0027s Stone","White Beast Statue"],"picked":"Runic Pyramid"}],"items_purged_floors":[],"is_endless":false,"potions_floor_spawned":[3,7,16,18,31,38,41,45],"killed_by":"Time Eater","ascension_level":4}