{"path_per_floor":["M","?","?","?","M","R","M","R","T","M","$","?","?","M","R","B",null,"M","?","M","M","?","?","M","?","T","R","E","$","M","M","R","B",null,"M","?","?","$","M","E","$","?","T","M","?","R","$","M","R","B"],"character_chosen":"DEFECT","items_purchased":["Orichalcum","Static Discharge","Storm","Chaos","Glacier","Chaos","Doom and Gloom","Trip","Loop","Bandage Up","Defragment","Skim","Force Field"],"gold_per_floor":[115,115,115,65,76,76,93,93,167,187,5,5,62,82,82,185,185,201,126,140,153,153,153,172,172,247,247,279,81,91,105,105,209,209,226,275,275,57,69,102,22,322,322,335,335,335,49,60,60,60],"floor_reached":51,"campfire_rested":2,"playtime":2149,"current_hp_per_floor":[66,71,71,71,67,67,73,73,73,71,71,71,80,80,80,54,80,80,80,74,80,40,40,59,59,59,80,80,80,74,79,79,66,80,80,71,71,71,80,31,31,31,31,59,79,79,79,55,79,29],"items_purged":[],"gold":60,"score":760,"play_id":"45819a28-333e-4811-8875-5ac54fc3c83d","local_time":"20180430014823","is_prod":false,"is_daily":false,"chose_seed":false,"is_ascension_mode":false,"campfire_upgraded":5,"timestamp":1525067303,"path_taken":["M","?","?","?","M","R","?","R","T","M","$","?","?","M","R","BOSS","M","?","M","M","?","?","M","?","T","R","E","?","M","?","R","BOSS","M","?","?","?","M","E","$","?","T","?","?","R","?","M","R","BOSS"],"build_version":"2018-04-27v3","seed_source_timestamp":1236408151182901,"purchased_purges":0,"victory":true,"master_deck":["Strike_B","Strike_B","Strike_B","Defend_B","Defend_B+1","Defend_B","Zap","Dualcast+1","Blaster+1","Buffer+1","White Noise+1","Self Repair","Static Discharge","Mind Blast","Fusion","Biased Cognition+1","Amplify","Scrape","Defragment+1","Storm+1","Good Instincts","Blind","Mind Blast","Good Instincts","Sunder","Bandage Up","Machine Learning","Storm","Chaos+1","Glacier","Stack+1","Static Discharge+1","Amplify","Skim+1","Hologram+1","Chaos","Doom and Gloom","Trip","Rebound+1","Nova+1","Loop","White Noise+1","Writhe","Bandage Up","Defragment","Skim","Force Field","Reinforced Body"],"max_hp_per_floor":[75,80,80,80,80,80,80,80,80,80,80,80,80,80,80,80,80,80,80,80,80,80,80,80,80,80,80,80,80,80,80,80,80,80,80,80,80,80,80,80,80,80,80,80,80,80,80,80,80,80],"relics":["Cracked Core","War Paint","Question Card","Orichalcum","Bird Faced Urn","Nuclear Battery","Pantograph","Turnip","Inserter","Ginger","Centennial Puzzle","Ornamental Fan"],"card_choices":[{"not_picked":["Beam Cell","Steam Power"],"picked":"Blaster","floor":1},{"not_picked":["Rebound","Sweeping Beam"],"picked":"Buffer","floor":5},{"not_picked":["Ball Lightning","Impulse"],"picked":"White Noise","floor":7},{"not_picked":["Heatsinks","Blaster","Capacitor"],"picked":"Self Repair","floor":10},{"not_picked":["Force Field","Go for the Eyes","Hologram"],"picked":"Biased Cognition","floor":14},{"not_picked":["Machine Learning","Meteor Strike","Echo Form"],"picked":"Amplify","floor":16},{"not_picked":["Beam Cell","Hello World","Barrage"],"picked":"Scrape","floor":18},{"not_picked":["Turbo","Reprogram","Barrage"],"picked":"Defragment","floor":20},{"not_picked":["Sweeping Beam","Rebound","Capacitor"],"picked":"Storm","floor":21},{"not_picked":["Leap","Impulse","Ball Lightning"],"picked":"Sunder","floor":24},{"not_picked":["Sweeping Beam","Blaster","FTL"],"picked":"Machine Learning","floor":28},{"not_picked":["Ball Lightning","Rebound","Hologram"],"picked":"Stack","floor":30},{"not_picked":["Undo","Beam Cell","Sunder"],"picked":"Static Discharge","floor":31},{"not_picked":["Machine Learning","Nova","Multi-Cast"],"picked":"Amplify","floor":33},{"not_picked":["Turbo","Scrape","Doom and Gloom"],"picked":"Skim","floor":35},{"not_picked":["Cold Snap","Reprogram","Coolheaded"],"picked":"Hologram","floor":36},{"not_picked":["Cold Snap","Turbo","Axe Kick"],"picked":"Rebound","floor":39},{"not_picked":["Barrage","Skim","Cold Snap"],"picked":"Nova","floor":40},{"not_picked":["Gash","Leap","Sunder"],"picked":"White Noise","floor":44},{"not_picked":["Axe Kick","Capacitor","Genetic Algorithm"],"picked":"Reinforced Body","floor":48}],"player_experience":65849,"potions_floor_usage":[7,13,18,20,21,30,35,36,44,48],"damage_taken":[{"damage":9,"enemies":"Small Slimes","floor":1,"turns":3},{"damage":4,"enemies":"Jaw Worm","floor":5,"turns":4},{"damage":0,"enemies":"Cultist","floor":7,"turns":4},{"damage":2,"enemies":"Looter","floor":10,"turns":4},{"damage":0,"enemies":"Gremlin Nob","floor":13,"turns":4},{"damage":4,"enemies":"Blue Slaver","floor":14,"turns":4},{"damage":37,"enemies":"Hexaghost","floor":16,"turns":7},{"damage":1,"enemies":"Shell Parasite","floor":18,"turns":4},{"damage":15,"enemies":"2 Thieves","floor":20,"turns":4},{"damage":9,"enemies":"Snecko","floor":21,"turns":4},{"damage":0,"enemies":"Cultist and Chosen","floor":24,"turns":5},{"damage":15,"enemies":"Book of Stabbing","floor":28,"turns":5},{"damage":23,"enemies":"Snake Plant","floor":30,"turns":4},{"damage":12,"enemies":"3 Cultists","floor":31,"turns":5},{"damage":28,"enemies":"Champ","floor":33,"turns":10},{"damage":0,"enemies":"Flame Bruiser 1 Orb","floor":35,"turns":5},{"damage":23,"enemies":"Mysterious Sphere","floor":36,"turns":6},{"damage":3,"enemies":"3 Shapes","floor":39,"turns":2},{"damage":64,"enemies":"2 Orb Walkers","floor":40,"turns":5},{"damage":4,"enemies":"Maw","floor":44,"turns":5},{"damage":28,"enemies":"Flame Bruiser 2 Orb","floor":48,"turns":3},{"damage":78,"enemies":"Donu and Deca","floor":50,"turns":6}],"event_choices":[{"event_name":"Big Fish","player_choice":"Donut","floor":2,"damage_taken":0},{"event_name":"Living Wall","player_choice":"Grow","floor":3,"damage_taken":0},{"event_name":"The Cleric","player_choice":"Card Removal","floor":4,"damage_taken":0},{"event_name":"Match and Keep!","player_choice":"2 cards matched","floor":12,"damage_taken":0},{"event_name":"Dead Adventurer","player_choice":"Searched \u00272\u0027 times","floor":13,"damage_taken":0},{"event_name":"Beggar","player_choice":"Gave Gold","floor":19,"damage_taken":0},{"event_name":"Knowing Skull","player_choice":"CARD CARD CARD CARD ","floor":22,"damage_taken":0},{"event_name":"Vampires","player_choice":"Ignored","floor":23,"damage_taken":0},{"event_name":"Match and Keep!","player_choice":"2 cards matched","floor":25,"damage_taken":0},{"event_name":"Mysterious Sphere","player_choice":"Fight","floor":36,"damage_taken":0},{"event_name":"Wheel of Change","player_choice":"Gold","floor":42,"damage_taken":0},{"event_name":"Winding Halls","player_choice":"Writhe","floor":45,"damage_taken":0}],"boss_relics":[{"not_picked":["Velvet Choker","Sozu"],"picked":"Nuclear Battery"},{"not_picked":["Snecko Eye","Eternal Feather"],"picked":"Inserter"}],"potions_floor_spawned":[5,10,16,18,20,24,33,35,40,44],"seed_played":"4621554973898709754","ascension_level":0,"is_trial":false}