{"gold_per_floor":[109,125,141,141,141,141,170,170,170,170,204,169,199,219,219,314,314,325,344,355,80,94,94],"floor_reached":23,"playtime":876,"items_purged":[],"score":264,"play_id":"72c76e8f-898d-458e-8359-ac1d8f96e67a","local_time":"20180718005428","is_ascension_mode":true,"campfire_choices":[{"data":"Juggernaut","floor":6,"key":"SMITH"},{"data":"Juggernaut","floor":8,"key":"SMITH"},{"data":"Flame Barrier","floor":10,"key":"SMITH"},{"floor":15,"key":"DIG"}],"neow_cost":"NONE","seed_source_timestamp":768265623165653,"circlet_count":0,"master_deck":["Strike_R","Strike_R","Strike_R","Strike_R","Strike_R","Defend_R","Defend_R","Defend_R","Defend_R","Bash","Juggernaut+1","Metallicize","Flame Barrier+1","Whirlwind","Juggernaut+1","Body Slam","Metallicize","Iron Wave","Feed","Cleave+1","Hemokinesis","Second Wind+1","Body Slam","Limit Break","Inflame"],"relics":["Black Blood","Gambling Chip","Ginger","Ice Cream","Shovel","Potion Belt","Red Skull","Pen Nib"],"potions_floor_usage":[2,14,19,19,22,23],"damage_taken":[{"damage":6,"enemies":"Jaw Worm","floor":1,"turns":5},{"damage":3,"enemies":"2 Louse","floor":2,"turns":4},{"damage":0,"enemies":"Small Slimes","floor":3,"turns":5},{"damage":21,"enemies":"Lagavulin","floor":7,"turns":8},{"damage":26,"enemies":"Gremlin Nob","floor":11,"turns":4},{"damage":19,"enemies":"Lagavulin","floor":13,"turns":7},{"damage":12,"enemies":"Blue Slaver","floor":14,"turns":3},{"damage":11,"enemies":"Slime Boss","floor":16,"turns":7},{"damage":18,"enemies":"Spheric Guardian","floor":18,"turns":5},{"damage":47,"enemies":"2 Thieves","floor":19,"turns":4},{"damage":28,"enemies":"3 Cultists","floor":20,"turns":5},{"damage":18,"enemies":"Snake Plant","floor":22,"turns":4},{"damage":20,"enemies":"Snecko","floor":23,"turns":4}],"seed_played":"-4601579315914513945","potions_obtained":[{"floor":1,"key":"PowerPotion"},{"floor":11,"key":"Fire Potion"},{"floor":16,"key":"LiquidBronze"},{"floor":18,"key":"Regen Potion"},{"floor":20,"key":"SkillPotion"},{"floor":22,"key":"Dexterity Potion"}],"is_trial":false,"path_per_floor":["M","M","M","?","?","R","E","R","T","R","E","?","E","M","R","B",null,"M","M","M","$","M"],"character_chosen":"IRONCLAD","items_purchased":["Body Slam","Limit Break","Pen Nib"],"campfire_rested":0,"item_purchase_floors":[21,21,21],"current_hp_per_floor":[80,80,80,80,80,80,65,65,65,65,45,65,52,46,46,41,70,62,37,22,22,14,0],"gold":94,"neow_bonus":"ONE_RANDOM_RARE_CARD","is_prod":false,"is_daily":false,"chose_seed":false,"campfire_upgraded":3,"win_rate":0,"timestamp":1531889668,"path_taken":["M","M","M","?","?","R","E","R","T","R","E","?","E","M","R","BOSS","M","?","M","$","M","?"],"build_version":"2018-07-16","purchased_purges":0,"victory":false,"max_hp_per_floor":[80,80,80,80,80,80,80,80,80,80,80,80,80,80,80,80,80,80,80,83,83,83,83],"card_choices":[{"not_picked":["Clothesline","Thunderclap"],"picked":"Metallicize","floor":1},{"not_picked":["Feel No Pain","Heavy Blade"],"picked":"Flame Barrier","floor":2},{"not_picked":["Clothesline","Wild Strike"],"picked":"Whirlwind","floor":3},{"not_picked":["Power Through","Whirlwind"],"picked":"Juggernaut","floor":7},{"not_picked":["Perfected Strike","Warcry"],"picked":"Body Slam","floor":11},{"not_picked":["Shrug It Off","Corruption"],"picked":"Metallicize","floor":13},{"not_picked":["Pommel Strike","Havoc"],"picked":"Iron Wave","floor":14},{"not_picked":["Immolate","Dark Embrace"],"picked":"Feed","floor":16},{"not_picked":["Sword Boomerang","Warcry"],"picked":"Cleave+1","floor":18},{"not_picked":["Feel No Pain","Thunderclap+1"],"picked":"Hemokinesis","floor":19},{"not_picked":["Blood for Blood+1","Rage"],"picked":"Second Wind+1","floor":20},{"not_picked":["Intimidate","True Grit"],"picked":"Inflame","floor":22}],"player_experience":447564,"relics_obtained":[{"floor":7,"key":"Ginger"},{"floor":9,"key":"Ice Cream"},{"floor":11,"key":"Shovel"},{"floor":13,"key":"Potion Belt"},{"floor":15,"key":"Red Skull"}],"event_choices":[{"event_name":"Big Fish","player_choice":"Box","floor":4,"damage_taken":0},{"event_name":"Wheel of Change","player_choice":"Card Removal","floor":5,"damage_taken":0},{"event_name":"The Cleric","player_choice":"Healed","floor":12,"damage_taken":0}],"boss_relics":[{"not_picked":["Astrolabe","Empty Cage"],"picked":"Black Blood"}],"items_purged_floors":[],"is_endless":false,"potions_floor_spawned":[1,11,16,18,20,22],"killed_by":"Snecko","ascension_level":5}