{"gold_per_floor":[117,117,117,134,151,151,151,151,224,253,150,178,196,212,212,289,289,308,50,50,70,86,86,113,131,131,131,131],"floor_reached":28,"playtime":993,"items_purged":["Strike_B","Strike_B"],"score":496,"play_id":"b6be5ee6-7b6e-4fa6-ad52-217bebcf6489","local_time":"20190525185150","is_ascension_mode":true,"campfire_choices":[{"floor":6,"key":"REST"},{"data":"Ball Lightning","floor":8,"key":"SMITH"},{"data":"Defragment","floor":15,"key":"SMITH"},{"floor":23,"key":"REST"},{"floor":27,"key":"REST"}],"neow_cost":"NONE","seed_source_timestamp":921074989960704,"circlet_count":0,"master_deck":["AscendersBane","Strike_B","Defend_B","Defend_B","Defend_B","Defend_B","Zap+1","Dualcast","Ball Lightning+1","Conserve Battery","Glacier","Coolheaded","Cold Snap","Genetic Algorithm","Rainbow","Defragment+1","Multi-Cast+1","Genetic Algorithm+1","Capacitor+1","Coolheaded"],"special_seed":0,"relics":["Cracked Core","Unceasing Top","Bottled Lightning","Anchor","Vajra","Nuclear Battery","Blood Vial","Pen Nib","Centennial Puzzle"],"potions_floor_usage":[10,12,18,24,28],"damage_taken":[{"damage":5.0,"enemies":"2 Louse","floor":1.0,"turns":3.0},{"damage":7.0,"enemies":"Jaw Worm","floor":4.0,"turns":3.0},{"damage":8,"enemies":"Small Slimes","floor":5,"turns":3},{"damage":7,"enemies":"Lagavulin","floor":10,"turns":6},{"damage":4,"enemies":"3 Sentries","floor":12,"turns":9},{"damage":0,"enemies":"3 Louse","floor":13,"turns":2},{"damage":17,"enemies":"Exordium Thugs","floor":14,"turns":6},{"damage":18,"enemies":"Hexaghost","floor":16,"turns":11},{"damage":19,"enemies":"Chosen","floor":18,"turns":5},{"damage":21,"enemies":"3 Byrds","floor":21,"turns":4},{"damage":1,"enemies":"Centurion and Healer","floor":22,"turns":11},{"damage":24,"enemies":"Book of Stabbing","floor":24,"turns":6},{"damage":3,"enemies":"Snake Plant","floor":25,"turns":4},{"damage":43,"enemies":"Gremlin Leader","floor":28,"turns":6}],"seed_played":"5085245471035136166","potions_obtained":[{"floor":4.0,"key":"Energy Potion"},{"floor":5,"key":"LiquidBronze"},{"floor":14,"key":"Poison Potion"},{"floor":16,"key":"FocusPotion"},{"floor":18,"key":"SteroidPotion"},{"floor":24,"key":"AttackPotion"},{"floor":25,"key":"GamblersBrew"}],"is_trial":false,"path_per_floor":["M","?","?","M","M","R","?","R","T","E","$","E","M","M","R","B",null,"M","$","?","M","M","R","E","M","T","R","E"],"character_chosen":"DEFECT","items_purchased":["Cold Snap","Blood Vial"],"campfire_rested":3,"item_purchase_floors":[11,19],"current_hp_per_floor":[59,59,59,52,44,65,60,60,60,53,53,49,49,32,32,14,57,38,38,38,19,20,41,19,18,18,39,0],"gold":131,"neow_bonus":"UPGRADE_CARD","is_prod":false,"is_daily":false,"chose_seed":false,"campfire_upgraded":2,"win_rate":0,"timestamp":1558835510,"path_taken":["M","?","?","M","M","R","?","R","T","E","$","E","M","M","R","BOSS","M","$","?","M","M","R","E","M","T","R","E"],"build_version":"2019-01-23","purchased_purges":2,"victory":false,"max_hp_per_floor":[71,71,71,71,71,71,71,71,71,71,71,71,71,71,71,71,71,71,71,71,71,71,71,71,71,71,71,71],"card_choices":[{"not_picked":["Conserve Battery","Loop"],"picked":"Ball Lightning","floor":1.0},{"not_picked":["Beam Cell","Leap"],"picked":"Conserve Battery","floor":4.0},{"not_picked":["Barrage","Stack"],"picked":"Glacier","floor":5},{"not_picked":["Stack","Leap"],"picked":"Coolheaded","floor":10},{"not_picked":["Coolheaded","Cold Snap"],"picked":"Genetic Algorithm","floor":12},{"not_picked":["Darkness","Undo"],"picked":"Rainbow","floor":13},{"not_picked":["Steam","BootSequence"],"picked":"Defragment","floor":14},{"not_picked":["Meteor Strike","Rainbow"],"picked":"Multi-Cast","floor":16},{"not_picked":["Storm","Melter","Turbo"],"picked":"SKIP","floor":18},{"not_picked":["Tempest","Conserve Battery"],"picked":"Genetic Algorithm+1","floor":21},{"not_picked":["Storm","Sweeping Beam"],"picked":"Capacitor+1","floor":22},{"not_picked":["Aggregate","Gash","Sweeping Beam+1"],"picked":"SKIP","floor":24},{"not_picked":["Turbo+1","Conserve Battery+1"],"picked":"Coolheaded","floor":25}],"player_experience":731977,"relics_obtained":[{"floor":9,"key":"Bottled Lightning"},{"floor":10,"key":"Anchor"},{"floor":12,"key":"Vajra"},{"floor":24,"key":"Pen Nib"},{"floor":26,"key":"Centennial Puzzle"}],"event_choices":[{"cards_removed":["Strike_B"],"damage_healed":0.0,"max_hp_gain":0.0,"max_hp_loss":0.0,"gold_gain":0.0,"event_name":"Living Wall","player_choice":"Forget","floor":2.0,"gold_loss":0.0,"damage_taken":0.0},{"damage_healed":0.0,"max_hp_gain":0.0,"max_hp_loss":0.0,"gold_gain":0.0,"event_name":"Liars Game","player_choice":"Ignored","floor":3.0,"gold_loss":0.0,"damage_taken":0.0},{"damage_healed":0,"gold_gain":0,"player_choice":"Success","damage_taken":5,"relics_obtained":["Unceasing Top"],"max_hp_gain":0,"max_hp_loss":0,"event_name":"Scrap Ooze","floor":7,"gold_loss":0},{"damage_healed":0,"gold_gain":0,"player_choice":"Upgraded","damage_taken":0,"max_hp_gain":0,"max_hp_loss":0,"event_name":"Upgrade Shrine","floor":20,"gold_loss":0,"cards_upgraded":["Multi-Cast"]}],"is_beta":false,"boss_relics":[{"not_picked":["Eternal Feather","White Beast Statue"],"picked":"Nuclear Battery"}],"items_purged_floors":[11,19],"is_endless":false,"potions_floor_spawned":[4,5,14,16,18,24,25],"killed_by":"Gremlin Leader","ascension_level":20}