{"path_per_floor":["M","?","?","$","M","E","M","R","T","?","M","R","M","M","R","B",null,"M","M","?","?","?","E","$"],"character_chosen":"DEFECT","items_purchased":["Melter","Aggregate","Doom and Gloom","FTL"],"gold_per_floor":[113,113,83,2,12,37,51,51,51,51,65,65,85,99,99,196,196,210,227,227,227,227,260,77,77],"floor_reached":25,"campfire_rested":2,"playtime":1033,"current_hp_per_floor":[75,75,75,75,75,44,44,66,66,66,59,75,72,72,72,10,75,52,52,52,38,38,10,10,0],"items_purged":[],"gold":77,"score":246,"play_id":"42c2ee09-beaf-4772-9513-1db8a36491ad","local_time":"20180514005136","is_prod":false,"is_daily":false,"chose_seed":false,"is_ascension_mode":false,"campfire_upgraded":1,"timestamp":1526273496,"path_taken":["M","?","?","?","M","E","?","R","T","?","M","R","M","M","R","BOSS","M","M","?","?","?","E","$","E"],"build_version":"2018-05-12v2","seed_source_timestamp":35470459138801,"purchased_purges":0,"victory":false,"master_deck":["Defend_B","Defend_B","Defend_B","Defend_B","Zap","Dualcast","Beam Cell","Flash of Steel","Zap","Melter","BootSequence","Genetic Algorithm","Lockon","Beam Cell","Go for the Eyes","Storm+1","Creative AI","Leap+1","Echo Form+1","Loop+1","Beam Cell","Writhe","Ghostly","Ghostly","Ghostly","Ghostly","Ghostly","Aggregate","Doom and Gloom","FTL"],"max_hp_per_floor":[75,75,75,75,75,75,75,75,75,75,75,75,75,75,75,75,75,75,75,75,80,40,42,42,42],"relics":["Cracked Core","Gremlin Horn","Dodecahedron","Astrolabe","Bag of Marbles","Singing Bowl"],"card_choices":[{"not_picked":["Auto Shields","Steam"],"picked":"Beam Cell","floor":1},{"not_picked":["Skim","Axe Kick","Lockon"],"picked":"SKIP","floor":5},{"not_picked":["Seek","Conserve Battery"],"picked":"BootSequence","floor":6},{"not_picked":["Sweeping Beam","Tempest"],"picked":"Genetic Algorithm","floor":7},{"not_picked":["Ball Lightning","Axe Kick"],"picked":"Beam Cell","floor":11},{"not_picked":["Leap","Sweeping Beam"],"picked":"Go for the Eyes","floor":13},{"not_picked":["Barrage","Skim"],"picked":"Storm","floor":14},{"not_picked":["Buffer","Biased Cognition"],"picked":"Creative AI","floor":16},{"not_picked":["Leap","Sweeping Beam"],"picked":"Beam Cell","floor":18},{"not_picked":["Stack","Coolheaded","Leap"],"picked":"SKIP","floor":19},{"not_picked":["Recycle+1","Reboot","Barrage"],"picked":"Singing Bowl","floor":23}],"player_experience":236525,"potions_floor_usage":[5,14,16,16,16],"damage_taken":[{"damage":0,"enemies":"Small Slimes","floor":1,"turns":3},{"damage":0,"enemies":"Cultist","floor":5,"turns":2},{"damage":31,"enemies":"Lagavulin","floor":6,"turns":5},{"damage":0,"enemies":"2 Louse","floor":7,"turns":2},{"damage":7,"enemies":"Lots of Slimes","floor":11,"turns":4},{"damage":3,"enemies":"Red Slaver","floor":13,"turns":2},{"damage":0,"enemies":"Exordium Wildlife","floor":14,"turns":1},{"damage":62,"enemies":"Hexaghost","floor":16,"turns":10},{"damage":23,"enemies":"2 Thieves","floor":18,"turns":5},{"damage":0,"enemies":"Spheric Guardian","floor":19,"turns":3},{"damage":30,"enemies":"Book of Stabbing","floor":23,"turns":10},{"damage":18,"enemies":"Slavers","floor":25,"turns":1}],"event_choices":[{"event_name":"Match and Keep!","player_choice":"2 cards matched","floor":2,"damage_taken":0},{"event_name":"The Woman in Blue","player_choice":"Bought 2 Potions","floor":3,"damage_taken":0},{"event_name":"Transmorgrifier","player_choice":"Transform","floor":10,"damage_taken":0},{"event_name":"The Mausoleum","player_choice":"Yes","floor":20,"damage_taken":0},{"event_name":"Forgotten Altar","player_choice":"Shed Blood","floor":21,"damage_taken":0},{"event_name":"Ghosts","player_choice":"Became a Ghost","floor":22,"damage_taken":0}],"boss_relics":[{"not_picked":["Sozu","Ectoplasm"],"picked":"Astrolabe"}],"potions_floor_spawned":[1,13,14,19,23],"seed_played":"-1034032441158934947","killed_by":"Slavers","ascension_level":0,"is_trial":false}