{"path_per_floor":["M","M","M","?","M","R","M","M","T","E","?","E","R","$","R","B",null,"M","M","?","M","?","R","M","R","T","M","M","R"],"character_chosen":"IRONCLAD","items_purchased":["Dream Catcher","Mind Blast"],"gold_per_floor":[112,128,147,147,158,158,174,191,191,226,226,284,284,46,46,145,145,157,146,146,156,71,71,89,89,89,101,120,120],"floor_reached":30,"campfire_rested":5,"playtime":1624,"current_hp_per_floor":[80,80,80,80,80,80,78,80,80,59,79,40,64,64,80,43,80,21,21,90,24,24,51,33,60,60,46,39,66],"items_purged":[],"gold":120,"score":244,"play_id":"a98cc310-e9d3-48b5-88da-b79ceac1f2c0","local_time":"20180316124155","is_prod":false,"is_daily":false,"is_ascension_mode":false,"campfire_upgraded":1,"timestamp":1521218515,"path_taken":["M","M","M","?","M","R","M","M","T","E","?","E","R","?","R","BOSS","M","M","?","M","?","R","M","R","T","?","M","R","E"],"build_version":"2018-03-15","purchased_purges":0,"victory":false,"master_deck":["Strike_R","Strike_R","Defend_R","Defend_R","Defend_R","Defend_R","Bash","Spot Weakness","Flame Barrier+1","Seeing Red","Dual Wield+1","Heavy Blade","Rupture","Parasite","Entrench","Mind Blast","Twin Strike","Berserk","Ghostly Armor+1","Pommel Strike+1","Feel No Pain+1","Whirlwind","Demon Form","Entrench+1","Whirlwind+1","Iron Wave","Wild Strike+1","Pommel Strike+1","Limit Break","Iron Wave","Sever Soul+1"],"max_hp_per_floor":[80,80,80,80,80,80,80,80,80,80,80,80,80,80,80,80,80,80,80,90,90,90,90,90,90,90,90,90,90],"relics":["Burning Blood","Centennial Puzzle","Toolbox","Tiny Chest","Dream Catcher","Astrolabe","Prayer Wheel","Pantograph"],"card_choices":[{"not_picked":["Havoc","Sword Boomerang"],"picked":"Spot Weakness"},{"not_picked":["Burning Pact","True Grit"],"picked":"Flame Barrier"},{"not_picked":["Thunderclap","Body Slam"],"picked":"Seeing Red"},{"not_picked":["Warcry","Sword Boomerang"],"picked":"Dual Wield"},{"not_picked":["Warcry","Sword Boomerang"],"picked":"Berserk"},{"not_picked":["Hemokinesis","Headbutt"],"picked":"Heavy Blade"},{"not_picked":["Twin Strike","Blood for Blood"],"picked":"Rupture"},{"not_picked":["Sever Soul","Warcry"],"picked":"Entrench"},{"not_picked":["Sentinel","Havoc"],"picked":"Twin Strike"},{"not_picked":["Reaper","Barricade"],"picked":"Berserk"},{"not_picked":["Iron Wave","Twin Strike"],"picked":"Whirlwind"},{"not_picked":["Clothesline","Sentinel"],"picked":"Demon Form"},{"not_picked":["Sword Boomerang","Shrug It Off"],"picked":"Entrench"},{"not_picked":["Clothesline","Cleave"],"picked":"Whirlwind"},{"not_picked":["Wild Strike","Uppercut"],"picked":"Iron Wave"},{"not_picked":["Corruption","Dropkick"],"picked":"Wild Strike"},{"not_picked":["Battle Trance","Shrug It Off"],"picked":"Pommel Strike"},{"not_picked":["Evolve","Uppercut"],"picked":"Limit Break"},{"not_picked":["Intimidate","Clothesline"],"picked":"Iron Wave"},{"not_picked":["Sentinel","Sword Boomerang"],"picked":"Sever Soul"}],"player_experience":453989,"potions_floor_usage":[3,5,10,12,24,24,24,30],"damage_taken":[{"damage":3,"enemies":"Jaw Worm","floor":1,"turns":4},{"damage":4,"enemies":"2 Louse","floor":2,"turns":3},{"damage":5,"enemies":"Cultist","floor":3,"turns":5},{"damage":1,"enemies":"2 Fungi Beasts","floor":5,"turns":3},{"damage":8,"enemies":"3 Louse","floor":7,"turns":3},{"damage":4,"enemies":"Blue Slaver","floor":8,"turns":5},{"damage":27,"enemies":"3 Sentries","floor":10,"turns":9},{"damage":54,"enemies":"Lagavulin","floor":12,"turns":10},{"damage":43,"enemies":"Slime Boss","floor":16,"turns":10},{"damage":65,"enemies":"Spheric Guardian","floor":18,"turns":8},{"damage":6,"enemies":"2 Thieves","floor":19,"turns":4},{"damage":72,"enemies":"Sentry and Sphere","floor":21,"turns":9},{"damage":24,"enemies":"Centurion and Healer","floor":24,"turns":5},{"damage":20,"enemies":"Snecko","floor":27,"turns":5},{"damage":13,"enemies":"Chosen and Byrds","floor":28,"turns":3},{"damage":74,"enemies":"Slavers","floor":30,"turns":5}],"event_choices":[{"event_name":"Living Wall","player_choice":"Grow","floor":4,"damage_taken":0},{"event_name":"Mushrooms","player_choice":"Healed and dodged fight","floor":11,"damage_taken":0},{"event_name":"Bonfire Elementals","player_choice":"RARE","floor":20,"damage_taken":0},{"event_name":"Addict","player_choice":"Obtained Relic","floor":22,"damage_taken":0}],"boss_relics":[{"not_picked":["Velvet Choker","Runic Pyramid"],"picked":"Astrolabe"}],"potions_floor_spawned":[2,3,8,10,16,19,21,27],"seed_played":"-188907447143032785","killed_by":"Slavers","ascension_level":0,"is_trial":false}