{"gold_per_floor":[116,66,76,76,76,76,90,265,265,281,281,307,100,115,115,115],"floor_reached":16,"playtime":578,"items_purged":[],"score":115,"play_id":"9785f4e1-5ba7-4fc1-9570-846b9d1e2a7c","local_time":"20180712153642","is_ascension_mode":true,"campfire_choices":[{"data":"Dark Embrace","floor":6,"key":"SMITH"},{"data":"Havoc","floor":11,"key":"SMITH"},{"floor":15,"key":"REST"}],"neow_cost":"TEN_PERCENT_HP_LOSS","seed_source_timestamp":303120973524288,"circlet_count":0,"master_deck":["Strike_R","Strike_R","Strike_R","Strike_R","Strike_R","Defend_R","Defend_R","Defend_R","Bash","Dark Embrace+1","Clash","Dropkick","Regret","Warcry","Doubt","Havoc+1","Inflame","The Bomb","Metallicize"],"relics":["Burning Blood","Bronze Scales","Matryoshka","Blood Vial"],"potions_floor_usage":[10,12],"damage_taken":[{"damage":19,"enemies":"Small Slimes","floor":1,"turns":6},{"damage":7,"enemies":"Jaw Worm","floor":3,"turns":2},{"damage":3,"enemies":"Cultist","floor":7,"turns":3},{"damage":3,"enemies":"Exordium Wildlife","floor":10,"turns":3},{"damage":44,"enemies":"Lagavulin","floor":12,"turns":6},{"damage":14,"enemies":"Looter","floor":14,"turns":3},{"damage":60,"enemies":"Hexaghost","floor":16,"turns":9}],"seed_played":"-6252362117269603116","potions_obtained":[{"floor":3,"key":"Block Potion"},{"floor":10,"key":"Regen Potion"}],"is_trial":false,"path_per_floor":["M","?","M","$","?","R","M","?","T","M","R","E","$","M","R"],"character_chosen":"IRONCLAD","items_purchased":["The Bomb"],"campfire_rested":1,"item_purchase_floors":[13],"current_hp_per_floor":[59,59,58,58,58,58,61,61,61,64,64,40,40,34,55,0],"gold":115,"neow_bonus":"THREE_RARE_CARDS","is_prod":false,"is_daily":false,"chose_seed":false,"campfire_upgraded":2,"win_rate":0,"timestamp":1531424202,"path_taken":["M","?","?","$","?","R","?","?","T","?","R","E","?","?","R","BOSS"],"build_version":"2018-07-11","purchased_purges":0,"victory":false,"max_hp_per_floor":[72,72,72,72,72,72,72,72,72,72,72,72,72,72,72,72],"card_choices":[{"not_picked":["Brutality","Berserk"],"picked":"Dark Embrace","floor":0},{"not_picked":["Wild Strike","Warcry"],"picked":"Clash","floor":1},{"not_picked":["Intimidate","Wild Strike"],"picked":"Dropkick","floor":3},{"not_picked":["Hemokinesis","Twin Strike"],"picked":"Warcry","floor":7},{"not_picked":["Sentinel","Whirlwind"],"picked":"Havoc","floor":10},{"not_picked":["Twin Strike","Rage"],"picked":"Inflame","floor":12},{"not_picked":["Pommel Strike","Thunderclap"],"picked":"Metallicize","floor":14}],"player_experience":400877,"relics_obtained":[{"floor":9,"key":"Matryoshka"},{"floor":12,"key":"Blood Vial"}],"event_choices":[{"event_name":"The Cleric","player_choice":"Card Removal","floor":2,"damage_taken":0},{"event_name":"Big Fish","player_choice":"Box","floor":5,"damage_taken":0},{"event_name":"Liars Game","player_choice":"agreed","floor":8,"damage_taken":0}],"boss_relics":[],"items_purged_floors":[],"is_endless":false,"potions_floor_spawned":[3,10],"killed_by":"Hexaghost","ascension_level":3}