{"path_per_floor":["M","?","T","M","M","E","?","R","T","M","M","E","R","M","R","B",null,"M","?","?","M","M","R","M","R","T","R","M","?","M","$","R"],"character_chosen":"DEFECT","items_purchased":["Madness","Thunder Strike","Meat on the Bone","Oddly Smooth Stone"],"gold_per_floor":[20,20,91,107,118,143,143,143,190,207,217,243,243,254,254,357,357,370,570,570,583,594,594,605,605,629,629,649,649,659,12,12,12],"floor_reached":33,"campfire_rested":3,"playtime":1188,"current_hp_per_floor":[74,74,74,74,73,55,60,60,60,59,59,29,53,53,77,40,80,67,67,67,67,67,75,53,61,61,69,45,30,30,30,65,0],"items_purged":[],"gold":12,"score":259,"play_id":"e99bc4f1-ac0b-4d9e-8fec-bfb278ac0e6b","local_time":"20180507155025","is_prod":false,"is_daily":false,"chose_seed":false,"is_ascension_mode":false,"campfire_upgraded":4,"timestamp":1525722625,"path_taken":["M","?","?","M","M","E","?","R","T","M","M","E","R","?","R","BOSS","M","?","?","M","?","R","M","R","T","R","M","?","M","?","R","BOSS"],"build_version":"2018-05-03","seed_source_timestamp":1892694094977643,"purchased_purges":0,"victory":false,"master_deck":["Strike_B","Strike_B","Strike_B","Defend_B","Defend_B","Defend_B","Zap","Dualcast","Meteor Strike+1","Fusion+1","Gash+1","Zap","Dark Shackles+1","Beam Cell","Melter","Beam Cell","Prime","Chill+1","Thunder Strike","Darkness+1","Chaos+1","Aggregate+1","Scrape","Aggregate+1","Madness+1","Thunder Strike"],"max_hp_per_floor":[75,75,75,75,75,75,80,80,80,80,80,80,80,80,80,80,80,80,80,80,80,80,80,80,80,80,80,80,85,85,85,85,85],"relics":["Cracked Core","Toxic Egg 2","Mercury Hourglass","Vajra","Bag of Marbles","Eternal Feather","Lantern","Meat on the Bone","Oddly Smooth Stone"],"card_choices":[{"not_picked":["Static Discharge","Melter"],"picked":"Gash","floor":1},{"not_picked":["Tempest","Ball Lightning"],"picked":"Beam Cell","floor":4},{"not_picked":["Coolheaded","Reprogram"],"picked":"Melter","floor":5},{"not_picked":["Hologram","Axe Kick"],"picked":"Beam Cell","floor":11},{"not_picked":["Turbo","Steam Power"],"picked":"Prime","floor":12},{"not_picked":["Barrage","Stack"],"picked":"Chill","floor":14},{"not_picked":["Machine Learning","Reboot"],"picked":"Thunder Strike","floor":16},{"not_picked":["Go for the Eyes","Hello World"],"picked":"Darkness","floor":21},{"not_picked":["Go for the Eyes","Stack"],"picked":"Chaos","floor":22},{"not_picked":["Rebound","Chill"],"picked":"Aggregate","floor":24},{"not_picked":["Skim","Capacitor"],"picked":"Scrape","floor":28},{"not_picked":["Rebound","Ball Lightning"],"picked":"Aggregate","floor":30}],"player_experience":167479,"potions_floor_usage":[5,6,6,12,18,24,28],"damage_taken":[{"damage":1,"enemies":"2 Louse","floor":1,"turns":2},{"damage":0,"enemies":"Cultist","floor":4,"turns":3},{"damage":1,"enemies":"Jaw Worm","floor":5,"turns":2},{"damage":18,"enemies":"Lagavulin","floor":6,"turns":6},{"damage":1,"enemies":"2 Fungi Beasts","floor":10,"turns":2},{"damage":0,"enemies":"Large Slime","floor":11,"turns":4},{"damage":30,"enemies":"Gremlin Nob","floor":12,"turns":4},{"damage":0,"enemies":"Blue Slaver","floor":14,"turns":2},{"damage":37,"enemies":"The Guardian","floor":16,"turns":8},{"damage":13,"enemies":"2 Thieves","floor":18,"turns":4},{"damage":0,"enemies":"Spheric Guardian","floor":21,"turns":2},{"damage":0,"enemies":"Snecko","floor":22,"turns":2},{"damage":22,"enemies":"Cultist and Chosen","floor":24,"turns":6},{"damage":24,"enemies":"Sentry and Sphere","floor":28,"turns":4},{"damage":0,"enemies":"Snecko","floor":30,"turns":2},{"damage":81,"enemies":"Automaton","floor":33,"turns":6}],"event_choices":[{"event_name":"Match and Keep!","player_choice":"2 cards matched","floor":2,"damage_taken":0},{"event_name":"Big Fish","player_choice":"Donut","floor":7,"damage_taken":0},{"event_name":"The Joust","player_choice":"Bet on Owner","floor":19,"damage_taken":0},{"event_name":"Drug Dealer","player_choice":"Ignored","floor":20,"damage_taken":0},{"event_name":"Forgotten Altar","player_choice":"Shed Blood","floor":29,"damage_taken":0}],"boss_relics":[{"not_picked":["White Beast Statue","Snecko Eye"],"picked":"Eternal Feather"}],"potions_floor_spawned":[1,4,5,11,16,22,24],"seed_played":"3079831381500052260","killed_by":"Automaton","ascension_level":0,"is_trial":false}