{"gold_per_floor":[114,114,125,125,141,169,169,198,198,198],"floor_reached":10,"playtime":1046,"items_purged":[],"score":106,"play_id":"33d08dad-dd24-4341-b54b-cfee14b842c1","local_time":"20190629191157","is_ascension_mode":true,"campfire_choices":[{"floor":7,"key":"REST"}],"neow_cost":"NONE","seed_source_timestamp":187998256315100,"circlet_count":0,"master_deck":["Strike_R","Strike_R","Strike_R","Strike_R","Defend_R","Defend_R","Defend_R","Defend_R","Bash","Limit Break","Cleave","Searing Blow","Dark Embrace"],"relics":["Burning Blood","Ancient Tea Set","Nunchaku","Singing Bowl"],"potions_floor_usage":[6,6,10],"damage_taken":[{"damage":3,"enemies":"Small Slimes","floor":1,"turns":4},{"damage":1,"enemies":"Cultist","floor":3,"turns":4},{"damage":4,"enemies":"Jaw Worm","floor":5,"turns":4},{"damage":60,"enemies":"3 Sentries","floor":6,"turns":11},{"damage":52,"enemies":"Gremlin Nob","floor":8,"turns":6},{"damage":34,"enemies":"Large Slime","floor":10,"turns":6}],"seed_played":"-2328922935619514233","potions_obtained":[{"floor":3,"key":"Explosive Potion"},{"floor":5,"key":"Regen Potion"},{"floor":8,"key":"Regen Potion"}],"is_trial":false,"path_per_floor":["M","?","M","$","M","E","R","E","T","M"],"character_chosen":"IRONCLAD","items_purchased":[],"campfire_rested":1,"item_purchase_floors":[],"current_hp_per_floor":[75,75,80,80,80,41,65,19,19,0],"gold":198,"neow_bonus":"ONE_RANDOM_RARE_CARD","is_prod":false,"is_daily":false,"chose_seed":false,"campfire_upgraded":0,"win_rate":0,"timestamp":1561849917,"path_taken":["M","?","M","$","?","E","R","E","T","M"],"build_version":"2019-06-28","purchased_purges":0,"victory":false,"max_hp_per_floor":[80,80,80,80,80,80,80,80,80,80],"card_choices":[{"not_picked":["Warcry","Shrug It Off"],"picked":"Cleave","floor":1},{"not_picked":["Warcry","Armaments"],"picked":"Searing Blow","floor":3},{"not_picked":["Evolve","Clash","Intimidate"],"picked":"SKIP","floor":5},{"not_picked":["Perfected Strike","Wild Strike"],"picked":"Dark Embrace","floor":6},{"not_picked":["Clash","Disarm","Combust"],"picked":"SKIP","floor":8}],"player_experience":1150061,"relics_obtained":[{"floor":6,"key":"Ancient Tea Set"},{"floor":8,"key":"Nunchaku"},{"floor":9,"key":"Singing Bowl"}],"event_choices":[{"cards_removed":["Strike_R"],"damage_healed":0,"gold_gain":0,"player_choice":"Purged","damage_taken":0,"max_hp_gain":0,"max_hp_loss":0,"event_name":"Purifier","floor":2,"gold_loss":0}],"is_beta":true,"boss_relics":[],"items_purged_floors":[],"is_endless":false,"potions_floor_spawned":[3,5,8],"killed_by":"Large Slime","ascension_level":8}