{"gold_per_floor":[15,15,15,28,38,38,67,67,67,67,67,67,96,3,3,107,107,123,123,142,69,84,84,109,109,109,443,458,507,607,8,8,8],"floor_reached":33,"playtime":1338,"items_purged":[],"score":372,"play_id":"cdf35dd7-7714-4f9e-b5c7-a6bdf69ccb25","local_time":"20190415191829","is_ascension_mode":true,"campfire_choices":[{"data":"Defragment","floor":6,"key":"SMITH"},{"data":"Sunder","floor":8,"key":"SMITH"},{"data":"Dualcast","floor":10,"key":"SMITH"},{"data":"Zap","floor":12,"key":"SMITH"},{"floor":15,"key":"REST"},{"data":"Biased Cognition","floor":23,"key":"SMITH"},{"floor":25,"key":"REST"},{"data":"Double Energy","floor":32,"key":"SMITH"}],"neow_cost":"NO_GOLD","seed_source_timestamp":23947693593100,"circlet_count":0,"master_deck":["Strike_B","Strike_B","Strike_B","Strike_B","Defend_B+1","Defend_B","Defend_B","Defend_B+1","Zap+1","Dualcast+1","Sunder+1","Cold Snap","Defragment+1","Sunder+1","Doom and Gloom","Bandage Up","Biased Cognition+1","Double Energy+1","Ghostly","Ghostly","Ghostly","Ghostly","Ghostly","Cold Snap","Doom and Gloom","Self Repair+1","Defragment+1","Blizzard","Static Discharge+1","Coolheaded","Glacier","Double Energy+1","Panacea"],"relics":["FrozenCore","Ginger","Blue Candle","Blood Vial","Symbiotic Virus","Gremlin Horn","Dodecahedron","Bottled Tornado","Old Coin","Art of War","Torii","Shuriken","PrismaticShard","Vajra"],"potions_floor_usage":[5,7,18,20,30],"damage_taken":[{"damage":1,"enemies":"Cultist","floor":1,"turns":3},{"damage":1,"enemies":"Small Slimes","floor":4,"turns":2},{"damage":0,"enemies":"2 Louse","floor":5,"turns":1},{"damage":8,"enemies":"Gremlin Nob","floor":7,"turns":3},{"damage":8,"enemies":"Lagavulin","floor":13,"turns":4},{"damage":46,"enemies":"Hexaghost","floor":16,"turns":9},{"damage":11,"enemies":"3 Byrds","floor":18,"turns":5},{"damage":0,"enemies":"Chosen","floor":20,"turns":4},{"damage":0,"enemies":"Snake Plant","floor":22,"turns":4},{"damage":25,"enemies":"Book of Stabbing","floor":24,"turns":9},{"damage":11,"enemies":"Gremlin Leader","floor":27,"turns":6},{"damage":2,"enemies":"Sentry and Sphere","floor":28,"turns":7},{"damage":0,"enemies":"Colosseum Slavers","floor":30,"turns":3},{"damage":0,"enemies":"Colosseum Nobs","floor":30,"turns":5},{"damage":50,"enemies":"Champ","floor":33,"turns":13}],"seed_played":"-8850837502460420007","potions_obtained":[{"floor":1,"key":"Weak Potion"},{"floor":4,"key":"Explosive Potion"},{"floor":13,"key":"Ancient Potion"},{"floor":16,"key":"GamblersBrew"},{"floor":28,"key":"Dexterity Potion"}],"is_trial":false,"path_per_floor":["M","?","?","M","M","R","E","R","T","R","T","R","E","$","R","B",null,"M","?","M","$","M","R","E","R","T","E","M","T","?","$","R","B"],"character_chosen":"DEFECT","items_purchased":["Bandage Up","Doom and Gloom","PrismaticShard","Glacier","Double Energy","Panacea","Vajra"],"campfire_rested":2,"item_purchase_floors":[14,21,31,31,31,31,31],"current_hp_per_floor":[74,59,59,58,58,58,50,50,50,50,50,50,44,44,66,26,75,68,37,37,37,37,37,26,37,37,36,37,37,37,37,37,0],"gold":8,"neow_bonus":"ONE_RARE_RELIC","is_prod":false,"is_daily":false,"chose_seed":false,"campfire_upgraded":6,"win_rate":0,"timestamp":1555370309,"path_taken":["M","?","?","?","M","R","E","R","T","R","?","R","E","?","R","BOSS","M","?","M","$","M","R","E","R","T","E","M","?","?","$","R","BOSS"],"build_version":"2019-04-04","purchased_purges":0,"victory":false,"max_hp_per_floor":[75,75,75,75,75,75,75,75,75,75,75,75,75,75,75,75,75,75,37,37,37,37,37,37,37,37,37,37,37,37,37,37,37],"card_choices":[{"not_picked":["Tempest","Undo"],"picked":"Sunder","floor":1},{"not_picked":["Recycle","Turbo"],"picked":"Cold Snap","floor":4},{"not_picked":["Go for the Eyes","Aggregate"],"picked":"Defragment","floor":5},{"not_picked":["Sweeping Beam","Hologram"],"picked":"Sunder","floor":7},{"not_picked":["Steam","Rebound"],"picked":"Doom and Gloom","floor":13},{"not_picked":["Hyperbeam","Meteor Strike"],"picked":"Biased Cognition","floor":16},{"not_picked":["Rebound","Compile Driver"],"picked":"Double Energy+1","floor":18},{"not_picked":["Recycle","Static Discharge"],"picked":"Cold Snap","floor":20},{"not_picked":["Leap+1","Hologram"],"picked":"Self Repair+1","floor":22},{"not_picked":["Redo+1","Conserve Battery"],"picked":"Defragment+1","floor":24},{"not_picked":["Chill","Storm"],"picked":"Blizzard","floor":27},{"not_picked":["Doom and Gloom","Barrage"],"picked":"Static Discharge+1","floor":28},{"not_picked":["Compile Driver+1","Barrage+1"],"picked":"Coolheaded","floor":30}],"player_experience":797106,"relics_obtained":[{"floor":7,"key":"Blue Candle"},{"floor":9,"key":"Blood Vial"},{"floor":11,"key":"Symbiotic Virus"},{"floor":13,"key":"Gremlin Horn"},{"floor":24,"key":"Dodecahedron"},{"floor":26,"key":"Bottled Tornado"},{"floor":27,"key":"Old Coin"},{"floor":29,"key":"Art of War"},{"floor":30,"key":"Torii"},{"floor":30,"key":"Shuriken"}],"event_choices":[{"damage_healed":0,"gold_gain":0,"player_choice":"Entered Light","damage_taken":15,"max_hp_gain":0,"max_hp_loss":0,"event_name":"Shining Light","floor":2,"gold_loss":0,"cards_upgraded":["Defend_B","Defend_B"]},{"damage_healed":0,"gold_gain":0,"player_choice":"Upgraded","damage_taken":0,"max_hp_gain":0,"max_hp_loss":0,"event_name":"Upgrade Shrine","floor":3,"gold_loss":0,"cards_upgraded":["Sunder"]},{"damage_healed":0,"gold_gain":0,"player_choice":"Became a Ghost","damage_taken":0,"max_hp_gain":0,"max_hp_loss":38,"event_name":"Ghosts","floor":19,"gold_loss":0,"cards_obtained":["Ghostly","Ghostly","Ghostly","Ghostly","Ghostly"]},{"damage_healed":0,"gold_gain":0,"player_choice":"Fight","damage_taken":0,"max_hp_gain":0,"max_hp_loss":0,"event_name":"Colosseum","floor":30,"gold_loss":0},{"damage_healed":0,"gold_gain":0,"player_choice":"Fought Nobs","damage_taken":0,"max_hp_gain":0,"max_hp_loss":0,"event_name":"Colosseum","floor":30,"gold_loss":0}],"is_beta":true,"boss_relics":[{"not_picked":["Inserter","Lizard Tail"],"picked":"FrozenCore"}],"items_purged_floors":[],"is_endless":false,"potions_floor_spawned":[1,4,13,16,28,30],"killed_by":"Champ","ascension_level":4}