{"path_per_floor":["M","M","?","?","$","R","M","$","T","E","M","$","R","E","R","B",null,"M","?","$","?","M","R","M","?","T","?","M","R"],"character_chosen":"IRONCLAD","items_purchased":["Impervious","Thunderclap","Dramatic Entrance","Flex"],"gold_per_floor":[114,127,127,127,4,4,14,14,94,124,140,1,1,31,31,136,136,154,154,154,154,164,164,184,184,184,184,201,201],"floor_reached":30,"campfire_rested":3,"playtime":1683,"current_hp_per_floor":[72,72,65,65,65,65,69,69,69,33,37,37,58,60,60,26,72,69,69,69,13,17,38,41,41,41,41,42,63],"items_purged":[],"gold":201,"score":236,"play_id":"92af9a3b-eed0-47d2-9f60-3c375c318626","local_time":"20180304215331","is_prod":false,"is_daily":false,"is_ascension_mode":false,"campfire_upgraded":2,"timestamp":1520218411,"path_taken":["M","M","?","?","$","R","M","$","T","E","M","?","R","E","R","BOSS","M","?","$","?","?","R","M","?","T","?","?","R","E"],"build_version":"2018-03-01-PROD1","purchased_purges":0,"victory":false,"master_deck":["Strike_R","Strike_R","Strike_R","Strike_R","Defend_R","Defend_R","Defend_R","Pommel Strike","Pommel Strike","Shrug It Off","Offering+1","Regret","Impervious","Thunderclap","Carnage+1","Impervious","Flex","Dramatic Entrance","Flex","Entrench","Immolate","Sentinel+1","Blind","Blind","Flash of Steel","Swift Strike","Good Instincts","Trip","Sentinel","True Grit+1","Decay","Pommel Strike+1"],"max_hp_per_floor":[72,72,72,72,72,72,72,72,72,72,72,72,72,72,72,72,72,72,72,72,72,72,72,72,72,72,72,72,72],"relics":["Burning Blood","Pen Nib","Blood Vial","Blue Candle","Bag of Preparation","Centennial Puzzle","Sozu","Torii"],"card_choices":[{"not_picked":["Perfected Strike","Heavy Blade"],"picked":"Shrug It Off"},{"not_picked":["Clash","Wild Strike"],"picked":"Offering"},{"not_picked":["Armaments","Second Wind"],"picked":"Carnage"},{"not_picked":["Reckless Charge","Blood for Blood"],"picked":"Impervious"},{"not_picked":["Havoc","Power Through"],"picked":"Flex"},{"not_picked":["True Grit","Dropkick"],"picked":"Entrench"},{"not_picked":["Exhume","Impervious"],"picked":"Immolate"},{"not_picked":["Armaments","Dropkick"],"picked":"Sentinel"},{"not_picked":["Cleave","Searing Blow"],"picked":"Sentinel"},{"not_picked":["Pommel Strike","Headbutt"],"picked":"True Grit"},{"not_picked":["Thunderclap","Clothesline"],"picked":"Pommel Strike"}],"player_experience":252026,"potions_floor_usage":[7,10,11],"damage_taken":[{"damage":1,"enemies":"2 Louse","floor":1,"turns":2},{"damage":5,"enemies":"Small Slimes","floor":2,"turns":4},{"damage":4,"enemies":"Cultist","floor":7,"turns":2},{"damage":44,"enemies":"Lagavulin","floor":10,"turns":8},{"damage":4,"enemies":"Blue Slaver","floor":11,"turns":1},{"damage":6,"enemies":"Gremlin Nob","floor":14,"turns":3},{"damage":42,"enemies":"Hexaghost","floor":16,"turns":9},{"damage":9,"enemies":"3 Byrds","floor":18,"turns":4},{"damage":4,"enemies":"Shell Parasite","floor":22,"turns":3},{"damage":5,"enemies":"3 Cultists","floor":24,"turns":3},{"damage":7,"enemies":"Cultist and Chosen","floor":28,"turns":9},{"damage":74,"enemies":"Gremlin Leader","floor":30,"turns":11}],"event_choices":[{"event_name":"Scrap Ooze","player_choice":"success","floor":3,"damage_taken":7},{"event_name":"Big Fish","player_choice":"Box","floor":4,"damage_taken":0},{"event_name":"Back to Basics","player_choice":"Elegance","floor":19,"damage_taken":0},{"event_name":"Knowing Skull","player_choice":"CARD CARD CARD CARD CARD CARD ","floor":21,"damage_taken":0},{"event_name":"Beggar","player_choice":"Ignored","floor":25,"damage_taken":0},{"event_name":"Forgotten Altar","player_choice":"Smashed Altar","floor":27,"damage_taken":0}],"boss_relics":[{"not_picked":["Ectoplasm","Black Star"],"picked":"Sozu"}],"potions_floor_spawned":[2,7,10,22,28],"seed_played":"8921366873788799431","killed_by":"Gremlin Leader","ascension_level":0,"is_trial":false}