{"path_per_floor":["M","$","?","M","M","E","R","$","T","M","M","M","R","M","R","B",null,"M","M","?","M"],"character_chosen":"IRONCLAD","items_purchased":["Demon Form","Strength Potion"],"gold_per_floor":[114,42,42,61,80,148,148,98,148,167,186,205,205,224,224,349,349,368,357,357,376,376],"floor_reached":22,"campfire_rested":2,"playtime":1164,"current_hp_per_floor":[80,80,60,56,58,40,64,64,64,61,55,55,79,80,80,63,80,56,46,72,9,0],"items_purged":[],"gold":376,"score":190,"play_id":"1971960b-8255-4dd6-99ec-97621aa9c2fe","local_time":"20180328005319","daily_mods":["Allstar","Uncertain Future","Binary"],"is_prod":false,"is_daily":true,"is_ascension_mode":false,"campfire_upgraded":1,"timestamp":1522212799,"path_taken":["M","$","?","M","M","E","R","?","T","M","M","?","R","M","R","BOSS","M","M","?","M","M"],"build_version":"2018-03-22v2","purchased_purges":0,"victory":false,"master_deck":["Strike_R","Strike_R","Strike_R","Strike_R","Strike_R","Defend_R","Defend_R","Defend_R","Defend_R","Bash","Blind","Apotheosis+1","Demon Form","Heavy Blade","Flex","Whirlwind","Reaper","Double Tap","Juggernaut"],"max_hp_per_floor":[80,80,80,80,80,80,80,80,80,80,80,80,80,80,80,80,80,80,80,80,80,80],"relics":["Burning Blood","Golden Idol","Tiny Chest","Dream Catcher","Runic Pyramid"],"card_choices":[{"not_picked":["Sever Soul"],"picked":"Heavy Blade","floor":6},{"not_picked":["Fire Breathing"],"picked":"Flex","floor":10},{"not_picked":["Armaments"],"picked":"Whirlwind","floor":13},{"not_picked":["Anger"],"picked":"Reaper","floor":14},{"not_picked":["Berserk"],"picked":"Double Tap","floor":16},{"not_picked":["Sever Soul"],"picked":"Juggernaut","floor":21}],"player_experience":528598,"potions_floor_usage":[6,10,11,14,14,16,16,19,21],"damage_taken":[{"damage":0,"enemies":"Small Slimes","floor":1,"turns":4},{"damage":10,"enemies":"Jaw Worm","floor":4,"turns":5},{"damage":4,"enemies":"2 Louse","floor":5,"turns":2},{"damage":24,"enemies":"3 Sentries","floor":6,"turns":7},{"damage":9,"enemies":"Looter","floor":10,"turns":4},{"damage":12,"enemies":"Exordium Wildlife","floor":11,"turns":6},{"damage":6,"enemies":"2 Fungi Beasts","floor":12,"turns":5},{"damage":1,"enemies":"Blue Slaver","floor":14,"turns":3},{"damage":36,"enemies":"Hexaghost","floor":16,"turns":8},{"damage":40,"enemies":"3 Byrds","floor":18,"turns":5},{"damage":16,"enemies":"2 Thieves","floor":19,"turns":4},{"damage":79,"enemies":"Centurion and Healer","floor":21,"turns":8},{"damage":15,"enemies":"Slaver and Parasite","floor":22,"turns":1}],"event_choices":[{"event_name":"Golden Idol","player_choice":"Take Damage","floor":3,"damage_taken":0},{"event_name":"The Library","player_choice":"Heal","floor":20,"damage_taken":0}],"boss_relics":[{"not_picked":["Question Card","Ectoplasm"],"picked":"Runic Pyramid"}],"potions_floor_spawned":[4,5,6,11,12,14,18,19],"seed_played":"-186306444568268159","killed_by":"Slaver and Parasite","ascension_level":0,"is_trial":false}