{"gold_per_floor":[115,38,213,225,175,175,186,186,186,261,261,280,280,292,292,393,393,413,368,386,386,399,399,414,414,414,447,447,463,158,175,175,273,273,289,337,337,351,398,398,416,416,416,516,516,549,549],"floor_reached":47,"playtime":3341,"items_purged":[],"score":691,"play_id":"de2c6b9e-6b51-41e2-8054-4db462b568b1","local_time":"20190620031653","is_ascension_mode":true,"campfire_choices":[{"data":"White Noise","floor":6,"key":"SMITH"},{"data":"Defragment","floor":8,"key":"SMITH"},{"floor":11,"key":"REST"},{"data":"Dualcast","floor":13,"key":"SMITH"},{"data":"Hello World","floor":15,"key":"SMITH"},{"floor":23,"key":"RECALL"},{"floor":28,"key":"REST"},{"floor":32,"key":"REST"},{"floor":40,"key":"REST"}],"neow_cost":"NONE","seed_source_timestamp":19995678571300,"circlet_count":0,"master_deck":["Strike_B","Strike_B","Strike_B","Defend_B","Defend_B","Defend_B","Defend_B","Zap","Dualcast+1","White Noise+1","Capacitor","Hello World+1","Defragment+1","Glacier","Capacitor","Echo Form","Streamline","Redo","Skim","Ghostly","Ghostly","Ghostly","Ghostly","Ghostly","Double Energy+1","Barrage","Echo Form","Leap+1","Barrage","Echo Form","Amplify+1","Tempest+1","Chill","Hologram","Reprogram+1","Machine Learning","White Noise+1","Force Field","Madness","Madness","Defragment+1","Heatsinks+1"],"relics":["Snecko Eye","Nuclear Battery","Bottled Tornado","DataDisk","Prayer Wheel","Sozu","Dead Branch","Centennial Puzzle","PreservedInsect","Pocketwatch","Potion Belt"],"potions_floor_usage":[12,14,16,24,27,33],"damage_taken":[{"damage":5,"enemies":"Cultist","floor":1,"turns":4},{"damage":5,"enemies":"Small Slimes","floor":4,"turns":4},{"damage":9,"enemies":"2 Louse","floor":7,"turns":3},{"damage":0,"enemies":"Exordium Wildlife","floor":12,"turns":2},{"damage":9,"enemies":"Lots of Slimes","floor":14,"turns":4},{"damage":19,"enemies":"The Guardian","floor":16,"turns":13},{"damage":0,"enemies":"Spheric Guardian","floor":18,"turns":5},{"damage":7,"enemies":"Chosen","floor":20,"turns":3},{"damage":1,"enemies":"Shelled Parasite and Fungi","floor":22,"turns":8},{"damage":4,"enemies":"Centurion and Healer","floor":24,"turns":8},{"damage":27,"enemies":"Slavers","floor":27,"turns":12},{"damage":2,"enemies":"Cultist and Chosen","floor":29,"turns":9},{"damage":2,"enemies":"Snake Plant","floor":31,"turns":7},{"damage":0,"enemies":"Collector","floor":33,"turns":8},{"damage":2,"enemies":"3 Shapes","floor":35,"turns":5},{"damage":7,"enemies":"2 Orb Walkers","floor":36,"turns":6},{"damage":2,"enemies":"3 Darklings","floor":38,"turns":7},{"damage":1,"enemies":"Sphere and 2 Shapes","floor":41,"turns":5},{"damage":0,"enemies":"Mind Bloom Boss Battle","floor":44,"turns":5},{"damage":18,"enemies":"Reptomancer","floor":46,"turns":6},{"damage":11,"enemies":"Jaw Worm Horde","floor":47,"turns":1}],"seed_played":"-217137948171537084","potions_obtained":[{"floor":4,"key":"Ancient Potion"},{"floor":12,"key":"Strength Potion"},{"floor":14,"key":"Weak Potion"},{"floor":20,"key":"Regen Potion"},{"floor":24,"key":"Dexterity Potion"},{"floor":31,"key":"Poison Potion"}],"is_trial":false,"path_per_floor":["M","$","?","M","?","R","M","R","T","?","R","M","R","M","R","B",null,"M","$","M","?","M","R","M","?","T","E","R","M","$","M","R","B",null,"M","?","?","M","T","R","M","?","T","?","?","E","M"],"character_chosen":"DEFECT","items_purchased":["Capacitor","Redo","Prayer Wheel"],"campfire_rested":4,"item_purchase_floors":[2,19,30],"current_hp_per_floor":[70,70,70,65,65,65,56,56,56,45,67,67,67,58,58,39,66,66,66,59,37,36,36,37,37,37,10,21,19,19,17,28,28,35,33,26,26,24,24,35,34,29,29,29,29,11,0],"gold":549,"neow_bonus":"BOSS_RELIC","is_prod":false,"is_daily":false,"chose_seed":false,"campfire_upgraded":4,"win_rate":0,"timestamp":1561015013,"path_taken":["M","?","?","M","?","R","M","R","T","?","R","M","R","M","R","BOSS","M","$","M","?","M","R","M","?","T","E","R","M","$","?","R","BOSS","M","?","?","?","?","R","M","?","T","?","?","E","M"],"build_version":"2019-06-18","purchased_purges":0,"victory":false,"max_hp_per_floor":[75,75,75,75,75,75,75,75,75,75,75,75,75,75,75,75,75,75,75,75,37,37,37,37,37,37,37,37,37,37,37,37,37,37,37,37,37,37,37,37,37,37,37,37,37,37,37],"card_choices":[{"not_picked":["Go for the Eyes","Compile Driver"],"picked":"White Noise","floor":1},{"not_picked":["Beam Cell","Ball Lightning"],"picked":"Hello World","floor":4},{"not_picked":["Turbo","Undo"],"picked":"Defragment","floor":7},{"not_picked":["Scrape","Turbo"],"picked":"Glacier","floor":12},{"not_picked":["Coolheaded","Scrape"],"picked":"Capacitor","floor":14},{"not_picked":["Multi-Cast","Buffer"],"picked":"Echo Form","floor":16},{"not_picked":["Steam","Conserve Battery"],"picked":"Streamline","floor":18},{"not_picked":["Hologram","Beam Cell"],"picked":"Skim","floor":20},{"not_picked":["Recycle","Scrape"],"picked":"Double Energy+1","floor":22},{"not_picked":["Gash","Genetic Algorithm+1"],"picked":"Barrage","floor":24},{"not_picked":["Compile Driver","Cold Snap"],"picked":"Leap+1","floor":27},{"not_picked":["Conserve Battery","Genetic Algorithm"],"picked":"Barrage","floor":29},{"not_picked":["Compile Driver+1","Darkness"],"picked":"Echo Form","floor":31},{"not_picked":["Static Discharge","Streamline","Sweeping Beam"],"picked":"SKIP","floor":31},{"not_picked":["Hyperbeam","Buffer"],"picked":"Amplify","floor":33},{"not_picked":["Ball Lightning+1","Go for the Eyes+1"],"picked":"Tempest+1","floor":35},{"not_picked":["Reinforced Body+1","Conserve Battery","Barrage"],"picked":"SKIP","floor":35},{"not_picked":["Heatsinks","Reinforced Body"],"picked":"Chill","floor":36},{"not_picked":["Redo","Leap"],"picked":"Reprogram+1","floor":38},{"not_picked":["Coolheaded","Beam Cell+1"],"picked":"Machine Learning","floor":38},{"not_picked":["Streamline+1","Go for the Eyes+1"],"picked":"White Noise+1","floor":41},{"not_picked":["Leap+1","Go for the Eyes+1"],"picked":"Force Field","floor":41},{"not_picked":["Static Discharge+1","FTL+1"],"picked":"Defragment+1","floor":44},{"not_picked":["Recycle","Conserve Battery"],"picked":"Heatsinks+1","floor":46}],"player_experience":1090415,"relics_obtained":[{"floor":26,"key":"Bottled Tornado"},{"floor":27,"key":"DataDisk"},{"floor":36,"key":"Dead Branch"},{"floor":39,"key":"Centennial Puzzle"},{"floor":43,"key":"PreservedInsect"},{"floor":44,"key":"Pocketwatch"},{"floor":46,"key":"Potion Belt"}],"event_choices":[{"damage_healed":0,"gold_gain":175,"player_choice":"AGREE","damage_taken":0,"max_hp_gain":0,"max_hp_loss":0,"event_name":"Liars Game","floor":3,"gold_loss":0,"cards_obtained":["Doubt"]},{"cards_removed":["Doubt"],"damage_healed":0,"gold_gain":0,"player_choice":"Card Removal","damage_taken":0,"max_hp_gain":0,"max_hp_loss":0,"event_name":"The Cleric","floor":5,"gold_loss":50},{"damage_healed":0,"gold_gain":75,"player_choice":"Gather Gold","damage_taken":11,"max_hp_gain":0,"max_hp_loss":0,"event_name":"World of Goop","floor":10,"gold_loss":0},{"damage_healed":0,"gold_gain":0,"player_choice":"Became a Ghost","damage_taken":0,"max_hp_gain":0,"max_hp_loss":38,"event_name":"Ghosts","floor":21,"gold_loss":0,"cards_obtained":["Ghostly","Ghostly","Ghostly","Ghostly","Ghostly"]},{"damage_healed":0,"gold_gain":0,"player_choice":"Copied","damage_taken":0,"max_hp_gain":0,"max_hp_loss":0,"event_name":"Duplicator","floor":25,"gold_loss":0,"cards_obtained":["Echo Form"]},{"damage_healed":0,"gold_gain":0,"player_choice":"Fight","damage_taken":0,"max_hp_gain":0,"max_hp_loss":0,"event_name":"Mysterious Sphere","floor":36,"gold_loss":0},{"damage_healed":0,"gold_gain":0,"cards_transformed":["Strike_B"],"player_choice":"Transformed","damage_taken":0,"max_hp_gain":0,"max_hp_loss":0,"event_name":"Transmorgrifier","floor":37,"gold_loss":0,"cards_obtained":["Hologram"]},{"damage_healed":0,"gold_gain":0,"player_choice":"Embrace Madness","damage_taken":5,"max_hp_gain":0,"max_hp_loss":0,"event_name":"Winding Halls","floor":42,"gold_loss":0,"cards_obtained":["Madness","Madness"]},{"damage_healed":0,"gold_gain":0,"player_choice":"Fight","damage_taken":0,"max_hp_gain":0,"max_hp_loss":0,"event_name":"MindBloom","floor":44,"gold_loss":0},{"damage_healed":0,"gold_gain":0,"player_choice":"Upgraded","damage_taken":0,"max_hp_gain":0,"max_hp_loss":0,"event_name":"Upgrade Shrine","floor":45,"gold_loss":0,"cards_upgraded":["Amplify"]}],"is_beta":true,"boss_relics":[{"not_picked":["Ectoplasm","Fusion Hammer"],"picked":"Nuclear Battery"},{"not_picked":["Empty Cage","Busted Crown"],"picked":"Sozu"}],"items_purged_floors":[],"is_endless":false,"potions_floor_spawned":[4,12,14,20,24,31,36,38,44,46],"killed_by":"Jaw Worm Horde","ascension_level":5}