{"gold_per_floor":[113,125,136,136,86,106,140,156,180,209,223,272,284,317,317,413,413,427,427,352,352,369,396,407,436,462,462,472,195,195,213,213,313,313,332,13,13,67,80,80,98,114,137,137,137,150,150,161,161,161,161,161,8,36,36],"floor_reached":55,"playtime":6670,"items_purged":["Defend_R","Strike_R"],"score":876,"play_id":"40db4888-f419-4754-8bfb-2ffbc14aafe4","local_time":"20190701205120","is_ascension_mode":true,"campfire_choices":[{"floor":15,"key":"REST"},{"data":"Double Tap","floor":30,"key":"SMITH"},{"data":"Seeing Red","floor":32,"key":"SMITH"},{"data":"Rage","floor":40,"key":"SMITH"},{"floor":45,"key":"RECALL"},{"data":"Battle Trance","floor":47,"key":"SMITH"},{"data":"Burning Pact","floor":49,"key":"SMITH"},{"data":"Juggernaut","floor":52,"key":"SMITH"}],"neow_cost":"NONE","seed_source_timestamp":422067096528187,"circlet_count":0,"master_deck":["Strike_R","Strike_R","Strike_R","Strike_R","Bash","Metallicize","Anger","Disarm","Rage+1","Battle Trance+1","Clash","Iron Wave","Seeing Red+1","Reaper","Rampage","Dark Embrace","Headbutt","Second Wind+1","Juggernaut+1","Carnage","Burning Pact+1","Double Tap+1","Iron Wave","Double Tap","Fiend Fire","Havoc+1","Reckless Charge+1","Headbutt+1","Warcry+1","Sever Soul+1","Madness","Madness","Limit Break","Feel No Pain+1","Burning Pact"],"relics":["Burning Blood","Centennial Puzzle","Juzu Bracelet","Anchor","Boot","Mark of Pain","Blue Candle","Nloth\u0027s Gift","Magic Flower","Red Skull","Bag of Marbles","Coffee Dripper","Pen Nib","Ice Cream","Happy Flower","Kunai"],"potions_floor_usage":[7,10,11,23,25,33,35,54,54,55,55],"damage_taken":[{"damage":1,"enemies":"Cultist","floor":1,"turns":4},{"damage":9,"enemies":"Small Slimes","floor":2,"turns":4},{"damage":4,"enemies":"Jaw Worm","floor":3,"turns":4},{"damage":12,"enemies":"Blue Slaver","floor":6,"turns":4},{"damage":20,"enemies":"Lagavulin","floor":7,"turns":6},{"damage":11,"enemies":"Red Slaver","floor":8,"turns":4},{"damage":22,"enemies":"3 Sentries","floor":10,"turns":7},{"damage":7,"enemies":"Gremlin Gang","floor":11,"turns":5},{"damage":3,"enemies":"Exordium Thugs","floor":13,"turns":5},{"damage":16,"enemies":"Gremlin Nob","floor":14,"turns":3},{"damage":34,"enemies":"The Guardian","floor":16,"turns":9},{"damage":20,"enemies":"Shell Parasite","floor":18,"turns":5},{"damage":16,"enemies":"Spheric Guardian","floor":22,"turns":4},{"damage":46,"enemies":"Slavers","floor":23,"turns":8},{"damage":9,"enemies":"Chosen and Byrds","floor":24,"turns":6},{"damage":56,"enemies":"Book of Stabbing","floor":25,"turns":6},{"damage":0,"enemies":"Cultist and Chosen","floor":28,"turns":3},{"damage":23,"enemies":"Sentry and Sphere","floor":31,"turns":4},{"damage":73,"enemies":"Collector","floor":33,"turns":8},{"damage":19,"enemies":"3 Darklings","floor":35,"turns":3},{"damage":60,"enemies":"2 Orb Walkers","floor":38,"turns":5},{"damage":12,"enemies":"3 Shapes","floor":39,"turns":2},{"damage":16,"enemies":"Transient","floor":41,"turns":5},{"damage":6,"enemies":"Sphere and 2 Shapes","floor":42,"turns":3},{"damage":15,"enemies":"Spire Growth","floor":46,"turns":4},{"damage":6,"enemies":"Jaw Worm Horde","floor":48,"turns":3},{"damage":83,"enemies":"Awakened One","floor":50,"turns":10},{"damage":91,"enemies":"Shield and Spear","floor":54,"turns":6},{"damage":114,"enemies":"The Heart","floor":55,"turns":3}],"seed_played":"5332654761590687680","potions_obtained":[{"floor":2,"key":"FearPotion"},{"floor":3,"key":"Poison Potion"},{"floor":7,"key":"Fire Potion"},{"floor":10,"key":"SteroidPotion"},{"floor":13,"key":"SpeedPotion"},{"floor":16,"key":"Strength Potion"},{"floor":18,"key":"AttackPotion"},{"floor":22,"key":"Regen Potion"},{"floor":28,"key":"AttackPotion"},{"floor":31,"key":"Energy Potion"},{"floor":33,"key":"AttackPotion"},{"floor":46,"key":"Strength Potion"},{"floor":54,"key":"GamblersBrew"}],"is_trial":false,"path_per_floor":["M","M","M","?","?","M","E","M","T","E","M","T","M","E","R","B",null,"M","?","?","?","M","E","M","E","T","?","M","$","R","M","R","B",null,"M","$","?","?","M","R","M","M","T","?","R","M","R","M","R","B",null,"R","$","E","B"],"character_chosen":"IRONCLAD","items_purchased":["Double Tap","Iron Wave","Pen Nib","BloodPotion","Happy Flower"],"campfire_rested":1,"item_purchase_floors":[29,29,36,36,53],"current_hp_per_floor":[88,85,87,80,80,74,60,55,55,39,38,38,41,31,57,35,75,61,61,61,61,56,46,54,15,15,44,58,58,58,52,52,20,71,78,78,78,42,39,39,51,70,70,59,59,71,71,83,83,25,72,72,72,38,0],"gold":36,"neow_bonus":"TEN_PERCENT_HP_BONUS","is_prod":false,"is_daily":false,"chose_seed":false,"campfire_upgraded":6,"win_rate":0,"timestamp":1562028680,"path_taken":["M","M","?","?","?","M","E","M","T","E","M","?","M","E","R","BOSS","M","?","?","?","M","E","M","E","T","?","M","$","R","M","R","BOSS","M","$","?","?","M","R","M","M","T","?","R","M","R","M","R","BOSS","R","$","E","BOSS"],"build_version":"2019-07-01","purchased_purges":2,"victory":false,"max_hp_per_floor":[88,88,88,88,88,88,88,88,88,88,88,88,88,88,88,88,88,88,88,88,88,88,88,88,88,88,88,88,88,88,88,88,88,88,88,88,88,88,88,88,88,88,88,88,88,88,88,88,88,88,88,88,88,88,88],"card_choices":[{"not_picked":["Pommel Strike","Rage"],"picked":"Metallicize","floor":1},{"not_picked":["Flex","Ghostly Armor"],"picked":"Anger","floor":2},{"not_picked":["Wild Strike","Rupture"],"picked":"Disarm","floor":3},{"not_picked":["Armaments","True Grit"],"picked":"Rage","floor":6},{"not_picked":["Wild Strike","Flex"],"picked":"Warcry","floor":7},{"not_picked":["Dual Wield","Warcry"],"picked":"Battle Trance","floor":8},{"not_picked":["Impervious","Anger"],"picked":"Clash","floor":10},{"not_picked":["Headbutt","Flex"],"picked":"Iron Wave","floor":11},{"not_picked":["Headbutt","Body Slam"],"picked":"Seeing Red","floor":13},{"not_picked":["Whirlwind","Infernal Blade"],"picked":"Reaper","floor":14},{"not_picked":["Thunderclap","True Grit"],"picked":"Rampage","floor":15},{"not_picked":["Limit Break","Bludgeon"],"picked":"Dark Embrace","floor":16},{"not_picked":["Body Slam+1","Cleave"],"picked":"Headbutt","floor":18},{"not_picked":["Rupture","Disarm"],"picked":"Second Wind+1","floor":22},{"not_picked":["Body Slam","Whirlwind"],"picked":"Juggernaut","floor":23},{"not_picked":["Pummel","Shrug It Off"],"picked":"Carnage","floor":24},{"not_picked":["Body Slam+1","Hemokinesis"],"picked":"Burning Pact","floor":25},{"not_picked":["Shrug It Off","Combust+1","Searing Blow"],"picked":"SKIP","floor":28},{"not_picked":["Disarm","Wild Strike"],"picked":"Double Tap","floor":31},{"not_picked":["Double Tap","Barricade"],"picked":"Fiend Fire","floor":33},{"not_picked":["Cleave","Thunderclap"],"picked":"Havoc+1","floor":35},{"not_picked":["Fiend Fire","Rampage"],"picked":"Reckless Charge+1","floor":38},{"not_picked":["Heavy Blade+1","Sword Boomerang+1"],"picked":"Headbutt+1","floor":39},{"not_picked":["Rampage+1","Barricade"],"picked":"Warcry+1","floor":41},{"not_picked":["Iron Wave","Fiend Fire"],"picked":"Sever Soul+1","floor":42},{"not_picked":["Perfected Strike","Sword Boomerang+1"],"picked":"Limit Break","floor":46},{"not_picked":["Spot Weakness","Cleave"],"picked":"Feel No Pain+1","floor":48},{"not_picked":["Shrug It Off+1","Fire Breathing"],"picked":"Burning Pact","floor":54}],"player_experience":155348,"relics_obtained":[{"floor":7,"key":"Centennial Puzzle"},{"floor":9,"key":"Juzu Bracelet"},{"floor":10,"key":"Dream Catcher"},{"floor":12,"key":"Anchor"},{"floor":14,"key":"Boot"},{"floor":23,"key":"Magic Flower"},{"floor":25,"key":"Red Skull"},{"floor":26,"key":"Bag of Marbles"},{"floor":38,"key":"Ice Cream"},{"floor":54,"key":"Kunai"}],"event_choices":[{"cards_removed":["Defend_R"],"damage_healed":0,"gold_gain":0,"player_choice":"Card Removal","damage_taken":7,"max_hp_gain":0,"max_hp_loss":0,"event_name":"Golden Wing","floor":4,"gold_loss":0},{"cards_removed":["Defend_R"],"damage_healed":0,"gold_gain":0,"player_choice":"Card Removal","damage_taken":0,"max_hp_gain":0,"max_hp_loss":0,"event_name":"The Cleric","floor":5,"gold_loss":50},{"damage_healed":0,"gold_gain":0,"player_choice":"Gave Potion","damage_taken":0,"relics_obtained":["Blue Candle"],"max_hp_gain":0,"max_hp_loss":0,"event_name":"WeMeetAgain","floor":19,"gold_loss":0},{"cards_removed":["Defend_R"],"damage_healed":0,"gold_gain":0,"player_choice":"Gave Gold","damage_taken":0,"max_hp_gain":0,"max_hp_loss":0,"event_name":"Beggar","floor":20,"gold_loss":75},{"damage_healed":0,"gold_gain":0,"player_choice":"Traded Relic","damage_taken":0,"relics_obtained":["Nloth\u0027s Gift"],"max_hp_gain":0,"max_hp_loss":0,"event_name":"N\u0027loth","floor":21,"relics_lost":["Dream Catcher"],"gold_loss":0},{"damage_healed":29,"gold_gain":0,"player_choice":"Heal","damage_taken":0,"max_hp_gain":0,"max_hp_loss":0,"event_name":"The Library","floor":27,"gold_loss":0},{"cards_removed":["Warcry"],"damage_healed":0,"gold_gain":0,"player_choice":"Removed Skill","damage_taken":0,"max_hp_gain":0,"max_hp_loss":0,"event_name":"Falling","floor":37,"gold_loss":0},{"damage_healed":0,"gold_gain":0,"player_choice":"Fight","damage_taken":0,"max_hp_gain":0,"max_hp_loss":0,"event_name":"Mysterious Sphere","floor":38,"gold_loss":0},{"damage_healed":0,"gold_gain":0,"player_choice":"Embrace Madness","damage_taken":11,"max_hp_gain":0,"max_hp_loss":0,"event_name":"Winding Halls","floor":44,"gold_loss":0,"cards_obtained":["Madness","Madness"]}],"is_beta":false,"boss_relics":[{"not_picked":["Cursed Key","White Beast Statue"],"picked":"Mark of Pain"},{"not_picked":["Black Blood","Lizard Tail"],"picked":"Coffee Dripper"}],"items_purged_floors":[29,36],"is_endless":false,"potions_floor_spawned":[2,3,7,10,13,16,18,22,28,31,33,39,46,54],"killed_by":"The Heart","ascension_level":5}