{"path_per_floor":["M","M","M","?","M","E","$","R","T","M","$","E","?","?","R","B",null,"M","M","$","?","M"],"character_chosen":"IRONCLAD","items_purchased":["Bludgeon","Secret Weapon","Jack Of All Trades"],"gold_per_floor":[111,128,142,217,232,257,94,94,121,131,131,161,232,287,287,382,382,400,417,115,15,31],"floor_reached":23,"campfire_rested":2,"playtime":2465,"current_hp_per_floor":[80,80,80,69,61,16,16,40,40,48,48,53,53,48,72,42,80,80,76,76,76,26],"items_purged":[],"gold":31,"score":201,"play_id":"a6fd4724-b152-4313-837c-387de7f9b40f","local_time":"20180307173059","is_prod":false,"is_daily":false,"is_ascension_mode":false,"campfire_upgraded":0,"timestamp":1520461859,"path_taken":["M","M","M","?","M","E","$","R","T","M","$","E","?","?","R","BOSS","M","?","?","?","?","E"],"build_version":"2018-03-01-PROD1","purchased_purges":0,"victory":false,"master_deck":["Strike_R","Strike_R","Strike_R","Strike_R","Strike_R","Defend_R","Defend_R","Defend_R","Defend_R","Bash","Clash","Cleave","Battle Trance","Sword Boomerang","Bludgeon","Pommel Strike","Intimidate","Perfected Strike","Offering","Pommel Strike","Ghostly Armor","Secret Weapon","Jack Of All Trades","J.A.X.","Ghostly Armor"],"max_hp_per_floor":[80,80,80,80,80,80,80,80,80,80,80,80,80,80,80,80,80,80,80,80,80,80],"relics":["Black Blood","NeowsBlessing","Blood Vial","Ancient Tea Set","Oddly Smooth Stone","Dodecahedron"],"card_choices":[{"not_picked":["Perfected Strike","Uppercut"],"picked":"Clash"},{"not_picked":["Uppercut","Flex"],"picked":"Cleave"},{"not_picked":["Headbutt","Whirlwind"],"picked":"Battle Trance"},{"not_picked":["Cleave","Blood for Blood"],"picked":"Sword Boomerang"},{"not_picked":["Power Through","Sword Boomerang"],"picked":"Pommel Strike"},{"not_picked":["Havoc","Body Slam"],"picked":"Intimidate"},{"not_picked":["Headbutt","Warcry"],"picked":"Perfected Strike"},{"not_picked":["Exhume","Immolate"],"picked":"Offering"},{"not_picked":["Twin Strike","Warcry"],"picked":"Pommel Strike"},{"not_picked":["Thunderclap","Havoc"],"picked":"Ghostly Armor"},{"not_picked":["Burning Pact","Evolve"],"picked":"Ghostly Armor"}],"player_experience":296041,"potions_floor_usage":[12,12,19],"damage_taken":[{"damage":0.0,"enemies":"Jaw Worm","floor":1.0,"turns":1.0},{"damage":0.0,"enemies":"Small Slimes","floor":2.0,"turns":1.0},{"damage":0.0,"enemies":"2 Louse","floor":3.0,"turns":2.0},{"damage":14.0,"enemies":"Exordium Thugs","floor":5.0,"turns":4.0},{"damage":51,"enemies":"Gremlin Nob","floor":6,"turns":5},{"damage":0,"enemies":"3 Louse","floor":10,"turns":2},{"damage":3,"enemies":"3 Sentries","floor":12,"turns":3},{"damage":13,"enemies":"Gremlin Nob","floor":14,"turns":4},{"damage":38,"enemies":"Slime Boss","floor":16,"turns":10},{"damage":7,"enemies":"Chosen","floor":18,"turns":3},{"damage":14,"enemies":"2 Thieves","floor":19,"turns":2},{"damage":62,"enemies":"Centurion and Healer","floor":22,"turns":5},{"damage":31,"enemies":"Slavers","floor":23,"turns":2}],"event_choices":[{"event_name":"World of Goop","player_choice":"Gather Gold","floor":4.0,"damage_taken":0.0},{"event_name":"Golden Wing","player_choice":"Gained Gold","floor":13,"damage_taken":0},{"event_name":"Dead Adventurer","player_choice":"Searched \u00272\u0027 times","floor":14,"damage_taken":0},{"event_name":"Drug Dealer","player_choice":"Got JAXXED","floor":21,"damage_taken":0}],"boss_relics":[{"not_picked":["Eternal Feather","Runic Dome"],"picked":"Black Blood"}],"potions_floor_spawned":[2,5,6,14,18],"seed_played":"-839706694897762835","killed_by":"Slavers","ascension_level":0,"is_trial":false}