{"gold_per_floor":[361,375,375,550,550,580,594,594,619,619,639,639,3,21,21,125,125,142,160,160,171,171,171,171,201,225,185,197,13,13,13],"floor_reached":31,"playtime":1727,"items_purged":[],"score":366,"play_id":"ec51fd3c-f94d-4a01-a721-c7fd1b249dbb","local_time":"20190626162737","is_ascension_mode":true,"campfire_choices":[{"floor":10,"key":"REST"},{"floor":12,"key":"REST"},{"floor":15,"key":"REST"},{"data":"Dualcast","floor":23,"key":"SMITH"}],"neow_cost":"TEN_PERCENT_HP_LOSS","seed_source_timestamp":2124369105299,"circlet_count":0,"master_deck":["Strike_B","Strike_B","Strike_B","Defend_B","Defend_B","Zap","Dualcast+1","Coolheaded+1","Beam Cell","Doubt","Conserve Battery","Beam Cell","Lockon","Self Repair","Consume+1","All For One","Go for the Eyes","Echo Form","Deadly Poison","Buffer","Leap","Escape Plan","Recycle","Phantasmal Killer","PanicButton","Cold Snap","Good Instincts+1","Bludgeon","Ghostly","Ghostly","Ghostly","Ghostly","Ghostly","Double Energy","Shrug It Off+1","Leap","Magnetism","Hyperbeam","Seek"],"relics":["Cracked Core","Incense Burner","Matryoshka","Dream Catcher","DataDisk","PrismaticShard","Cables","Orrery","Ancient Tea Set","PreservedInsect","Boot"],"potions_floor_usage":[6,11,21,25,28,28,28,31],"damage_taken":[{"damage":1,"enemies":"Cultist","floor":1,"turns":3},{"damage":13,"enemies":"Small Slimes","floor":2,"turns":3},{"damage":29,"enemies":"Gremlin Nob","floor":6,"turns":4},{"damage":8,"enemies":"2 Louse","floor":7,"turns":2},{"damage":4,"enemies":"Looter","floor":11,"turns":2},{"damage":1,"enemies":"Exordium Thugs","floor":14,"turns":3},{"damage":31,"enemies":"Hexaghost","floor":16,"turns":8},{"damage":0,"enemies":"Spheric Guardian","floor":18,"turns":6},{"damage":13,"enemies":"Shell Parasite","floor":19,"turns":9},{"damage":27,"enemies":"Shelled Parasite and Fungi","floor":21,"turns":6},{"damage":10,"enemies":"Book of Stabbing","floor":25,"turns":7},{"damage":0,"enemies":"Snake Plant","floor":28,"turns":1},{"damage":43,"enemies":"Gremlin Leader","floor":31,"turns":8}],"seed_played":"-5206485244163621298","potions_obtained":[{"floor":1,"key":"FearPotion"},{"floor":6,"key":"SneckoOil"},{"floor":16,"key":"FearPotion"},{"floor":19,"key":"Energy Potion"},{"floor":27,"key":"FocusPotion"},{"floor":27,"key":"Fire Potion"},{"floor":27,"key":"Poison Potion"},{"floor":28,"key":"AttackPotion"}],"is_trial":false,"path_per_floor":["M","M","?","?","?","E","M","T","T","R","M","R","$","M","R","B",null,"M","M","?","M","?","R","?","E","T","?","M","$","?","E"],"character_chosen":"DEFECT","items_purchased":["All For One","PrismaticShard","Cables","Go for the Eyes","Magnetism"],"campfire_rested":3,"item_purchase_floors":[13,13,13,13,29],"current_hp_per_floor":[67,54,47,47,47,18,10,10,10,30,26,46,46,45,65,41,61,68,62,62,42,34,34,34,31,31,31,31,31,31,0],"gold":13,"neow_bonus":"TWO_FIFTY_GOLD","is_prod":false,"is_daily":false,"chose_seed":false,"campfire_upgraded":1,"win_rate":0,"timestamp":1561580857,"path_taken":["M","M","?","?","?","E","M","?","T","R","?","R","$","M","R","BOSS","M","M","?","?","?","R","?","E","T","?","?","$","?","E"],"build_version":"2019-06-24","purchased_purges":0,"victory":false,"max_hp_per_floor":[68,68,68,68,68,68,68,68,68,68,68,68,68,68,68,68,68,68,68,68,68,34,34,34,34,34,34,34,34,34,34],"card_choices":[{"not_picked":["Recycle","Cold Snap"],"picked":"Coolheaded","floor":1},{"not_picked":["Redo","Leap"],"picked":"Beam Cell","floor":2},{"not_picked":["Compile Driver","Hologram"],"picked":"Conserve Battery","floor":6},{"not_picked":["Sweeping Beam","Genetic Algorithm"],"picked":"Beam Cell","floor":7},{"not_picked":["Rebound","Turbo"],"picked":"Lockon","floor":10},{"not_picked":["Compile Driver","Darkness"],"picked":"Self Repair","floor":11},{"not_picked":["Ball Lightning","Turbo"],"picked":"Consume","floor":12},{"not_picked":["Coolheaded","Streamline"],"picked":"Echo Form","floor":14},{"not_picked":["Twin Strike","Sweeping Beam"],"picked":"Deadly Poison","floor":15},{"not_picked":["Night Terror","Venomology"],"picked":"Buffer","floor":16},{"not_picked":["Uppercut","Barrage"],"picked":"Leap","floor":17},{"not_picked":["Quick Slash","Reprogram"],"picked":"Escape Plan","floor":17},{"not_picked":["Cleave","Blood for Blood"],"picked":"Recycle","floor":17},{"not_picked":["Heavy Blade","Reinforced Body"],"picked":"Phantasmal Killer","floor":17},{"not_picked":["Steam Power","Twin Strike"],"picked":"PanicButton","floor":17},{"not_picked":["Reflex+1","Perfected Strike"],"picked":"Cold Snap","floor":18},{"not_picked":["Sweeping Beam","Pommel Strike"],"picked":"Good Instincts+1","floor":19},{"not_picked":["Deflect","Endless Agony"],"picked":"Bludgeon","floor":21},{"not_picked":["Flex","Dagger Throw+1"],"picked":"Shrug It Off+1","floor":25},{"not_picked":["Poisoned Stab","Compile Driver"],"picked":"Leap","floor":28}],"player_experience":1135979,"relics_obtained":[{"floor":6,"key":"Incense Burner"},{"floor":8,"key":"Matryoshka"},{"floor":9,"key":"Dream Catcher"},{"floor":9,"key":"DataDisk"},{"floor":25,"key":"Ancient Tea Set"},{"floor":26,"key":"PreservedInsect"},{"floor":26,"key":"Boot"}],"event_choices":[{"cards_removed":["Defend_B"],"damage_healed":0,"gold_gain":0,"player_choice":"Card Removal","damage_taken":7,"max_hp_gain":0,"max_hp_loss":0,"event_name":"Golden Wing","floor":3,"gold_loss":0},{"damage_healed":0,"gold_gain":175,"player_choice":"AGREE","damage_taken":0,"max_hp_gain":0,"max_hp_loss":0,"event_name":"Liars Game","floor":4,"gold_loss":0,"cards_obtained":["Doubt"]},{"damage_healed":0,"gold_gain":0,"player_choice":"Grow","damage_taken":0,"max_hp_gain":0,"max_hp_loss":0,"event_name":"Living Wall","floor":5,"gold_loss":0,"cards_upgraded":["Coolheaded"]},{"damage_healed":0,"gold_gain":0,"player_choice":"Upgraded","damage_taken":0,"max_hp_gain":0,"max_hp_loss":0,"event_name":"Upgrade Shrine","floor":20,"gold_loss":0,"cards_upgraded":["Consume"]},{"damage_healed":0,"gold_gain":0,"player_choice":"Became a Ghost","damage_taken":0,"max_hp_gain":0,"max_hp_loss":34,"event_name":"Ghosts","floor":22,"gold_loss":0,"cards_obtained":["Ghostly","Ghostly","Ghostly","Ghostly","Ghostly"]},{"damage_healed":0,"gold_gain":0,"player_choice":"Read","damage_taken":0,"max_hp_gain":0,"max_hp_loss":0,"event_name":"The Library","floor":24,"gold_loss":0,"cards_obtained":["Double Energy"]},{"damage_healed":0,"gold_gain":0,"player_choice":"Bought 3 Potions","damage_taken":0,"max_hp_gain":0,"max_hp_loss":0,"event_name":"The Woman in Blue","floor":27,"gold_loss":0},{"damage_healed":0,"gold_gain":0,"cards_transformed":["Strike_B","Defend_B"],"player_choice":"Became Test Subject","damage_taken":0,"max_hp_gain":0,"max_hp_loss":0,"event_name":"Drug Dealer","floor":30,"gold_loss":0,"cards_obtained":["Hyperbeam","Seek"]}],"is_beta":true,"boss_relics":[{"not_picked":["Snecko Eye","Astrolabe"],"picked":"Orrery"}],"items_purged_floors":[],"is_endless":false,"potions_floor_spawned":[1,6,16,19,28],"killed_by":"Gremlin Leader","ascension_level":5}