{"path_per_floor":["M","M","?","M","M","R","E","?","T","?","?","M","?","M","R"],"character_chosen":"DEFECT","items_purchased":[],"gold_per_floor":[117,127,127,142,166,166,210,385,385,385,335,355,430,448,448,448],"floor_reached":16,"campfire_rested":1,"playtime":1613,"current_hp_per_floor":[72,72,54,54,52,74,50,50,50,75,75,75,64,69,69,0],"items_purged":[],"gold":448,"score":102,"play_id":"ae0759f9-1bcc-4579-84f9-b031afb41f9c","local_time":"20180516083529","is_prod":false,"is_daily":false,"chose_seed":false,"is_ascension_mode":false,"campfire_upgraded":1,"timestamp":1526474129,"path_taken":["M","M","?","?","M","R","E","?","T","?","?","M","?","M","R","BOSS"],"build_version":"2018-05-15","seed_source_timestamp":235519309115963,"purchased_purges":0,"victory":false,"master_deck":["Strike_B","Strike_B","Strike_B","Strike_B","Defend_B","Defend_B","Defend_B","Defend_B","Zap","Dualcast","Beam Cell","Sunder","Self Repair","Coolheaded","Biased Cognition+1"],"max_hp_per_floor":[75,75,75,75,75,75,75,75,75,75,75,75,75,75,75,75],"relics":["Philosopher\u0027s Stone","Golden Idol","Thread and Needle","Mummified Hand"],"card_choices":[{"not_picked":["Reinforced Body","Skim"],"picked":"Beam Cell","floor":1},{"not_picked":["Recycle","Stack"],"picked":"Sunder","floor":2},{"not_picked":["Melter","Sweeping Beam"],"picked":"Self Repair","floor":4},{"not_picked":["Axe Kick","Turbo"],"picked":"Coolheaded","floor":5},{"not_picked":["Skim","Axe Kick"],"picked":"Biased Cognition","floor":7},{"not_picked":["Turbo","Streamline","Leap"],"picked":"SKIP","floor":12},{"not_picked":["Static Discharge","Scrape","Auto Shields"],"picked":"SKIP","floor":14}],"player_experience":273089,"potions_floor_usage":[2,12,14],"damage_taken":[{"damage":3,"enemies":"Small Slimes","floor":1,"turns":3},{"damage":0,"enemies":"Jaw Worm","floor":2,"turns":3},{"damage":0,"enemies":"Cultist","floor":4,"turns":2},{"damage":9,"enemies":"Blue Slaver","floor":5,"turns":3},{"damage":31,"enemies":"Lagavulin","floor":7,"turns":6},{"damage":0,"enemies":"3 Louse","floor":12,"turns":2},{"damage":14,"enemies":"Exordium Thugs","floor":14,"turns":4},{"damage":71,"enemies":"Hexaghost","floor":16,"turns":9}],"relics_obtained":[{"floor":7,"key":"Thread and Needle"},{"floor":9,"key":"Mummified Hand"}],"event_choices":[{"event_name":"Golden Idol","player_choice":"Take Damage","floor":3,"damage_taken":0},{"event_name":"Liars Game","player_choice":"agreed","floor":8,"damage_taken":0},{"event_name":"Big Fish","player_choice":"Banana","floor":10,"damage_taken":0},{"event_name":"The Cleric","player_choice":"Card Removal","floor":11,"damage_taken":0},{"event_name":"World of Goop","player_choice":"Gather Gold","floor":13,"damage_taken":0}],"boss_relics":[],"potions_floor_spawned":[1,7,12],"seed_played":"7386889365943948214","killed_by":"Hexaghost","ascension_level":0,"potions_obtained":[{"floor":1,"key":"Swift Potion"},{"floor":7,"key":"Poison Potion"},{"floor":12,"key":"Regen Potion"}],"is_trial":false}