{"path_per_floor":["M","?","$","?","M","E","R","M","T","?","M","M","M","?","R","B",null,"M","?","$","M","M","R","?","$","T","$","?","M","R","M","R"],"character_chosen":"DEFECT","items_purchased":["Melter","Ice Cream","Ball Lightning","Self Repair","Rebound"],"gold_per_floor":[113,83,9,9,27,56,56,72,72,247,265,282,298,298,298,399,399,415,415,70,86,103,103,103,62,62,38,38,49,49,60,60,60],"floor_reached":33,"campfire_rested":2,"playtime":1062,"current_hp_per_floor":[75,75,75,75,75,75,75,75,75,75,66,66,66,63,63,14,75,51,51,51,46,11,33,33,33,33,33,33,26,37,37,37,0],"items_purged":[],"gold":60,"score":297,"play_id":"df8cf15a-ef41-45da-ab20-dfcc10857dc5","local_time":"20180429204509","is_prod":false,"is_daily":false,"chose_seed":false,"is_ascension_mode":false,"campfire_upgraded":2,"timestamp":1525049109,"path_taken":["M","?","$","?","M","E","R","M","T","?","M","M","M","?","R","BOSS","M","?","$","M","M","R","?","$","T","$","?","M","R","M","R","BOSS"],"build_version":"2018-04-27v3","seed_source_timestamp":1219316381334429,"purchased_purges":0,"victory":false,"master_deck":["Strike_B","Strike_B","Defend_B","Defend_B","Zap","Dualcast","Beam Cell","Melter+1","White Noise","Sunder+1","Sunder","Doubt","Capacitor","Beam Cell","Fission","Storm+1","Rebound+1","Streamline+1","Ball Lightning+1","Ball Lightning","Skim","Defragment+1","Ghostly","Ghostly","Ghostly","Ghostly","Ghostly","Self Repair","Rebound","Writhe","Go for the Eyes","White Noise"],"max_hp_per_floor":[75,75,75,75,75,75,75,75,75,75,75,75,75,75,75,75,75,75,75,75,75,75,75,37,37,37,37,37,37,37,37,37,37],"relics":["Cracked Core","NeowsBlessing","Thread and Needle","Peace Pipe","Oddly Smooth Stone","Astrolabe","Ice Cream","Ornamental Fan","Girya"],"card_choices":[{"not_picked":["Reprogram","Cold Snap"],"picked":"Beam Cell","floor":1},{"not_picked":["Impulse","Auto Shields"],"picked":"White Noise","floor":5},{"not_picked":["FTL","Biased Cognition"],"picked":"Sunder","floor":6},{"not_picked":["FTL","Cold Snap"],"picked":"Sunder","floor":8},{"not_picked":["Rebound","Auto Shields"],"picked":"Capacitor","floor":12},{"not_picked":["Flux Capacitor","Heatsinks"],"picked":"Beam Cell","floor":13},{"not_picked":["Multi-Cast","Machine Learning"],"picked":"Fission","floor":16},{"not_picked":["Streamline","Rebound"],"picked":"Ball Lightning","floor":18},{"not_picked":["Flux Capacitor","Capacitor"],"picked":"Skim","floor":21},{"not_picked":["Rebound","Stack"],"picked":"Defragment","floor":22},{"not_picked":["Skim","Leap"],"picked":"Go for the Eyes","floor":29},{"not_picked":["Turbo","Hologram"],"picked":"White Noise","floor":31}],"player_experience":57615,"potions_floor_usage":[11,11,12,18,29,33],"damage_taken":[{"damage":0,"enemies":"Jaw Worm","floor":1,"turns":1},{"damage":0,"enemies":"Cultist","floor":5,"turns":1},{"damage":0,"enemies":"3 Sentries","floor":6,"turns":1},{"damage":0,"enemies":"Small Slimes","floor":8,"turns":1},{"damage":15,"enemies":"Exordium Thugs","floor":11,"turns":3},{"damage":0,"enemies":"Blue Slaver","floor":12,"turns":3},{"damage":0,"enemies":"Looter","floor":13,"turns":3},{"damage":49,"enemies":"Hexaghost","floor":16,"turns":9},{"damage":24,"enemies":"3 Byrds","floor":18,"turns":4},{"damage":5,"enemies":"Spheric Guardian","floor":21,"turns":3},{"damage":35,"enemies":"Snake Plant","floor":22,"turns":3},{"damage":13,"enemies":"Centurion and Healer","floor":29,"turns":5},{"damage":0,"enemies":"Snecko","floor":31,"turns":4},{"damage":50,"enemies":"Automaton","floor":33,"turns":10}],"event_choices":[{"event_name":"The Woman in Blue","player_choice":"Bought 2 Potions","floor":2,"damage_taken":0},{"event_name":"The Lab","player_choice":"Got Potions","floor":4,"damage_taken":0},{"event_name":"Liars Game","player_choice":"agreed","floor":10,"damage_taken":0},{"event_name":"Scrap Ooze","player_choice":"success","floor":14,"damage_taken":3},{"event_name":"Back to Basics","player_choice":"Elegance","floor":19,"damage_taken":0},{"event_name":"Ghosts","player_choice":"Became a Ghost","floor":24,"damage_taken":0},{"event_name":"The Mausoleum","player_choice":"Yes","floor":28,"damage_taken":0}],"boss_relics":[{"not_picked":["Snecko Eye","White Beast Statue"],"picked":"Astrolabe"}],"potions_floor_spawned":[1,6,13,16,22,29],"seed_played":"-6634248297598490665","killed_by":"Automaton","ascension_level":0,"is_trial":false}