{"path_per_floor":["M","M","?","?","M","R","?","M","T","R","M","E","M","M","R","B",null,"M","$","M","$","?"],"character_chosen":"DEFECT","items_purchased":["Double Energy","Jack Of All Trades","Secret Weapon","Streamline"],"gold_per_floor":[112,131,131,131,149,149,149,164,188,188,199,228,242,262,262,364,364,383,62,76,31,31,31],"floor_reached":23,"campfire_rested":2,"playtime":942,"current_hp_per_floor":[75,75,75,68,63,63,49,26,26,47,42,26,26,26,47,3,72,59,59,40,40,40,0],"items_purged":[],"gold":31,"score":193,"play_id":"669216b9-dbf7-4335-b117-c8973d556194","local_time":"20180507173050","is_prod":false,"is_daily":false,"chose_seed":false,"is_ascension_mode":false,"campfire_upgraded":1,"timestamp":1525728650,"path_taken":["M","M","?","?","?","R","?","M","T","R","M","E","M","M","R","BOSS","M","$","M","$","?","E"],"build_version":"2018-05-03","seed_source_timestamp":1898963120293710,"purchased_purges":0,"victory":false,"master_deck":["Strike_B","Strike_B","Defend_B","Defend_B","Defend_B","Zap","Dualcast+1","Reboot","Double Energy","Gash+1","Defragment","Consume+1","Lockon","All For One","Undo","Aggregate","Aggregate","All For One","Conserve Battery","Double Energy","Jack Of All Trades","Secret Weapon","Defragment","Streamline"],"max_hp_per_floor":[75,75,75,72,72,72,72,72,72,72,72,72,72,72,72,72,72,72,72,72,72,72,72],"relics":["Cracked Core","Anchor","Juzu Bracelet","Cursed Key"],"card_choices":[{"not_picked":["Capacitor","Turbo"],"picked":"Gash","floor":1},{"not_picked":["Blizzard","Chill"],"picked":"Consume","floor":5},{"not_picked":["Barrage","Sweeping Beam"],"picked":"Lockon","floor":8},{"not_picked":["Turbo","Hologram"],"picked":"All For One","floor":11},{"not_picked":["Turbo","Stack"],"picked":"Undo","floor":12},{"not_picked":["Skim","Tempest"],"picked":"Aggregate","floor":13},{"not_picked":["Leap","Hologram"],"picked":"Aggregate","floor":14},{"not_picked":["Meteor Strike","Machine Learning"],"picked":"All For One","floor":16},{"not_picked":["Reinforced Body","Coolheaded"],"picked":"Conserve Battery","floor":18},{"not_picked":["Streamline","Skim"],"picked":"Defragment","floor":20}],"player_experience":173663,"potions_floor_usage":[8,11,14,16],"damage_taken":[{"damage":0,"enemies":"2 Louse","floor":1,"turns":3},{"damage":0,"enemies":"Cultist","floor":2,"turns":3},{"damage":5,"enemies":"Small Slimes","floor":5,"turns":3},{"damage":23,"enemies":"Exordium Thugs","floor":8,"turns":3},{"damage":5,"enemies":"Lots of Slimes","floor":11,"turns":3},{"damage":16,"enemies":"Gremlin Nob","floor":12,"turns":3},{"damage":0,"enemies":"Looter","floor":13,"turns":2},{"damage":0,"enemies":"Exordium Wildlife","floor":14,"turns":1},{"damage":54,"enemies":"The Guardian","floor":16,"turns":8},{"damage":13,"enemies":"Chosen","floor":18,"turns":5},{"damage":19,"enemies":"Shell Parasite","floor":20,"turns":4},{"damage":43,"enemies":"Gremlin Leader","floor":23,"turns":4}],"event_choices":[{"event_name":"Living Wall","player_choice":"Change","floor":3,"damage_taken":0},{"event_name":"Golden Wing","player_choice":"Card Removal","floor":4,"damage_taken":0},{"event_name":"Shining Light","player_choice":"Entered Light","floor":7,"damage_taken":0},{"event_name":"Addict","player_choice":"Ignored","floor":22,"damage_taken":0}],"boss_relics":[{"not_picked":["Philosopher\u0027s Stone","Runic Pyramid"],"picked":"Cursed Key"}],"potions_floor_spawned":[1,8,12,14],"seed_played":"-4646553702678271429","killed_by":"Gremlin Leader","ascension_level":0,"is_trial":false}