{"gold_per_floor":[117,82,82,82,101,101,101,135,135,168,180,217,304,33,33,132,132,148,169,169,190,4,4,4,45,45,45,95,95,115,148,148,238,238,259,274,274,274,292,325,325,366,366,405,405,426,444,462,462,462],"floor_reached":50,"playtime":2238,"items_purged":["Strike_B","Pain"],"score":1232,"play_id":"410ff947-096a-4d4c-ba22-2492caf938d3","local_time":"20190526103817","is_ascension_mode":true,"campfire_choices":[{"floor":6.0,"key":"REST"},{"floor":15.0,"key":"REST"},{"data":"Defragment","floor":23.0,"key":"SMITH"},{"data":"Hologram","floor":29.0,"key":"SMITH"},{"data":"Loop","floor":32.0,"key":"SMITH"},{"floor":41.0,"key":"RECALL"},{"data":"Chill","floor":45.0,"key":"SMITH"},{"data":"Heatsinks","floor":49.0,"key":"SMITH"}],"neow_cost":"PERCENT_DAMAGE","seed_source_timestamp":976211989874033,"circlet_count":0,"master_deck":["AscendersBane","Defend_B+1","Defend_B","Defend_B","Zap+1","Dualcast","Echo Form","Ball Lightning","Cold Snap","Chill+1","Doom and Gloom","Self Repair","FTL+1","Steam+1","Chill","Hologram+1","Undo","Defragment+1","Conserve Battery","Loop+1","Core Surge","Leap+1","White Noise","Echo Form","Heatsinks+1"],"special_seed":0,"relics":["Cracked Core","Golden Idol","Juzu Bracelet","MawBank","Odd Mushroom","Happy Flower","Astrolabe","WarpedTongs","Strawberry","Mummified Hand","Coffee Dripper","Ornamental Fan","Vajra","Sundial","Du-Vu Doll"],"potions_floor_usage":[50],"damage_taken":[{"damage":7.0,"enemies":"Jaw Worm","floor":1.0,"turns":4.0},{"damage":15.0,"enemies":"Small Slimes","floor":5.0,"turns":3.0},{"damage":28.0,"enemies":"Gremlin Nob","floor":8.0,"turns":4.0},{"damage":3.0,"enemies":"2 Louse","floor":10.0,"turns":2.0},{"damage":0.0,"enemies":"The Mushroom Lair","floor":12.0,"turns":4.0},{"damage":6.0,"enemies":"The Guardian","floor":16.0,"turns":12.0},{"damage":18.0,"enemies":"3 Byrds","floor":18.0,"turns":6.0},{"damage":0.0,"enemies":"Spheric Guardian","floor":19.0,"turns":4.0},{"damage":16.0,"enemies":"Snake Plant","floor":21.0,"turns":4.0},{"damage":18.0,"enemies":"Gremlin Leader","floor":25.0,"turns":7.0},{"damage":3.0,"enemies":"Shelled Parasite and Fungi","floor":30.0,"turns":9.0},{"damage":15.0,"enemies":"Book of Stabbing","floor":31.0,"turns":6.0},{"damage":56.0,"enemies":"Collector","floor":33.0,"turns":11.0},{"damage":5.0,"enemies":"Orb Walker","floor":35.0,"turns":4.0},{"damage":12.0,"enemies":"3 Shapes","floor":36.0,"turns":5.0},{"damage":22.0,"enemies":"Transient","floor":39.0,"turns":6.0},{"damage":17.0,"enemies":"Nemesis","floor":40.0,"turns":7.0},{"damage":10.0,"enemies":"Reptomancer","floor":42.0,"turns":7.0},{"damage":0.0,"enemies":"Giant Head","floor":44.0,"turns":9.0},{"damage":6.0,"enemies":"Spire Growth","floor":46.0,"turns":5.0},{"damage":0.0,"enemies":"3 Darklings","floor":47.0,"turns":4.0},{"damage":5.0,"enemies":"4 Shapes","floor":48.0,"turns":6.0},{"damage":96,"enemies":"Awakened One","floor":50,"turns":7}],"seed_played":"7965040018334942960","potions_obtained":[{"floor":1.0,"key":"SpeedPotion"},{"floor":10.0,"key":"Strength Potion"},{"floor":16.0,"key":"SneckoOil"},{"floor":21.0,"key":"Block Potion"},{"floor":30.0,"key":"FocusPotion"},{"floor":37.0,"key":"FocusPotion"},{"floor":44.0,"key":"Energy Potion"},{"floor":47.0,"key":"PowerPotion"}],"is_trial":false,"path_per_floor":["M","?","?","?","M","R","?","E","T","M","?","?","?","$","R","B",null,"M","M","?","M","$","R","$","E","T","?","?","R","M","E","R","B",null,"M","M","?","?","M","E","R","E","T","E","R","M","M","M","R","B"],"character_chosen":"DEFECT","items_purchased":["Self Repair","Happy Flower","Defragment"],"campfire_rested":2,"item_purchase_floors":[14,14,22],"current_hp_per_floor":[39,56,35,35,20,39,44,16,16,13,13,13,2,2,22,30,59,48,62,62,53,53,53,53,56,56,86,86,86,86,78,78,32,73,75,83,83,83,71,74,74,78,78,85,85,86,86,86,86,0],"gold":462,"neow_bonus":"THREE_RARE_CARDS","is_prod":false,"is_daily":false,"chose_seed":false,"campfire_upgraded":5,"win_rate":0,"timestamp":1558892297,"path_taken":["M","?","?","?","M","R","?","E","T","M","?","?","?","?","R","BOSS","M","M","?","M","?","R","$","E","T","?","?","R","M","E","R","BOSS","M","M","?","?","M","E","R","E","T","E","R","M","M","M","R","BOSS"],"build_version":"2019-01-23","purchased_purges":2,"victory":false,"max_hp_per_floor":[71,71,71,64,64,64,69,69,69,69,69,69,69,69,69,69,69,69,69,69,69,69,69,69,76,76,86,86,86,86,86,86,86,86,86,86,86,86,86,86,86,86,86,86,86,86,86,86,86,86],"card_choices":[{"not_picked":["Machine Learning","Rainbow"],"picked":"Echo Form","floor":0.0},{"not_picked":["Rip and Tear","Gash"],"picked":"Ball Lightning","floor":1.0},{"not_picked":["Compile Driver","Chill"],"picked":"Cold Snap","floor":5.0},{"not_picked":["Heatsinks","Coolheaded"],"picked":"Chill","floor":8.0},{"not_picked":["Cold Snap","Leap"],"picked":"Doom and Gloom","floor":10.0},{"not_picked":["Thunder Strike","Meteor Strike"],"picked":"Rainbow","floor":16.0},{"not_picked":["Conserve Battery+1","Compile Driver"],"picked":"Chill","floor":18.0},{"not_picked":["Heatsinks","Static Discharge"],"picked":"Hologram","floor":19.0},{"not_picked":["Go for the Eyes","Turbo"],"picked":"Undo","floor":21.0},{"not_picked":["Fission","Doom and Gloom"],"picked":"Conserve Battery","floor":25.0},{"not_picked":["Beam Cell","Redo","Barrage"],"picked":"SKIP","floor":30.0},{"not_picked":["Leap","Genetic Algorithm"],"picked":"Loop","floor":31.0},{"not_picked":["Multi-Cast","Meteor Strike"],"picked":"Core Surge","floor":33.0},{"not_picked":["Beam Cell","Turbo+1","Consume"],"picked":"SKIP","floor":35.0},{"not_picked":["Beam Cell","Undo","Go for the Eyes"],"picked":"SKIP","floor":36.0},{"not_picked":["Beam Cell","Stack+1"],"picked":"Leap+1","floor":39.0},{"not_picked":["Consume","Barrage+1"],"picked":"White Noise","floor":40.0},{"not_picked":["White Noise","Barrage"],"picked":"Echo Form","floor":42.0},{"not_picked":["Darkness","All For One"],"picked":"Heatsinks","floor":44.0},{"not_picked":["Undo","Turbo","Reprogram+1"],"picked":"SKIP","floor":46.0},{"not_picked":["Redo","Sweeping Beam+1","Gash"],"picked":"SKIP","floor":47.0},{"not_picked":["Gash","Chaos","Storm+1"],"picked":"SKIP","floor":48.0}],"player_experience":733757,"relics_obtained":[{"floor":8.0,"key":"Juzu Bracelet"},{"floor":9.0,"key":"MawBank"},{"floor":12.0,"key":"Odd Mushroom"},{"floor":25.0,"key":"Strawberry"},{"floor":31.0,"key":"Mummified Hand"},{"floor":40.0,"key":"Ornamental Fan"},{"floor":42.0,"key":"Vajra"},{"floor":43.0,"key":"Sundial"},{"floor":44.0,"key":"Du-Vu Doll"}],"event_choices":[{"damage_healed":17.0,"max_hp_gain":0.0,"max_hp_loss":0.0,"gold_gain":0.0,"event_name":"The Cleric","player_choice":"Healed","floor":2.0,"gold_loss":35.0,"damage_taken":0.0},{"damage_healed":0.0,"max_hp_gain":0.0,"max_hp_loss":0.0,"gold_gain":0.0,"event_name":"Shining Light","player_choice":"Entered Light","floor":3.0,"gold_loss":0.0,"damage_taken":21.0,"cards_upgraded":["Zap","Defend_B"]},{"damage_healed":0.0,"max_hp_gain":0.0,"max_hp_loss":7.0,"gold_gain":0.0,"event_name":"Golden Idol","player_choice":"Lose Max HP","floor":4.0,"gold_loss":0.0,"damage_taken":0.0,"relics_obtained":["Golden Idol"]},{"damage_healed":0.0,"max_hp_gain":5.0,"max_hp_loss":0.0,"gold_gain":0.0,"event_name":"Big Fish","player_choice":"Donut","floor":7.0,"gold_loss":0.0,"damage_taken":0.0},{"cards_removed":["Strike_B"],"damage_healed":0.0,"max_hp_gain":0.0,"max_hp_loss":0.0,"gold_gain":0.0,"event_name":"Living Wall","player_choice":"Forget","floor":11.0,"gold_loss":0.0,"damage_taken":0.0},{"damage_healed":0.0,"max_hp_gain":0.0,"max_hp_loss":0.0,"gold_gain":0.0,"event_name":"Mushrooms","player_choice":"Fought Mushrooms","floor":12.0,"gold_loss":0.0,"damage_taken":0.0},{"damage_healed":0.0,"max_hp_gain":0.0,"max_hp_loss":0.0,"gold_gain":75.0,"event_name":"World of Goop","player_choice":"Gather Gold","floor":13.0,"gold_loss":0.0,"damage_taken":11.0},{"damage_healed":0.0,"max_hp_gain":0.0,"max_hp_loss":0.0,"gold_gain":0.0,"event_name":"Accursed Blacksmith","player_choice":"Rummage","floor":20.0,"gold_loss":0.0,"damage_taken":0.0,"relics_obtained":["WarpedTongs"],"cards_obtained":["Pain"]},{"cards_removed":["Rainbow"],"damage_healed":20.0,"max_hp_gain":10.0,"max_hp_loss":0.0,"gold_gain":0.0,"event_name":"Bonfire Elementals","player_choice":"Offered Rare","floor":27.0,"gold_loss":0.0,"damage_taken":0.0},{"damage_healed":0.0,"max_hp_gain":0.0,"max_hp_loss":0.0,"gold_gain":50.0,"event_name":"Nest","player_choice":"Stole From Cult","floor":28.0,"gold_loss":0.0,"damage_taken":0.0},{"damage_healed":0.0,"max_hp_gain":0.0,"max_hp_loss":0.0,"gold_gain":0.0,"event_name":"Lab","player_choice":"Got Potions","floor":37.0,"gold_loss":0.0,"damage_taken":0.0},{"cards_removed":["Scrape"],"damage_healed":0.0,"max_hp_gain":0.0,"max_hp_loss":0.0,"gold_gain":0.0,"event_name":"Purifier","player_choice":"Purged","floor":38.0,"gold_loss":0.0,"damage_taken":0.0}],"is_beta":false,"boss_relics":[{"not_picked":["White Beast Statue","Empty Cage"],"picked":"Astrolabe"},{"not_picked":["Orrery","FrozenCore"],"picked":"Coffee Dripper"}],"items_purged_floors":[14,22],"is_endless":false,"potions_floor_spawned":[1,10,16,21,30,31,33,36,39,44,47,48],"killed_by":"Awakened One","ascension_level":20}