{"path_per_floor":["M","?","M","M","M","E","?","M","T","?","M","R","M","M","R","B",null,"M","M","$","M","?","R","$","?","T","R","?","?","E","$","R","B",null,"M","M","?","?"],"character_chosen":"IRONCLAD","items_purchased":["Membership Card","Toxic Egg 2","Jack Of All Trades","Pummel"],"gold_per_floor":[110,70,83,100,115,140,315,326,326,326,337,337,351,368,368,466,466,482,496,15,31,31,31,0,0,0,0,0,0,28,28,28,125,125,144,161,161,0],"floor_reached":39,"campfire_rested":4,"playtime":2073,"current_hp_per_floor":[80,80,80,80,80,71,71,71,71,71,59,59,46,36,60,6,80,73,54,54,5,5,29,29,29,29,68,68,68,5,5,44,24,80,46,9,9,9],"items_purged":[],"gold":0,"score":402,"play_id":"038819db-ec62-4dda-9ec9-fa865ed6ccec","local_time":"20180305002524","is_prod":false,"is_daily":false,"is_ascension_mode":false,"campfire_upgraded":1,"timestamp":1520227524,"path_taken":["M","?","?","M","?","E","?","?","T","?","M","R","M","M","R","BOSS","M","M","$","M","?","R","$","?","T","R","?","?","E","?","R","BOSS","M","M","?","?","M"],"build_version":"2018-03-01-PROD1","purchased_purges":0,"victory":false,"master_deck":["Strike_R+1","Strike_R+1","Strike_R+1","Strike_R+1","Strike_R+1","Defend_R+1","Defend_R+1","Defend_R+1","Defend_R+1","Bash","Flex","Flame Barrier","Infernal Blade","Clash+1","Pummel","Carnage","Demon Form+1","Thunderclap","Intimidate","Limit Break+1","Headbutt","Clash","Clash","Flame Barrier","Burning Pact","Second Wind+1","Clash","Jack Of All Trades+1","Clash","Pummel","Fire Breathing","Bash","Power Through+1","Exhume+1","Flex+1","Inflame+1"],"max_hp_per_floor":[80,80,80,80,80,80,80,80,80,80,80,80,80,80,80,80,80,80,80,80,80,80,80,80,80,80,80,80,80,80,80,80,80,80,80,80,80,80],"relics":["Philosopher\u0027s Stone","Whetstone","Bronze Scales","Orrery","Membership Card","Toxic Egg 2","Regal Pillow","The Courier","Mark of Pain","Red Mask"],"card_choices":[{"not_picked":["Whirlwind","Iron Wave"],"picked":"Flex"},{"not_picked":["Pummel","Cleave"],"picked":"Flame Barrier"},{"not_picked":["Shockwave","Sever Soul"],"picked":"Infernal Blade"},{"not_picked":["Evolve","Headbutt"],"picked":"Clash"},{"not_picked":["Iron Wave","Shrug It Off"],"picked":"Pummel"},{"not_picked":["Sword Boomerang","Evolve"],"picked":"Carnage"},{"not_picked":["Hemokinesis","Iron Wave"],"picked":"Demon Form"},{"not_picked":["True Grit","Armaments"],"picked":"Thunderclap"},{"not_picked":["Iron Wave","Bloodletting"],"picked":"Intimidate"},{"not_picked":["Demon Form","Impervious"],"picked":"Limit Break"},{"not_picked":["Anger","Perfected Strike"],"picked":"Headbutt"},{"not_picked":["Body Slam","Whirlwind"],"picked":"Clash"},{"not_picked":["Clothesline","Reckless Charge"],"picked":"Clash"},{"not_picked":["Entrench","Twin Strike"],"picked":"Flame Barrier"},{"not_picked":["Twin Strike","Blood for Blood"],"picked":"Burning Pact"},{"not_picked":["Fire Breathing","Wild Strike"],"picked":"Second Wind"},{"not_picked":["Combust","Thunderclap"],"picked":"Clash"},{"not_picked":["Iron Wave","Pummel"],"picked":"Clash"},{"not_picked":["Battle Trance","Heavy Blade"],"picked":"Power Through"},{"not_picked":["Feed","Offering"],"picked":"Exhume"},{"not_picked":["Body Slam","Havoc"],"picked":"Flex"},{"not_picked":["Twin Strike","Fire Breathing"],"picked":"Inflame"}],"player_experience":260468,"potions_floor_usage":[5,6,6,8,11,16,18,19,35,35],"damage_taken":[{"damage":0,"enemies":"Small Slimes","floor":1,"turns":2},{"damage":0,"enemies":"Cultist","floor":3,"turns":3},{"damage":0,"enemies":"2 Louse","floor":4,"turns":2},{"damage":0,"enemies":"Looter","floor":5,"turns":2},{"damage":9,"enemies":"Lagavulin","floor":6,"turns":5},{"damage":0,"enemies":"Lots of Slimes","floor":8,"turns":1},{"damage":12,"enemies":"Large Slime","floor":11,"turns":4},{"damage":13,"enemies":"Gremlin Gang","floor":13,"turns":3},{"damage":10,"enemies":"Exordium Wildlife","floor":14,"turns":3},{"damage":54,"enemies":"Hexaghost","floor":16,"turns":8},{"damage":7,"enemies":"Spheric Guardian","floor":18,"turns":3},{"damage":19,"enemies":"3 Byrds","floor":19,"turns":3},{"damage":49,"enemies":"Slaver and Parasite","floor":21,"turns":5},{"damage":63,"enemies":"Book of Stabbing","floor":30,"turns":5},{"damage":20,"enemies":"Champ","floor":33,"turns":9},{"damage":34,"enemies":"3 Darklings","floor":35,"turns":6},{"damage":37,"enemies":"3 Shapes","floor":36,"turns":7},{"damage":24,"enemies":"Maw","floor":39,"turns":4}],"event_choices":[{"event_name":"The Woman in Blue","player_choice":"Bought 3 Potions","floor":2,"damage_taken":0},{"event_name":"Liars Game","player_choice":"agreed","floor":7,"damage_taken":0},{"event_name":"Fountain of Cleansing","player_choice":"Removed Curse","floor":10,"damage_taken":0},{"event_name":"Back to Basics","player_choice":"Simplicity","floor":22,"damage_taken":0},{"event_name":"Addict","player_choice":"Ignored","floor":25,"damage_taken":0},{"event_name":"Vampires","player_choice":"Ignored","floor":28,"damage_taken":0},{"event_name":"Match and Keep!","player_choice":"2 cards matched","floor":29,"damage_taken":0},{"event_name":"Upgrade Shrine","player_choice":"Upgraded","floor":37,"damage_taken":0},{"event_name":"Tomb of Lord Red Mask","player_choice":"Paid","floor":38,"damage_taken":0}],"boss_relics":[{"not_picked":["Velvet Choker","White Beast Statue"],"picked":"Orrery"},{"not_picked":["Pandora\u0027s Box","Runic Dome"],"picked":"Mark of Pain"}],"potions_floor_spawned":[4,6,8,14,16,18,30,33],"seed_played":"313454868602301330","killed_by":"Maw","ascension_level":0,"is_trial":false}