{"gold_per_floor":[12,25,42,56,66,92,112,124,124,138,238,252,252,266,266,371,371,388,401,413,425,695,695,706,706,781,781,791,791],"floor_reached":29,"playtime":2067,"items_purged":[],"score":321,"play_id":"1108ba36-5564-4294-a22e-f8469fc3ec00","local_time":"20190412223830","is_ascension_mode":true,"campfire_choices":[{"data":"Dual Wield","floor":13,"key":"SMITH"},{"data":"Rage","floor":15,"key":"SMITH"},{"floor":23,"key":"REST"},{"floor":27,"key":"REST"}],"neow_cost":"NO_GOLD","seed_source_timestamp":2194620997122500,"circlet_count":0,"master_deck":["Strike_R","Strike_R","Strike_R","Strike_R","Strike_R","Defend_R","Defend_R","Defend_R","Defend_R","Bash","Clash","Pummel","Clash","Seeing Red","Iron Wave","Rage+1","Anger","Dual Wield+1","Iron Wave","Reaper","Rampage","Inflame","Impervious","Thunderclap","Clash","Corruption","Bludgeon","RitualDagger","Headbutt","Cleave+1"],"relics":["Burning Blood","Unceasing Top","Prayer Wheel","Runic Cube","Bottled Flame"],"potions_floor_usage":[4,6,10,16,18,18,20,20,21,28,29],"damage_taken":[{"damage":6,"enemies":"2 Louse","floor":1,"turns":3},{"damage":6,"enemies":"Cultist","floor":2,"turns":3},{"damage":8,"enemies":"Small Slimes","floor":3,"turns":3},{"damage":9,"enemies":"2 Fungi Beasts","floor":4,"turns":2},{"damage":26,"enemies":"Exordium Thugs","floor":5,"turns":4},{"damage":25,"enemies":"Gremlin Nob","floor":6,"turns":4},{"damage":1,"enemies":"Lots of Slimes","floor":7,"turns":3},{"damage":2,"enemies":"Exordium Wildlife","floor":8,"turns":3},{"damage":4,"enemies":"Red Slaver","floor":10,"turns":2},{"damage":9,"enemies":"2 Fungi Beasts","floor":12,"turns":2},{"damage":0,"enemies":"Large Slime","floor":14,"turns":2},{"damage":30,"enemies":"Slime Boss","floor":16,"turns":9},{"damage":0,"enemies":"3 Byrds","floor":18,"turns":3},{"damage":16,"enemies":"Spheric Guardian","floor":19,"turns":4},{"damage":27,"enemies":"Snake Plant","floor":20,"turns":5},{"damage":34,"enemies":"Cultist and Chosen","floor":21,"turns":7},{"damage":11,"enemies":"Sentry and Sphere","floor":24,"turns":4},{"damage":43,"enemies":"3 Cultists","floor":28,"turns":6},{"damage":46,"enemies":"Shelled Parasite and Fungi","floor":29,"turns":2}],"seed_played":"-2764148135683231283","potions_obtained":[{"floor":3,"key":"Poison Potion"},{"floor":5,"key":"Swift Potion"},{"floor":8,"key":"PowerPotion"},{"floor":14,"key":"Poison Potion"},{"floor":16,"key":"EntropicBrew"},{"floor":18,"key":"BloodPotion"},{"floor":19,"key":"Energy Potion"},{"floor":24,"key":"EssenceOfSteel"},{"floor":28,"key":"Regen Potion"}],"is_trial":false,"path_per_floor":["M","M","M","M","M","E","M","M","T","M","?","M","R","M","R","B",null,"M","M","M","M","?","R","M","?","T","R","M","M"],"character_chosen":"IRONCLAD","items_purchased":[],"campfire_rested":2,"item_purchase_floors":[],"current_hp_per_floor":[96,96,94,91,71,52,57,61,61,63,63,60,60,66,66,42,83,95,85,73,54,18,46,41,35,35,63,26,0],"gold":791,"neow_bonus":"TWENTY_PERCENT_HP_BONUS","is_prod":false,"is_daily":false,"chose_seed":false,"campfire_upgraded":2,"win_rate":0,"timestamp":1555123110,"path_taken":["M","M","M","M","M","E","M","M","T","M","?","?","R","M","R","BOSS","M","M","M","M","?","R","?","?","T","R","M","M"],"build_version":"2019-04-04","purchased_purges":0,"victory":false,"max_hp_per_floor":[96,96,96,96,96,96,96,96,96,96,96,96,96,96,96,96,96,96,96,96,96,96,96,96,96,96,96,96,96],"card_choices":[{"not_picked":["Armaments","Reckless Charge"],"picked":"Clash","floor":1},{"not_picked":["Havoc","Shrug It Off"],"picked":"Pummel","floor":2},{"not_picked":["Twin Strike","Headbutt"],"picked":"Clash","floor":3},{"not_picked":["Berserk","Body Slam"],"picked":"Seeing Red","floor":4},{"not_picked":["Rupture","Armaments","Wild Strike"],"picked":"SKIP","floor":5},{"not_picked":["True Grit","Thunderclap"],"picked":"Iron Wave","floor":6},{"not_picked":["Perfected Strike","Heavy Blade","Sentinel"],"picked":"SKIP","floor":7},{"not_picked":["Immolate","Armaments","Warcry"],"picked":"SKIP","floor":8},{"not_picked":["Entrench","Clothesline"],"picked":"Rage","floor":10},{"not_picked":["Havoc","Power Through","Rupture"],"picked":"SKIP","floor":10},{"not_picked":["Fire Breathing","Pommel Strike"],"picked":"Anger","floor":12},{"not_picked":["Entrench","True Grit","Dual Wield"],"picked":"SKIP","floor":12},{"not_picked":["Entrench","True Grit"],"picked":"Dual Wield","floor":12},{"not_picked":["Uppercut","Shrug It Off"],"picked":"Iron Wave","floor":14},{"not_picked":["Armaments","Evolve","Sentinel"],"picked":"SKIP","floor":14},{"not_picked":["Double Tap","Impervious"],"picked":"Reaper","floor":16},{"not_picked":["Cleave","Metallicize"],"picked":"Rampage","floor":18},{"not_picked":["Pommel Strike","Hemokinesis"],"picked":"Inflame","floor":18},{"not_picked":["Heavy Blade","Clash"],"picked":"Impervious","floor":19},{"not_picked":["Shrug It Off+1","Rampage","Body Slam+1"],"picked":"SKIP","floor":19},{"not_picked":["Pommel Strike","Wild Strike+1"],"picked":"Thunderclap","floor":20},{"not_picked":["Warcry","Spot Weakness","Armaments"],"picked":"SKIP","floor":20},{"not_picked":["Heavy Blade","Reckless Charge"],"picked":"Clash","floor":21},{"not_picked":["Armaments","Body Slam"],"picked":"Corruption","floor":21},{"not_picked":["Shrug It Off","Spot Weakness"],"picked":"Bludgeon","floor":24},{"not_picked":["Bloodletting+1","Evolve","Iron Wave"],"picked":"SKIP","floor":24},{"not_picked":["Hemokinesis","Warcry"],"picked":"Headbutt","floor":28},{"not_picked":["Wild Strike","Armaments"],"picked":"Cleave+1","floor":28}],"player_experience":789028,"relics_obtained":[{"floor":6,"key":"Unceasing Top"},{"floor":9,"key":"Prayer Wheel"},{"floor":26,"key":"Bottled Flame"}],"event_choices":[{"damage_healed":0,"gold_gain":100,"player_choice":"Pray","damage_taken":0,"max_hp_gain":0,"max_hp_loss":0,"event_name":"Golden Shrine","floor":11,"gold_loss":0},{"damage_healed":0,"gold_gain":270,"player_choice":"GOLD GOLD GOLD ","damage_taken":36,"max_hp_gain":0,"max_hp_loss":0,"event_name":"Knowing Skull","floor":22,"potions_obtained":[],"gold_loss":0,"cards_obtained":[]},{"damage_healed":0,"gold_gain":0,"player_choice":"Joined the Cult","damage_taken":6,"max_hp_gain":0,"max_hp_loss":0,"event_name":"Nest","floor":25,"gold_loss":0,"cards_obtained":["RitualDagger"]}],"is_beta":true,"boss_relics":[{"not_picked":["Ectoplasm","Sozu"],"picked":"Runic Cube"}],"items_purged_floors":[],"is_endless":false,"potions_floor_spawned":[3,5,8,14,16,18,19,24,28],"killed_by":"Shelled Parasite and Fungi","ascension_level":5}