{"gold_per_floor":[14,25,37,53,53,53,78,97,121,154,29,29,29,45,45,45],"floor_reached":16,"playtime":490,"items_purged":["Strike_R"],"score":224,"play_id":"f370eae4-1b8c-4920-b346-7c0429fdd49d","local_time":"20190615145432","is_ascension_mode":true,"campfire_choices":[{"data":"Bash","floor":6,"key":"SMITH"},{"data":"True Grit","floor":13,"key":"SMITH"},{"floor":15,"key":"REST"}],"neow_cost":"NO_GOLD","seed_source_timestamp":334446571258691,"circlet_count":0,"master_deck":["AscendersBane","Strike_R","Strike_R","Strike_R","Strike_R","Defend_R","Defend_R","Defend_R","Defend_R","Bash+1","Feed","Spot Weakness","Quick Slash","Sunder+1","Pummel","Conserve Battery","Evolve","True Grit+1","Pain","Backflip"],"special_seed":0,"relics":["Burning Blood","PrismaticShard","Self Forming Clay","Bag of Preparation","Regal Pillow","WarpedTongs"],"potions_floor_usage":[7,10],"damage_taken":[{"damage":6,"enemies":"Small Slimes","floor":1,"turns":5},{"damage":1,"enemies":"Cultist","floor":2,"turns":3},{"damage":11,"enemies":"Jaw Worm","floor":3,"turns":5},{"damage":13,"enemies":"Red Slaver","floor":4,"turns":3},{"damage":24,"enemies":"Gremlin Nob","floor":7,"turns":4},{"damage":17,"enemies":"Gremlin Gang","floor":8,"turns":3},{"damage":13,"enemies":"Lagavulin","floor":10,"turns":6},{"damage":21,"enemies":"Exordium Wildlife","floor":14,"turns":8},{"damage":67,"enemies":"Hexaghost","floor":16,"turns":9}],"seed_played":"-4746906455573974020","potions_obtained":[{"floor":1,"key":"Ancient Potion"},{"floor":3,"key":"Dexterity Potion"},{"floor":10,"key":"Dexterity Potion"}],"is_trial":false,"path_per_floor":["M","M","M","M","?","R","E","M","T","E","$","?","R","M","R","B"],"character_chosen":"IRONCLAD","items_purchased":["True Grit"],"campfire_rested":1,"item_purchase_floors":[11],"current_hp_per_floor":[71,79,77,70,70,70,55,47,47,40,40,40,40,25,67,0],"gold":45,"neow_bonus":"THREE_RARE_CARDS","is_prod":false,"is_daily":false,"chose_seed":false,"campfire_upgraded":2,"win_rate":0,"timestamp":1560635672,"path_taken":["M","M","M","M","?","R","E","M","T","E","$","?","R","?","R","BOSS"],"build_version":"2019-01-23","purchased_purges":1,"victory":false,"max_hp_per_floor":[78,81,84,84,84,84,87,90,90,90,90,90,90,90,90,90],"card_choices":[{"not_picked":["Reaper","Immolate"],"picked":"Feed","floor":0.0},{"not_picked":["Barrage","Terror"],"picked":"Spot Weakness","floor":1},{"not_picked":["Prepared","Thunderclap","Perfected Strike"],"picked":"SKIP","floor":2},{"not_picked":["Thunderclap","Iron Wave"],"picked":"Quick Slash","floor":3},{"not_picked":["Steam","Rebound"],"picked":"Sunder","floor":4},{"not_picked":["Slice","The Bomb"],"picked":"Pummel","floor":7},{"not_picked":["Bane","Streamline"],"picked":"Conserve Battery","floor":8},{"not_picked":["Reinforced Body","Deep Breath"],"picked":"Evolve","floor":10},{"not_picked":["Anger","Hologram"],"picked":"Backflip","floor":14}],"player_experience":795281,"relics_obtained":[{"floor":7,"key":"Self Forming Clay"},{"floor":9,"key":"Bag of Preparation"},{"floor":10,"key":"Regal Pillow"}],"event_choices":[{"damage_healed":0,"gold_gain":0,"player_choice":"Grow","damage_taken":0,"max_hp_gain":0,"max_hp_loss":0,"event_name":"Living Wall","floor":5,"gold_loss":0,"cards_upgraded":["Sunder"]},{"damage_healed":0,"gold_gain":0,"player_choice":"Rummage","damage_taken":0,"relics_obtained":["WarpedTongs"],"max_hp_gain":0,"max_hp_loss":0,"event_name":"Accursed Blacksmith","floor":12,"gold_loss":0,"cards_obtained":["Pain"]}],"is_beta":false,"boss_relics":[],"items_purged_floors":[11],"is_endless":false,"potions_floor_spawned":[1,3,4,10],"killed_by":"Hexaghost","ascension_level":20}