{"gold_per_floor":[114,125,142,217,149,176,176,203,275,275,290,324,335,345,345,345],"floor_reached":16,"playtime":1478,"items_purged":[],"score":179,"play_id":"ed6b5a17-d0d9-4180-a0e8-9b5d5129694e","local_time":"20190705064942","is_ascension_mode":true,"campfire_choices":[{"floor":7,"key":"REST"},{"data":"Dark Embrace","floor":10,"key":"SMITH"},{"data":"Entrench","floor":15,"key":"SMITH"}],"neow_cost":"PERCENT_DAMAGE","seed_source_timestamp":764090684889210,"circlet_count":0,"master_deck":["Strike_R","Strike_R","Strike_R","Strike_R","Strike_R","Defend_R","Defend_R","Defend_R","Defend_R","Bash","Pommel Strike","Armaments","True Grit","Feed","Dark Embrace+1","Warcry","Seeing Red","Iron Wave","Entrench+1"],"relics":["Burning Blood","Unceasing Top","PreservedInsect","Red Skull","Darkstone Periapt","Dodecahedron"],"potions_floor_usage":[16,16,16],"damage_taken":[{"damage":10,"enemies":"Small Slimes","floor":1,"turns":5},{"damage":1,"enemies":"2 Louse","floor":2,"turns":4},{"damage":1,"enemies":"Cultist","floor":3,"turns":4},{"damage":41,"enemies":"Gremlin Nob","floor":6,"turns":5},{"damage":25,"enemies":"3 Sentries","floor":8,"turns":9},{"damage":4,"enemies":"Red Slaver","floor":11,"turns":3},{"damage":0,"enemies":"Gremlin Nob","floor":12,"turns":2},{"damage":20,"enemies":"Looter","floor":13,"turns":3},{"damage":3,"enemies":"2 Fungi Beasts","floor":14,"turns":3},{"damage":51,"enemies":"Slime Boss","floor":16,"turns":12}],"seed_played":"-3893348443392428959","potions_obtained":[{"floor":3,"key":"EssenceOfSteel"},{"floor":6,"key":"AttackPotion"},{"floor":8,"key":"SkillPotion"},{"floor":11,"key":"Poison Potion"}],"is_trial":false,"path_per_floor":["M","M","M","?","?","E","R","E","T","R","M","E","M","M","R","B"],"character_chosen":"IRONCLAD","items_purchased":[],"campfire_rested":1,"item_purchase_floors":[],"current_hp_per_floor":[68,73,78,67,67,32,60,44,44,44,49,58,44,50,50,0],"gold":345,"neow_bonus":"TWENTY_PERCENT_HP_BONUS","is_prod":false,"is_daily":false,"chose_seed":false,"campfire_upgraded":2,"win_rate":0,"timestamp":1562323782,"path_taken":["M","M","M","?","?","E","R","E","T","R","M","E","M","M","R","BOSS"],"build_version":"2019-07-01","purchased_purges":0,"victory":false,"max_hp_per_floor":[96,96,96,96,96,96,96,99,99,99,102,105,105,108,108,108],"card_choices":[{"not_picked":["Iron Wave","Thunderclap"],"picked":"Pommel Strike","floor":1},{"not_picked":["Iron Wave","Headbutt"],"picked":"Armaments","floor":2},{"not_picked":["Anger","Searing Blow"],"picked":"True Grit","floor":3},{"not_picked":["Headbutt","Body Slam"],"picked":"Feed","floor":6},{"not_picked":["Sword Boomerang","Anger"],"picked":"Dark Embrace","floor":8},{"not_picked":["Heavy Blade","Anger"],"picked":"Warcry","floor":11},{"not_picked":["Power Through","Reckless Charge"],"picked":"Seeing Red","floor":12},{"not_picked":["Thunderclap","Clash"],"picked":"Iron Wave","floor":13},{"not_picked":["Pommel Strike","Bloodletting"],"picked":"Entrench","floor":14}],"player_experience":58773,"relics_obtained":[{"floor":6,"key":"PreservedInsect"},{"floor":8,"key":"Red Skull"},{"floor":9,"key":"Darkstone Periapt"},{"floor":12,"key":"Dodecahedron"}],"event_choices":[{"damage_healed":0,"gold_gain":75,"player_choice":"Gather Gold","damage_taken":11,"max_hp_gain":0,"max_hp_loss":0,"event_name":"World of Goop","floor":4,"gold_loss":0},{"damage_healed":0,"gold_gain":0,"player_choice":"Paid Gold","damage_taken":0,"relics_obtained":["Unceasing Top"],"max_hp_gain":0,"max_hp_loss":0,"event_name":"WeMeetAgain","floor":5,"gold_loss":68}],"is_beta":false,"boss_relics":[],"items_purged_floors":[],"is_endless":false,"potions_floor_spawned":[3,6,8,11,14],"killed_by":"Slime Boss","ascension_level":1}