{"gold_per_floor":[16,16,35,51,64,99,99,113,136,151,171,171],"floor_reached":12,"playtime":953,"items_purged":[],"score":101,"play_id":"b16e5c48-4de1-45f7-b1dd-1457ae8ab641","local_time":"20190624201239","is_ascension_mode":true,"campfire_choices":[{"floor":7,"key":"REST"}],"neow_cost":"NO_GOLD","seed_source_timestamp":238213395773681,"circlet_count":0,"master_deck":["Strike_R","Strike_R","Strike_R","Strike_R+1","Strike_R","Defend_R","Defend_R","Defend_R","Defend_R","Bash","Panacea","Panacea","Armaments","Pain","Wild Strike","Thunderclap+1","Pommel Strike","Demon Form","Anger","Sentinel","Iron Wave"],"relics":["Burning Blood","WarpedTongs","Whetstone","Vajra"],"potions_floor_usage":[12],"damage_taken":[{"damage":10,"enemies":"Small Slimes","floor":1,"turns":3},{"damage":9,"enemies":"Cultist","floor":3,"turns":4},{"damage":14,"enemies":"Jaw Worm","floor":4,"turns":2},{"damage":18,"enemies":"Large Slime","floor":5,"turns":6},{"damage":52,"enemies":"3 Sentries","floor":6,"turns":10},{"damage":6,"enemies":"2 Fungi Beasts","floor":8,"turns":3},{"damage":15,"enemies":"Gremlin Gang","floor":10,"turns":3},{"damage":10,"enemies":"Exordium Wildlife","floor":11,"turns":4},{"damage":18,"enemies":"Gremlin Nob","floor":12,"turns":3}],"seed_played":"7558046623771166922","potions_obtained":[{"floor":4,"key":"Swift Potion"},{"floor":5,"key":"FearPotion"},{"floor":6,"key":"Swift Potion"}],"is_trial":false,"path_per_floor":["M","?","M","M","M","E","R","M","T","M","M","E"],"character_chosen":"IRONCLAD","items_purchased":[],"campfire_rested":1,"item_purchase_floors":[],"current_hp_per_floor":[76,76,73,65,53,7,31,31,31,22,18,0],"gold":171,"neow_bonus":"RANDOM_COLORLESS_2","is_prod":false,"is_daily":false,"chose_seed":false,"campfire_upgraded":0,"win_rate":0,"timestamp":1561421559,"path_taken":["M","?","M","M","?","E","R","M","T","M","M","E"],"build_version":"2019-01-23","purchased_purges":0,"victory":false,"max_hp_per_floor":[80,80,80,80,80,80,80,80,80,80,80,80],"card_choices":[{"not_picked":["Clothesline","Blood for Blood"],"picked":"Armaments","floor":1},{"not_picked":["Clash","Perfected Strike"],"picked":"Wild Strike","floor":3},{"not_picked":["Sword Boomerang","Wild Strike"],"picked":"Thunderclap","floor":4},{"not_picked":["Warcry","Twin Strike"],"picked":"Pommel Strike","floor":5},{"not_picked":["Infernal Blade","Entrench"],"picked":"Demon Form","floor":6},{"not_picked":["Clash","Warcry"],"picked":"Anger","floor":8},{"not_picked":["Shrug It Off","Dropkick"],"picked":"Sentinel","floor":10},{"not_picked":["Cleave","Power Through"],"picked":"Iron Wave","floor":11}],"player_experience":106695,"relics_obtained":[{"floor":6,"key":"Whetstone"},{"floor":9,"key":"Vajra"}],"event_choices":[{"damage_healed":0,"gold_gain":0,"player_choice":"Rummage","damage_taken":0,"relics_obtained":["WarpedTongs"],"max_hp_gain":0,"max_hp_loss":0,"event_name":"Accursed Blacksmith","floor":2,"gold_loss":0,"cards_obtained":["Pain"]}],"is_beta":false,"boss_relics":[],"items_purged_floors":[],"is_endless":false,"potions_floor_spawned":[4,5,6],"killed_by":"Gremlin Nob","ascension_level":4}