{"gold_per_floor":[109,121,138,138,150,150,75,75,159,159,170,120,120,150,150,247,247,265,265,84,9,9,9,9],"floor_reached":24,"playtime":834,"items_purged":["Strike_B","Strike_B"],"score":221,"play_id":"ee36ee02-e071-4dd6-a84d-0ce17da2c9d8","local_time":"20190626200254","is_ascension_mode":true,"campfire_choices":[{"data":"Ball Lightning","floor":6,"key":"SMITH"},{"data":"Go for the Eyes","floor":8,"key":"SMITH"},{"data":"Dualcast","floor":10,"key":"SMITH"},{"floor":15,"key":"REST"},{"data":"Aggregate","floor":23,"key":"SMITH"}],"neow_cost":"NONE","seed_source_timestamp":6205631068009456,"circlet_count":0,"master_deck":["Strike_B+1","Defend_B","Defend_B","Zap+1","Dualcast+1","Coolheaded+1","Compile Driver+1","Ball Lightning+1","Go for the Eyes+1","Capacitor","Reboot","Hello World","Aggregate+1"],"relics":["Cracked Core","Tiny Chest","Orichalcum","Coffee Dripper","Darkstone Periapt"],"potions_floor_usage":[],"damage_taken":[{"damage":0,"enemies":"Small Slimes","floor":1,"turns":3},{"damage":0,"enemies":"Cultist","floor":2,"turns":3},{"damage":4,"enemies":"2 Louse","floor":3,"turns":2},{"damage":5,"enemies":"Looter","floor":5,"turns":3},{"damage":5,"enemies":"2 Fungi Beasts","floor":11,"turns":2},{"damage":8,"enemies":"Lagavulin","floor":14,"turns":4},{"damage":34,"enemies":"Slime Boss","floor":16,"turns":9},{"damage":6,"enemies":"3 Byrds","floor":18,"turns":4},{"damage":70,"enemies":"Slavers","floor":24,"turns":4}],"seed_played":"3915853700285839760","potions_obtained":[{"floor":2,"key":"FearPotion"},{"floor":3,"key":"SteroidPotion"},{"floor":11,"key":"Dexterity Potion"}],"is_trial":false,"path_per_floor":["M","M","M","?","M","R","$","R","T","R","M","?","?","E","R","B",null,"M","?","$","?","T","R","E"],"character_chosen":"DEFECT","items_purchased":["Aggregate"],"campfire_rested":1,"item_purchase_floors":[20],"current_hp_per_floor":[75,75,71,71,66,66,66,66,66,66,61,61,46,38,60,26,75,69,69,69,69,69,69,0],"gold":9,"neow_bonus":"UPGRADE_CARD","is_prod":false,"is_daily":false,"chose_seed":false,"campfire_upgraded":4,"win_rate":0,"timestamp":1561597374,"path_taken":["M","M","M","?","?","R","?","R","T","R","?","?","?","E","R","BOSS","M","?","$","?","?","R","E"],"build_version":"2019-01-23","purchased_purges":2,"victory":false,"max_hp_per_floor":[75,75,75,75,75,75,75,75,75,75,75,75,75,75,75,75,75,75,75,75,75,75,75,75],"card_choices":[{"not_picked":["Reprogram","Gash"],"picked":"Coolheaded","floor":1},{"not_picked":["Streamline","Redo"],"picked":"Compile Driver","floor":2},{"not_picked":["Barrage","Consume"],"picked":"Ball Lightning","floor":3},{"not_picked":["Steam Power","Lockon"],"picked":"Go for the Eyes","floor":5},{"not_picked":["Compile Driver","Chaos","Undo"],"picked":"SKIP","floor":11},{"not_picked":["Barrage","Undo"],"picked":"Capacitor","floor":14},{"not_picked":["Amplify","Core Surge"],"picked":"Reboot","floor":16},{"not_picked":["Ball Lightning","White Noise"],"picked":"Hello World","floor":18}],"player_experience":199738,"relics_obtained":[{"floor":9,"key":"Tiny Chest"},{"floor":14,"key":"Orichalcum"},{"floor":22,"key":"Darkstone Periapt"}],"event_choices":[{"damage_healed":0,"gold_gain":0,"player_choice":"Upgraded","damage_taken":0,"max_hp_gain":0,"max_hp_loss":0,"event_name":"Upgrade Shrine","floor":4,"gold_loss":0,"cards_upgraded":["Coolheaded"]},{"cards_removed":["Strike_B"],"damage_healed":0,"gold_gain":0,"player_choice":"Card Removal","damage_taken":0,"max_hp_gain":0,"max_hp_loss":0,"event_name":"The Cleric","floor":12,"gold_loss":50},{"damage_healed":0,"gold_gain":0,"player_choice":"Entered Light","damage_taken":15,"max_hp_gain":0,"max_hp_loss":0,"event_name":"Shining Light","floor":13,"gold_loss":0,"cards_upgraded":["Strike_B","Compile Driver"]},{"cards_removed":["Defend_B"],"damage_healed":0,"gold_gain":0,"player_choice":"Elegance","damage_taken":0,"max_hp_gain":0,"max_hp_loss":0,"event_name":"Back to Basics","floor":19,"gold_loss":0},{"cards_removed":["Defend_B"],"damage_healed":0,"gold_gain":0,"player_choice":"Gave Gold","damage_taken":0,"max_hp_gain":0,"max_hp_loss":0,"event_name":"Beggar","floor":21,"gold_loss":75}],"is_beta":false,"boss_relics":[{"not_picked":["Cursed Key","Inserter"],"picked":"Coffee Dripper"}],"items_purged_floors":[7,20],"is_endless":false,"potions_floor_spawned":[2,3,11],"killed_by":"Slavers","ascension_level":3}