{"path_per_floor":["M","$","?","?","M","R","?","M","T","R","M","?","M","?","R","B",null,"M","?","M","?","$","R","?","R","T","E","R","$","?","E","R","B",null,"M","M","?","$","M","E","M","E","T","M","R","$","R","M","R","B"],"character_chosen":"THE_SILENT","items_purchased":["Purity","Backstab","Die Die Die","Underhanded Strike","Gremlin Horn","Bag of Marbles"],"gold_per_floor":[114,11,11,11,26,26,201,216,216,216,231,231,246,246,246,346,346,361,261,276,276,237,237,237,237,237,267,267,60,60,90,90,190,190,205,220,230,30,45,75,90,120,120,135,135,15,15,30,30,30],"floor_reached":51,"campfire_rested":4,"playtime":1916,"current_hp_per_floor":[70,70,70,70,64,64,70,70,76,76,74,67,51,57,57,40,94,88,88,64,64,64,92,104,104,110,94,94,94,94,83,83,88,144,144,141,133,133,114,87,72,33,39,20,66,66,112,107,153,35],"items_purged":[],"gold":30,"score":933,"play_id":"c69e1623-6c58-4d61-9331-7dcc6f2cb60e","local_time":"20180325124623","daily_mods":["Heirloom","Cursed Run","Elite Swarm"],"is_prod":false,"is_daily":true,"is_ascension_mode":false,"campfire_upgraded":3,"timestamp":1521996383,"path_taken":["M","$","?","?","M","R","?","?","T","R","M","?","M","?","R","BOSS","M","?","M","?","$","R","?","R","T","E","R","$","?","E","R","BOSS","M","?","?","$","M","E","M","E","T","M","R","?","R","M","R","BOSS"],"build_version":"2018-03-22v2","purchased_purges":0,"victory":true,"master_deck":["Defend_G","Defend_G","Defend_G","Defend_G","Defend_G","Strike_G","Strike_G","Strike_G","Strike_G","Strike_G","Survivor","Neutralize","Eviscerate","Purity","All Out Attack","Prepared","Doubt","Injury","Regret","Parasite","Die Die Die+1","Skewer+1","Prepared+1","Backstab","Parasite","Tools of the Trade+1","Die Die Die","Underhanded Strike","Tools of the Trade+1","Injury","Glass Knife","Normality","Doubt","Pain","Underhanded Strike+1","Underhanded Strike","Die Die Die","Underhanded Strike+1","Die Die Die","Pain","Dagger Throw","Doubt"],"max_hp_per_floor":[70,70,70,70,70,70,76,76,82,82,82,82,82,88,88,94,94,94,94,94,94,94,94,104,104,110,110,110,110,110,120,120,126,144,144,146,146,146,148,148,148,148,154,154,154,154,154,156,156,162],"relics":["Cursed Key","Darkstone Periapt","Du-Vu Doll","Girya","Bronze Scales","Dodecahedron","Toxic Egg 2","Lizard Tail","Orichalcum","Dead Branch","Vajra","Pear","Calling Bell","Oddly Smooth Stone","Singing Bowl","The Courier","Shovel","Gremlin Horn","Ancient Tea Set","Bag of Preparation","Bird Faced Urn","Bag of Marbles"],"card_choices":[{"not_picked":["Blur","Deflect"],"picked":"Eviscerate","floor":1},{"not_picked":["Poisoned Stab","Predator"],"picked":"Prepared","floor":5},{"not_picked":["Night Terror","Storm of Steel"],"picked":"Die Die Die","floor":16},{"not_picked":["Bane","Accuracy"],"picked":"Skewer","floor":18},{"not_picked":["Leg Sweep","Deadly Poison"],"picked":"Prepared","floor":20},{"not_picked":["Corpse Explosion","Storm of Steel"],"picked":"Tools of the Trade","floor":27},{"not_picked":["Night Terror","Doppelganger"],"picked":"Tools of the Trade","floor":31},{"not_picked":["Doppelganger","Grand Finale"],"picked":"Glass Knife","floor":33},{"not_picked":["Bane","Dash"],"picked":"Underhanded Strike","floor":35},{"not_picked":["PiercingWail","Setup"],"picked":"Underhanded Strike","floor":37},{"not_picked":["Burst","A Thousand Cuts"],"picked":"Die Die Die","floor":40},{"not_picked":["Prepared","Bouncing Flask"],"picked":"Underhanded Strike","floor":41},{"not_picked":["After Image","Venomology"],"picked":"Die Die Die","floor":42},{"not_picked":["Slice","Riddle With Holes"],"picked":"Dagger Throw","floor":44}],"player_experience":510457,"potions_floor_usage":[27,31,33,33,33,36,37,40,50,50],"damage_taken":[{"damage":0,"enemies":"Jaw Worm","floor":1,"turns":4},{"damage":6,"enemies":"Cultist","floor":5,"turns":4},{"damage":0,"enemies":"2 Louse","floor":8,"turns":2},{"damage":2,"enemies":"Blue Slaver","floor":11,"turns":3},{"damage":16,"enemies":"3 Louse","floor":13,"turns":4},{"damage":23,"enemies":"Slime Boss","floor":16,"turns":8},{"damage":6,"enemies":"Spheric Guardian","floor":18,"turns":3},{"damage":24,"enemies":"3 Byrds","floor":20,"turns":3},{"damage":16,"enemies":"Book of Stabbing","floor":27,"turns":3},{"damage":21,"enemies":"Slavers","floor":31,"turns":4},{"damage":10,"enemies":"Collector","floor":33,"turns":4},{"damage":0,"enemies":"Orb Walker","floor":35,"turns":1},{"damage":5,"enemies":"3 Darklings","floor":36,"turns":3},{"damage":8,"enemies":"Mysterious Sphere","floor":37,"turns":2},{"damage":21,"enemies":"4 Shapes","floor":39,"turns":2},{"damage":27,"enemies":"2 Orb Walkers","floor":40,"turns":4},{"damage":15,"enemies":"Maw","floor":41,"turns":5},{"damage":39,"enemies":"Giant Head","floor":42,"turns":6},{"damage":19,"enemies":"Sphere and 2 Shapes","floor":44,"turns":3},{"damage":9,"enemies":"4 Shapes","floor":48,"turns":2},{"damage":128,"enemies":"Awakened One","floor":50,"turns":7}],"event_choices":[{"event_name":"Match and Keep!","player_choice":"2 cards matched","floor":3,"damage_taken":0},{"event_name":"The Cleric","player_choice":"Leave","floor":4,"damage_taken":0},{"event_name":"Liars Game","player_choice":"agreed","floor":7,"damage_taken":0},{"event_name":"Scrap Ooze","player_choice":"success","floor":12,"damage_taken":7},{"event_name":"Big Fish","player_choice":"Box","floor":14,"damage_taken":0},{"event_name":"Drug Dealer","player_choice":"Got JAXXED","floor":19,"damage_taken":0},{"event_name":"Addict","player_choice":"Gave JAX","floor":21,"damage_taken":0},{"event_name":"Bonfire Elementals","player_choice":"RARE","floor":24,"damage_taken":0},{"event_name":"Beggar","player_choice":"Ignored","floor":30,"damage_taken":0},{"event_name":"Mysterious Sphere","player_choice":"Fight","floor":37,"damage_taken":0}],"boss_relics":[{"not_picked":["Eternal Feather","White Beast Statue"],"picked":"Lizard Tail"},{"not_picked":["Pandora\u0027s Box","Runic Dome"],"picked":"Calling Bell"}],"potions_floor_spawned":[1,11,16,20,27,33,36,37,44,48],"seed_played":"-458385073084776932","ascension_level":0,"is_trial":false}