{"gold_per_floor":[113,113,0,12,12,39,39,74,74,87,87,9,9,37,37,138,138,158,171,171],"floor_reached":20,"playtime":774,"items_purged":[],"score":266,"play_id":"94d16f76-2465-4c20-bb4d-2a47ab793a9a","local_time":"20190630080706","is_ascension_mode":true,"campfire_choices":[{"data":"1","floor":7,"key":"LIFT"},{"floor":11,"key":"REST"},{"floor":13,"key":"REST"},{"data":"2","floor":15,"key":"LIFT"}],"neow_cost":"NONE","seed_source_timestamp":234777606156300,"circlet_count":0,"master_deck":["Strike_R","Strike_R","Strike_R","Strike_R","Defend_R","Defend_R","Defend_R","Defend_R","Bash","Seeing Red","Inflame","Shrug It Off","Armaments","Inflame","Thunderclap","Metallicize","Inflame","Heavy Blade","Immolate","Cleave","Corruption"],"relics":["Black Blood","Girya","Bottled Tornado","Bag of Marbles"],"potions_floor_usage":[4,6,8],"damage_taken":[{"damage":4,"enemies":"Jaw Worm","floor":1,"turns":5},{"damage":0,"enemies":"Cultist","floor":4,"turns":2},{"damage":36,"enemies":"Lagavulin","floor":6,"turns":7},{"damage":39,"enemies":"3 Sentries","floor":8,"turns":13},{"damage":12,"enemies":"Small Slimes","floor":10,"turns":3},{"damage":22,"enemies":"Gremlin Nob","floor":14,"turns":4},{"damage":20,"enemies":"The Guardian","floor":16,"turns":12},{"damage":41,"enemies":"3 Byrds","floor":18,"turns":6},{"damage":30,"enemies":"Spheric Guardian","floor":19,"turns":5},{"damage":30,"enemies":"Snake Plant","floor":20,"turns":2}],"seed_played":"8337079584670165929","potions_obtained":[{"floor":1,"key":"Swift Potion"},{"floor":4,"key":"EssenceOfSteel"},{"floor":6,"key":"Dexterity Potion"}],"is_trial":false,"path_per_floor":["M","?","$","M","$","E","R","E","T","M","R","$","R","E","R","B",null,"M","M","M"],"character_chosen":"IRONCLAD","items_purchased":["Inflame","Shrug It Off","Inflame"],"campfire_rested":2,"item_purchase_floors":[3,3,12],"current_hp_per_floor":[82,82,82,88,88,58,58,25,25,19,45,45,71,55,55,41,76,45,25,0],"gold":171,"neow_bonus":"TEN_PERCENT_HP_BONUS","is_prod":false,"is_daily":false,"chose_seed":false,"campfire_upgraded":0,"win_rate":0,"timestamp":1561896426,"path_taken":["M","?","?","?","$","E","R","E","T","?","R","$","R","E","R","BOSS","M","M","?"],"build_version":"2019-06-29","purchased_purges":0,"victory":false,"max_hp_per_floor":[88,88,88,88,88,88,88,88,88,88,88,88,88,88,88,88,88,88,88,88],"card_choices":[{"not_picked":["Carnage","Headbutt"],"picked":"Seeing Red","floor":1},{"not_picked":["Clash","Clothesline"],"picked":"Armaments","floor":4},{"not_picked":["Flex","Sever Soul"],"picked":"Inflame","floor":6},{"not_picked":["Clash","Body Slam"],"picked":"Thunderclap","floor":8},{"not_picked":["Berserk","Warcry"],"picked":"Metallicize","floor":10},{"not_picked":["Perfected Strike","True Grit"],"picked":"Heavy Blade","floor":14},{"not_picked":["Berserk","Brutality"],"picked":"Immolate","floor":16},{"not_picked":["Searing Blow","Headbutt+1"],"picked":"Cleave","floor":18},{"not_picked":["Wild Strike+1","Pommel Strike"],"picked":"Corruption","floor":19}],"player_experience":1152076,"relics_obtained":[{"floor":6,"key":"Girya"},{"floor":8,"key":"Bottled Tornado"},{"floor":14,"key":"Bag of Marbles"}],"event_choices":[{"cards_removed":["Strike_R"],"damage_healed":0,"gold_gain":0,"player_choice":"Offered Basic","damage_taken":0,"max_hp_gain":0,"max_hp_loss":0,"event_name":"Bonfire Elementals","floor":2,"gold_loss":0}],"is_beta":true,"boss_relics":[{"not_picked":["Mark of Pain","Eternal Feather"],"picked":"Black Blood"}],"items_purged_floors":[],"is_endless":false,"potions_floor_spawned":[1,4,6],"killed_by":"Snake Plant","ascension_level":8}