{"path_per_floor":["M","M","?","M","M","?","E","R","T","M","R","$","M","T","R","B",null,"M","?","M","M","M","R"],"character_chosen":"IRONCLAD","items_purchased":["Torii"],"gold_per_floor":[114,129,304,319,334,284,314,314,339,354,354,54,69,119,119,219,219,234,134,149,164,179,179,179],"floor_reached":24,"campfire_rested":1,"playtime":1281,"current_hp_per_floor":[80,75,75,80,80,80,71,71,71,71,71,71,75,75,75,59,80,45,45,53,55,34,58,0],"items_purged":[],"gold":179,"score":277,"play_id":"d0cc7aac-c6c9-4f4a-b66d-bf841bf5832a","local_time":"20180403002722","daily_mods":["Insanity","Uncertain Future","Hoarder"],"is_prod":false,"is_daily":true,"is_ascension_mode":false,"campfire_upgraded":3,"timestamp":1522729642,"path_taken":["M","M","?","M","M","?","E","R","T","M","R","$","M","?","R","BOSS","M","?","M","M","M","R","E"],"build_version":"2018-03-29v2","purchased_purges":0,"victory":false,"master_deck":["Second Wind","True Grit","Burning Pact","Fiend Fire+1","Reaper+1","Demon Form","Entrench","Rupture","Dropkick","Pummel+1","Hemokinesis","Searing Blow","Shockwave","Shockwave","Immolate","Seeing Red","Iron Wave","Ghostly Armor","Spot Weakness","Brutality","Fiend Fire+1","Metallicize","Perfected Strike","Fiend Fire","Armaments","Berserk","Barricade","Dual Wield","Warcry","Pommel Strike","Shockwave","Armaments","Hemokinesis","Offering","Reckless Charge","Double Tap","Metallicize","Reckless Charge","Evolve","Rage","Power Through","Twin Strike","Burning Pact","Dual Wield","True Grit","Entrench","Armaments","Bludgeon","Offering","Double Tap","Corruption","Corruption","Corruption","Doubt","Doubt","Infernal Blade","Infernal Blade","Infernal Blade","Reaper","Reaper","Reaper+1","Inflame","Inflame","Inflame","Feed","Feed","Feed","Battle Trance+1","Battle Trance+1","Battle Trance+1","J.A.X.","J.A.X.","J.A.X.","Perfected Strike","Perfected Strike","Perfected Strike"],"max_hp_per_floor":[80,80,80,80,80,80,80,80,80,80,80,80,80,80,80,80,80,80,80,80,80,80,80,80],"relics":["Burning Blood","Vajra","Blood Vial","Torii","Whetstone","Runic Cube"],"card_choices":[{"not_picked":["Shrug It Off","Evolve"],"picked":"Corruption","floor":1},{"not_picked":["Clash","Iron Wave"],"picked":"Infernal Blade","floor":5},{"not_picked":["Pummel","Shrug It Off"],"picked":"Reaper","floor":7},{"not_picked":["Carnage","Pommel Strike"],"picked":"Inflame","floor":10},{"not_picked":["Exhume","Impervious"],"picked":"Feed","floor":16},{"not_picked":["Iron Wave","Heavy Blade"],"picked":"Battle Trance","floor":18},{"not_picked":["Shrug It Off","Dropkick"],"picked":"Perfected Strike","floor":22}],"player_experience":594397,"potions_floor_usage":[4,5,10,22],"damage_taken":[{"damage":4,"enemies":"Jaw Worm","floor":1,"turns":3},{"damage":11,"enemies":"2 Louse","floor":2,"turns":2},{"damage":0,"enemies":"Small Slimes","floor":4,"turns":1},{"damage":3,"enemies":"3 Louse","floor":5,"turns":7},{"damage":21,"enemies":"Gremlin Nob","floor":7,"turns":4},{"damage":11,"enemies":"2 Fungi Beasts","floor":10,"turns":4},{"damage":4,"enemies":"Large Slime","floor":13,"turns":4},{"damage":45,"enemies":"The Guardian","floor":16,"turns":8},{"damage":45,"enemies":"Chosen","floor":18,"turns":7},{"damage":0,"enemies":"Spheric Guardian","floor":20,"turns":2},{"damage":15,"enemies":"Snake Plant","floor":21,"turns":3},{"damage":29,"enemies":"Snecko","floor":22,"turns":4},{"damage":64,"enemies":"Slavers","floor":24,"turns":3}],"event_choices":[{"event_name":"Liars Game","player_choice":"agreed","floor":3,"damage_taken":0},{"event_name":"The Cleric","player_choice":"Card Removal","floor":6,"damage_taken":0},{"event_name":"Drug Dealer","player_choice":"Got JAXXED","floor":19,"damage_taken":0}],"boss_relics":[{"not_picked":["White Beast Statue","Black Star"],"picked":"Runic Cube"}],"potions_floor_spawned":[1,4,5,20],"seed_played":"-6970062414671020423","killed_by":"Slavers","ascension_level":0,"is_trial":false}