{"gold_per_floor":[16,16,16,36,51,78,93,107,160,186,186],"floor_reached":11,"playtime":604,"items_purged":[],"score":102,"play_id":"38d25bde-70f8-46b6-8436-31e446f584e3","local_time":"20190416084125","is_ascension_mode":true,"campfire_choices":[],"neow_cost":"NO_GOLD","seed_source_timestamp":72861431866000,"circlet_count":0,"master_deck":["Strike_B","Strike_B","Strike_B","Defend_B","Defend_B","Defend_B","Defend_B","Zap","Dualcast","Seek","Defragment","Reinforced Body","Gash","Rebound","Glacier","Scrape","Chill","Chill"],"relics":["Cracked Core","Girya","Pantograph","Omamori","Centennial Puzzle"],"potions_floor_usage":[4,6,10],"damage_taken":[{"damage":1,"enemies":"Cultist","floor":1,"turns":3},{"damage":1,"enemies":"Jaw Worm","floor":4,"turns":6},{"damage":3,"enemies":"Small Slimes","floor":5,"turns":3},{"damage":10,"enemies":"3 Sentries","floor":6,"turns":9},{"damage":8,"enemies":"Blue Slaver","floor":7,"turns":3},{"damage":12,"enemies":"2 Fungi Beasts","floor":8,"turns":3},{"damage":30,"enemies":"Lagavulin","floor":10,"turns":7},{"damage":23,"enemies":"Gremlin Gang","floor":11,"turns":3}],"seed_played":"-3349246809538116051","potions_obtained":[{"floor":1,"key":"Regen Potion"},{"floor":5,"key":"FocusPotion"},{"floor":8,"key":"AttackPotion"}],"is_trial":false,"path_per_floor":["M","?","?","M","M","E","M","M","T","E","M"],"character_chosen":"DEFECT","items_purchased":[],"campfire_rested":0,"item_purchase_floors":[],"current_hp_per_floor":[74,74,67,75,72,62,54,42,42,12,0],"gold":186,"neow_bonus":"THREE_RARE_CARDS","is_prod":false,"is_daily":false,"chose_seed":false,"campfire_upgraded":0,"win_rate":0,"timestamp":1555418485,"path_taken":["M","?","?","M","M","E","?","M","T","E","M"],"build_version":"2019-04-04","purchased_purges":0,"victory":false,"max_hp_per_floor":[75,75,75,75,75,75,75,75,75,75,75],"card_choices":[{"not_picked":["Meteor Strike","Amplify"],"picked":"Seek","floor":0},{"not_picked":["Auto Shields","Lockon"],"picked":"Defragment","floor":1},{"not_picked":["Skim","Lockon"],"picked":"Gash","floor":4},{"not_picked":["Cold Snap","Leap"],"picked":"Rebound","floor":5},{"not_picked":["Chill","Aggregate"],"picked":"Glacier","floor":6},{"not_picked":["Streamline","Beam Cell"],"picked":"Scrape","floor":7},{"not_picked":["Barrage","Sweeping Beam"],"picked":"Chill","floor":8},{"not_picked":["Go for the Eyes","Aggregate"],"picked":"Chill","floor":10}],"player_experience":809959,"relics_obtained":[{"floor":6,"key":"Pantograph"},{"floor":9,"key":"Omamori"},{"floor":10,"key":"Centennial Puzzle"}],"event_choices":[{"damage_healed":0,"gold_gain":0,"cards_transformed":["Strike_B"],"player_choice":"Change","damage_taken":0,"max_hp_gain":0,"max_hp_loss":0,"event_name":"Living Wall","floor":2,"gold_loss":0,"cards_obtained":["Reinforced Body"]},{"damage_healed":0,"gold_gain":0,"player_choice":"Success","damage_taken":7,"relics_obtained":["Girya"],"max_hp_gain":0,"max_hp_loss":0,"event_name":"Scrap Ooze","floor":3,"gold_loss":0}],"is_beta":true,"boss_relics":[],"items_purged_floors":[],"is_endless":false,"potions_floor_spawned":[1,5,8],"killed_by":"Gremlin Gang","ascension_level":4}