{"path_per_floor":["M","M","M","?","M","E","R","M","T","R","M","?","$","M","R","B",null,"M","M","$","M","?"],"character_chosen":"IRONCLAD","items_purchased":["Mummified Hand","Good Instincts","Mind Blast"],"gold_per_floor":[114,129,144,124,139,169,169,184,184,184,199,374,18,33,33,133,133,148,133,29,44,44],"floor_reached":23,"campfire_rested":0,"playtime":1019,"current_hp_per_floor":[76,77,76,75,74,60,60,66,66,66,68,67,66,65,64,46,62,61,44,44,47,47],"items_purged":[],"gold":44,"score":195,"play_id":"67383f6a-c1ff-4418-9305-b2a3110b96ea","local_time":"20180317211708","daily_mods":["Allstar","Uncertain Future","Terminal"],"is_prod":false,"is_daily":true,"is_ascension_mode":false,"campfire_upgraded":3,"timestamp":1521335828,"path_taken":["M","M","?","?","M","E","R","M","T","R","M","?","$","M","R","BOSS","M","M","$","M","?","E"],"build_version":"2018-03-15v3","purchased_purges":0,"victory":false,"master_deck":["Strike_R","Strike_R","Strike_R","Strike_R","Strike_R","Defend_R","Defend_R","Defend_R","Defend_R","Bash","Dark Shackles","Secret Weapon+1","Clothesline","Flex","Shockwave","Seeing Red","Cleave+1","Rupture","Thunderclap","Doubt","Good Instincts+1","Rampage","Reaper","Cleave","Sword Boomerang","Sword Boomerang","Rage","Pummel","Shockwave","Dropkick+1","Mind Blast","Impervious"],"max_hp_per_floor":[78,77,76,75,74,73,72,71,70,69,68,67,66,65,64,63,62,61,60,59,58,57],"relics":["Burning Blood","Ornamental Fan","Magic Flower","Mummified Hand","Orrery"],"card_choices":[{"not_picked":["Headbutt","True Grit"],"picked":"Clothesline"},{"not_picked":["Combust","Intimidate"],"picked":"Flex"},{"not_picked":["Heavy Blade","Cleave"],"picked":"Shockwave"},{"not_picked":["Fire Breathing","Sword Boomerang"],"picked":"Seeing Red"},{"not_picked":["Carnage","Clothesline"],"picked":"Cleave"},{"not_picked":["Burning Pact","Corruption"],"picked":"Rupture"},{"not_picked":["Dropkick","Immolate"],"picked":"Thunderclap"},{"not_picked":["Reckless Charge","Armaments"],"picked":"Rampage"},{"not_picked":["Juggernaut","Exhume"],"picked":"Reaper"},{"not_picked":["Battle Trance","Intimidate"],"picked":"Cleave"},{"not_picked":["Havoc","Armaments"],"picked":"Sword Boomerang"},{"not_picked":["Clash","Perfected Strike"],"picked":"Sword Boomerang"},{"not_picked":["Intimidate","Clothesline"],"picked":"Rage"},{"not_picked":["True Grit","Perfected Strike"],"picked":"Pummel"},{"not_picked":["Anger","Headbutt"],"picked":"Shockwave"},{"not_picked":["Rampage","Headbutt"],"picked":"Dropkick"},{"not_picked":["Headbutt","Sword Boomerang"],"picked":"Impervious"}],"player_experience":464868,"potions_floor_usage":[5,8,8,16,16,16,23],"damage_taken":[{"damage":9,"enemies":"Cultist","floor":1,"turns":5},{"damage":2,"enemies":"Small Slimes","floor":2,"turns":4},{"damage":0,"enemies":"2 Louse","floor":3,"turns":3},{"damage":4,"enemies":"2 Fungi Beasts","floor":5,"turns":3},{"damage":20,"enemies":"Lagavulin","floor":6,"turns":6},{"damage":0,"enemies":"3 Louse","floor":8,"turns":3},{"damage":1,"enemies":"Exordium Thugs","floor":11,"turns":4},{"damage":0,"enemies":"Blue Slaver","floor":14,"turns":2},{"damage":27,"enemies":"The Guardian","floor":16,"turns":12},{"damage":2,"enemies":"Chosen","floor":18,"turns":5},{"damage":26,"enemies":"2 Thieves","floor":19,"turns":4},{"damage":6,"enemies":"Snecko","floor":21,"turns":6},{"damage":63,"enemies":"Slavers","floor":23,"turns":4}],"event_choices":[{"event_name":"The Woman in Blue","player_choice":"Bought 1 Potion","floor":4,"damage_taken":0},{"event_name":"Liars Game","player_choice":"agreed","floor":12,"damage_taken":0},{"event_name":"Addict","player_choice":"Ignored","floor":22,"damage_taken":0}],"boss_relics":[{"not_picked":["Runic Cube","Astrolabe"],"picked":"Orrery"}],"potions_floor_spawned":[1,3,6,11,14,21],"seed_played":"2953517847957516684","killed_by":"Slavers","ascension_level":0,"is_trial":false}