{"gold_per_floor":[115,115,135,135,151,151,178,4,27,27,27,39,106,125,125,220,220,220,220,235,235,235,260,260,260],"floor_reached":25,"playtime":862,"items_purged":["Regret"],"score":277,"play_id":"8657470e-4750-46cb-ae7b-c3b684d1948e","local_time":"20180629031701","is_ascension_mode":true,"campfire_choices":[{"data":"Sever Soul","floor":6,"key":"SMITH"},{"data":"Trip","floor":10,"key":"SMITH"},{"data":"Combust","floor":15,"key":"SMITH"},{"floor":24,"key":"REST"}],"neow_cost":"TEN_PERCENT_HP_LOSS","seed_source_timestamp":132331410291880,"circlet_count":0,"master_deck":["Strike_R","Strike_R","Strike_R","Strike_R","Defend_R","Defend_R","Defend_R","Defend_R","Bash","Flame Barrier","Rage","Sever Soul+1","Combust+1","Trip+1","Perfected Strike","Clash","Rupture","Limit Break","Flex","Flex","Clash","Rupture","Sever Soul","RitualDagger","Shockwave","Dramatic Entrance","Perfected Strike","Ghostly","Ghostly","Ghostly","Ghostly","Ghostly","Bludgeon","Metallicize"],"relics":["Burning Blood","Bird Faced Urn","Art of War","Juzu Bracelet","Dream Catcher","Orrery","Blood Vial"],"potions_floor_usage":[3,5,7,16,18,25],"damage_taken":[{"damage":7,"enemies":"2 Louse","floor":1,"turns":3},{"damage":19,"enemies":"Jaw Worm","floor":3,"turns":4},{"damage":0,"enemies":"Cultist","floor":5,"turns":4},{"damage":22,"enemies":"Gremlin Nob","floor":7,"turns":4},{"damage":6,"enemies":"Looter","floor":12,"turns":4},{"damage":10,"enemies":"Gremlin Gang","floor":14,"turns":3},{"damage":27,"enemies":"Slime Boss","floor":16,"turns":8},{"damage":0,"enemies":"Shell Parasite","floor":18,"turns":1},{"damage":46,"enemies":"2 Thieves","floor":20,"turns":5},{"damage":27,"enemies":"Book of Stabbing","floor":23,"turns":7},{"damage":61,"enemies":"Gremlin Leader","floor":25,"turns":6}],"seed_played":"-3219775426747987411","potions_obtained":[{"floor":1,"key":"Strength Potion"},{"floor":4,"key":"FairyPotion"},{"floor":4,"key":"GamblersBrew"},{"floor":4,"key":"SmokeBomb"},{"floor":5,"key":"AttackPotion"},{"floor":14,"key":"Regen Potion"},{"floor":23,"key":"Regen Potion"}],"is_trial":false,"path_per_floor":["M","?","M","?","M","R","E","$","T","R","?","M","?","M","R","B",null,"M","?","M","?","?","E","R"],"character_chosen":"IRONCLAD","items_purchased":["Trip"],"campfire_rested":1,"item_purchase_floors":[8],"current_hp_per_floor":[71,71,58,58,64,64,48,48,48,48,48,48,48,44,44,42,72,72,66,32,32,32,17,27,0],"gold":260,"neow_bonus":"ONE_RARE_RELIC","is_prod":false,"is_daily":false,"chose_seed":false,"campfire_upgraded":3,"win_rate":0,"timestamp":1530256621,"path_taken":["M","?","M","?","?","R","E","$","T","R","?","M","?","M","R","BOSS","M","?","M","?","?","E","R","E"],"build_version":"2018-06-28","purchased_purges":1,"victory":false,"max_hp_per_floor":[72,72,72,72,72,72,72,72,72,72,72,72,72,72,72,72,72,72,72,72,72,36,36,36,36],"card_choices":[{"not_picked":["Inflame","Wild Strike"],"picked":"Flame Barrier","floor":1},{"not_picked":["Perfected Strike","Metallicize"],"picked":"Rage","floor":3},{"not_picked":["Armaments","Warcry"],"picked":"Sever Soul","floor":5},{"not_picked":["Whirlwind","Wild Strike"],"picked":"Combust","floor":7},{"not_picked":["Heavy Blade","Clothesline"],"picked":"Clash","floor":12},{"not_picked":["Havoc","Sword Boomerang"],"picked":"Rupture","floor":14},{"not_picked":["Exhume","Fiend Fire"],"picked":"Limit Break","floor":16},{"not_picked":["Body Slam","Burning Pact"],"picked":"Flex","floor":17},{"not_picked":["Cleave","Infernal Blade"],"picked":"Flex","floor":17},{"not_picked":["Flame Barrier","Sever Soul"],"picked":"Clash","floor":17},{"not_picked":["Offering","Thunderclap"],"picked":"Rupture","floor":17},{"not_picked":["Pommel Strike","Carnage"],"picked":"Sever Soul","floor":17},{"not_picked":["Heavy Blade","Cleave"],"picked":"Shockwave","floor":20},{"not_picked":["Shrug It Off+1","Sword Boomerang"],"picked":"Bludgeon","floor":23},{"not_picked":["Pommel Strike+1","Iron Wave"],"picked":"Metallicize","floor":24}],"player_experience":356537,"relics_obtained":[{"floor":7,"key":"Juzu Bracelet"},{"floor":9,"key":"Dream Catcher"},{"floor":23,"key":"Blood Vial"}],"event_choices":[{"event_name":"Big Fish","player_choice":"Box","floor":2,"damage_taken":0},{"event_name":"The Lab","player_choice":"Got Potions","floor":4,"damage_taken":0},{"event_name":"Living Wall","player_choice":"Change","floor":11,"damage_taken":0},{"event_name":"Golden Wing","player_choice":"Gained Gold","floor":13,"damage_taken":0},{"event_name":"Nest","player_choice":"Joined the Cult","floor":19,"damage_taken":0},{"event_name":"Match and Keep!","player_choice":"2 cards matched","floor":21,"damage_taken":0},{"event_name":"Ghosts","player_choice":"Became a Ghost","floor":22,"damage_taken":0}],"boss_relics":[{"not_picked":["White Beast Statue","Mark of Pain"],"picked":"Orrery"}],"items_purged_floors":[8],"is_endless":false,"potions_floor_spawned":[1,5,14,23],"killed_by":"Gremlin Leader","ascension_level":3}