{"gold_per_floor":[213,228,239,189,139,139,166,166,166,114,130,130,146,180,180],"floor_reached":15,"playtime":1156,"items_purged":[],"score":110,"play_id":"8872cd05-0a50-4320-8109-658bbfd51ec7","local_time":"20190617065820","is_ascension_mode":true,"campfire_choices":[{"data":"Armaments","floor":6,"key":"SMITH"},{"data":"Havoc","floor":12,"key":"SMITH"},{"floor":15,"key":"REST"}],"neow_cost":"NONE","seed_source_timestamp":387409444009436,"circlet_count":0,"master_deck":["Strike_R","Strike_R","Strike_R","Strike_R","Defend_R","Defend_R","Defend_R","Defend_R","Bash","Armaments+1","Burning Pact","Heavy Blade","Havoc+1","Exhume","True Grit","Clothesline","Warcry","Body Slam"],"relics":["Burning Blood","Blood Vial","Blue Candle"],"potions_floor_usage":[3,7,14],"damage_taken":[{"damage":6,"enemies":"Cultist","floor":1,"turns":3},{"damage":0,"enemies":"2 Louse","floor":2,"turns":3},{"damage":6,"enemies":"Jaw Worm","floor":3,"turns":2},{"damage":32,"enemies":"3 Sentries","floor":7,"turns":8},{"damage":14,"enemies":"Blue Slaver","floor":11,"turns":3},{"damage":16,"enemies":"Large Slime","floor":13,"turns":9},{"damage":30,"enemies":"Gremlin Nob","floor":14,"turns":5}],"seed_played":"-6225289237612514212","potions_obtained":[{"floor":2,"key":"Fire Potion"},{"floor":3,"key":"AttackPotion"},{"floor":13,"key":"Ancient Potion"}],"is_trial":false,"path_per_floor":["M","M","M","?","$","R","E","?","T","$","M","R","M","E","R"],"character_chosen":"IRONCLAD","items_purchased":["Havoc","True Grit"],"campfire_rested":1,"item_purchase_floors":[5,10],"current_hp_per_floor":[80,80,80,80,80,80,54,54,54,54,48,48,40,18,42],"gold":180,"neow_bonus":"HUNDRED_GOLD","is_prod":false,"is_daily":false,"chose_seed":false,"campfire_upgraded":2,"win_rate":0,"timestamp":1560769100,"path_taken":["M","?","M","?","$","R","E","?","T","$","M","R","M","E","R"],"build_version":"2019-01-23","purchased_purges":0,"victory":false,"max_hp_per_floor":[80,80,80,80,80,80,80,80,80,80,80,80,80,80,80],"card_choices":[{"not_picked":["Thunderclap","Ghostly Armor"],"picked":"Armaments","floor":1},{"not_picked":["Iron Wave","Searing Blow"],"picked":"Burning Pact","floor":2},{"not_picked":["Iron Wave","Spot Weakness"],"picked":"Heavy Blade","floor":3},{"not_picked":["Armaments","Wild Strike"],"picked":"Exhume","floor":7},{"not_picked":["Rupture","Havoc"],"picked":"Clothesline","floor":11},{"not_picked":["Iron Wave","Flame Barrier"],"picked":"Warcry","floor":13},{"not_picked":["Heavy Blade","Searing Blow"],"picked":"Body Slam","floor":14}],"player_experience":143985,"relics_obtained":[{"floor":9,"key":"Blood Vial"},{"floor":14,"key":"Blue Candle"}],"event_choices":[{"cards_removed":["Strike_R"],"damage_healed":0,"gold_gain":0,"player_choice":"Card Removal","damage_taken":0,"max_hp_gain":0,"max_hp_loss":0,"event_name":"The Cleric","floor":4,"gold_loss":50},{"damage_healed":0,"gold_gain":0,"player_choice":"Ignored","damage_taken":0,"max_hp_gain":0,"max_hp_loss":0,"event_name":"Golden Idol","floor":8,"gold_loss":0}],"is_beta":false,"boss_relics":[],"items_purged_floors":[],"is_endless":false,"potions_floor_spawned":[2,3,13],"ascension_level":1}