{"gold_per_floor":[110,110,130,32,42,71,71,98,123,134,154,154,181,201,201,301,301,313,75,75,88,288,323,341,341,367,367,382,382,305,322,322,322],"floor_reached":33,"playtime":1820,"items_purged":[],"score":377,"play_id":"39e38e46-63f0-429a-b6c7-39004fc4b3e5","local_time":"20180714094106","is_ascension_mode":true,"campfire_choices":[{"data":"Static Discharge","floor":7,"key":"SMITH"},{"data":"Self Repair","floor":12,"key":"SMITH"},{"data":"Streamline","floor":15,"key":"SMITH"},{"data":"Double Energy","floor":27,"key":"SMITH"},{"data":"Echo Form","floor":29,"key":"SMITH"},{"data":"Ghostly","floor":32,"key":"SMITH"}],"neow_cost":"NONE","seed_source_timestamp":453338511827131,"circlet_count":0,"master_deck":["Zap","Dualcast","Glacier+1","Defragment","Sunder","Turbo","Genetic Algorithm","Static Discharge+1","Coolheaded","Streamline+1","Self Repair+1","All For One","Conserve Battery","Echo Form+1","Double Energy+1","Streamline","Beam Cell","Doom and Gloom","Chill","Beam Cell","Scrape","Go for the Eyes","Compile Driver+1","Streamline+1","Static Discharge","Turbo+1","Ghostly","Ghostly+1","Ghostly","Ghostly","Ghostly","Echo Form","J.A.X.","Beam Cell+1"],"relics":["Cracked Core","Bag of Preparation","Anchor","War Paint","Centennial Puzzle","Odd Mushroom","Shuriken","Pandora\u0027s Box","Molten Egg 2","Nilry\u0027s Codex","Art of War","Bag of Marbles"],"potions_floor_usage":[6,11,13,23,31],"damage_taken":[{"damage":0,"enemies":"2 Louse","floor":1,"turns":2},{"damage":0,"enemies":"Cultist","floor":3,"turns":5},{"damage":0,"enemies":"Small Slimes","floor":5,"turns":2},{"damage":6,"enemies":"Gremlin Nob","floor":6,"turns":3},{"damage":0,"enemies":"3 Sentries","floor":8,"turns":8},{"damage":0,"enemies":"Looter","floor":10,"turns":3},{"damage":3,"floor":11,"turns":3},{"damage":0,"enemies":"Lagavulin","floor":13,"turns":9},{"damage":7,"enemies":"Blue Slaver","floor":14,"turns":3},{"damage":37,"enemies":"Hexaghost","floor":16,"turns":11},{"damage":0,"enemies":"3 Byrds","floor":18,"turns":4},{"damage":12,"enemies":"Shell Parasite","floor":21,"turns":4},{"damage":25,"enemies":"Book of Stabbing","floor":23,"turns":5},{"damage":15,"enemies":"Sentry and Sphere","floor":24,"turns":4},{"damage":0,"enemies":"3 Cultists","floor":28,"turns":8},{"damage":0,"enemies":"Snake Plant","floor":31,"turns":2},{"damage":44,"enemies":"Automaton","floor":33,"turns":8}],"seed_played":"5005657482654280597","potions_obtained":[{"floor":5,"key":"SkillPotion"},{"floor":6,"key":"Weak Potion"},{"floor":10,"key":"Ancient Potion"},{"floor":16,"key":"SmokeBomb"},{"floor":21,"key":"Energy Potion"},{"floor":28,"key":"Explosive Potion"}],"is_trial":false,"path_per_floor":["M","?","M","$","M","E","R","E","T","M","?","R","E","M","R","B",null,"M","$","?","M","?","E","M","?","T","R","M","R","?","M","R"],"character_chosen":"DEFECT","items_purchased":["Sunder","Turbo","Molten Egg 2"],"campfire_rested":0,"item_purchase_floors":[4,4,19],"current_hp_per_floor":[75,75,75,75,75,69,69,69,69,69,66,66,75,75,75,38,75,75,75,59,57,57,42,47,37,37,37,37,37,37,37,37,0],"gold":322,"neow_bonus":"RANDOM_COMMON_RELIC","is_prod":false,"is_daily":false,"chose_seed":false,"campfire_upgraded":6,"win_rate":0,"timestamp":1531575666,"path_taken":["M","?","M","$","?","E","R","E","T","M","?","R","E","M","R","BOSS","M","$","?","?","?","E","M","?","T","R","?","R","?","M","R","BOSS"],"build_version":"2018-07-13","purchased_purges":0,"victory":false,"max_hp_per_floor":[75,75,75,75,75,75,75,75,75,75,75,75,75,75,75,75,75,75,75,75,75,75,75,75,37,37,37,37,37,37,37,37,37],"card_choices":[{"not_picked":["Turbo","Gash"],"picked":"Glacier","floor":1},{"not_picked":["Coolheaded","Skim"],"picked":"Defragment","floor":3},{"not_picked":["Rebound","Ball Lightning"],"picked":"Genetic Algorithm","floor":5},{"not_picked":["Tempest","Defragment"],"picked":"Static Discharge","floor":6},{"not_picked":["Force Field","Aggregate"],"picked":"Coolheaded","floor":8},{"not_picked":["Scrape","Rebound"],"picked":"Streamline","floor":10},{"not_picked":["Turbo","Consume"],"picked":"Self Repair","floor":11},{"not_picked":["Steam Power","Hologram"],"picked":"All For One","floor":13},{"not_picked":["Turbo","Barrage"],"picked":"Conserve Battery","floor":14},{"not_picked":["Hyperbeam","All For One"],"picked":"Echo Form","floor":16},{"not_picked":["Go for the Eyes","Sweeping Beam"],"picked":"Compile Driver+1","floor":18},{"not_picked":["Compile Driver+1","Cold Snap+1"],"picked":"Streamline+1","floor":21},{"not_picked":["Barrage+1","Conserve Battery"],"picked":"Static Discharge","floor":23},{"not_picked":["Tempest+1","Redo"],"picked":"Turbo+1","floor":24},{"not_picked":["Steam","Coolheaded"],"picked":"Echo Form","floor":28},{"not_picked":["Scrape+1","Cold Snap+1"],"picked":"Beam Cell+1","floor":31}],"player_experience":434185,"relics_obtained":[{"floor":6,"key":"Anchor"},{"floor":8,"key":"War Paint"},{"floor":9,"key":"Centennial Puzzle"},{"floor":11,"key":"Odd Mushroom"},{"floor":13,"key":"Shuriken"},{"floor":20,"key":"Nilry\u0027s Codex"},{"floor":23,"key":"Art of War"},{"floor":26,"key":"Bag of Marbles"}],"event_choices":[{"event_name":"Living Wall","player_choice":"Grow","floor":2,"damage_taken":0},{"event_name":"Mushrooms","player_choice":"Fought Mushrooms","floor":11,"damage_taken":0},{"event_name":"Cursed Tome","player_choice":"Obtained Book","floor":20,"damage_taken":0},{"event_name":"The Joust","player_choice":"Bet on Owner","floor":22,"damage_taken":0},{"event_name":"Ghosts","player_choice":"Became a Ghost","floor":25,"damage_taken":0},{"event_name":"Drug Dealer","player_choice":"Got JAXXED","floor":30,"damage_taken":0}],"boss_relics":[{"not_picked":["Busted Crown","Astrolabe"],"picked":"Pandora\u0027s Box"}],"items_purged_floors":[],"is_endless":false,"potions_floor_spawned":[5,6,10,16,21,28],"killed_by":"Automaton","ascension_level":1}