{"gold_per_floor":[112,124,124,145,163,163,203,203,227,227,265,265,286,55,55,148,148,88,10,10,10,10,10,10,10,10,10,10,10,10,10,10,10,10,10,10,10,10,10,10,10,10,10,10,10,10,10,10,10,10,10],"floor_reached":52,"playtime":2570,"items_purged":["Strike_G"],"score":2100,"play_id":"8f48c179-e715-4c5f-aec4-4cab43515a1f","local_time":"20181106204352","is_ascension_mode":true,"campfire_choices":[{"data":"Neutralize","floor":6.0,"key":"SMITH"},{"data":"Leg Sweep","floor":8.0,"key":"SMITH"},{"floor":10.0,"key":"REST"},{"data":"Terror","floor":15.0,"key":"SMITH"},{"data":"Well Laid Plans","floor":23.0,"key":"SMITH"},{"data":"Skewer","floor":25.0,"key":"SMITH"},{"data":"Bouncing Flask","floor":28.0,"key":"SMITH"},{"data":"Blur","floor":32.0,"key":"SMITH"},{"floor":42.0,"key":"REST"},{"floor":45.0,"key":"REST"},{"floor":49.0,"key":"REST"}],"neow_cost":"NONE","seed_source_timestamp":2322724208762090,"circlet_count":0,"master_deck":["AscendersBane","Defend_G","Defend_G","Defend_G","Defend_G","Defend_G","Strike_G","Strike_G","Strike_G","Survivor","Neutralize+1","Flying Knee","Predator","Leg Sweep+1","Backstab","Dagger Spray","Terror+1","Well Laid Plans+1","Skewer+1","Dash","PiercingWail","Backflip","Bouncing Flask+1","Backstab","Blur+1","Malaise","Cloak And Dagger","Apotheosis","Master of Strategy","Crippling Poison","Prepared+1","Backstab","Parasite","Catalyst+1"],"special_seed":0,"relics":["Ring of the Snake","Golden Idol","Snake Skull","Happy Flower","Bag of Preparation","Ectoplasm","Blood Vial","PreservedInsect","Cursed Key","Bottled Flame","Ornamental Fan","Centennial Puzzle","Prayer Wheel","Question Card"],"potions_floor_usage":[51,51],"damage_taken":[{"damage":11.0,"enemies":"Jaw Worm","floor":1.0,"turns":5.0},{"damage":3.0,"enemies":"Small Slimes","floor":2.0,"turns":5.0},{"damage":0.0,"enemies":"2 Louse","floor":4.0,"turns":2.0},{"damage":5.0,"enemies":"Red Slaver","floor":5.0,"turns":7.0},{"damage":27.0,"enemies":"Lagavulin","floor":7.0,"turns":7.0},{"damage":2.0,"enemies":"3 Sentries","floor":11.0,"turns":11.0},{"damage":0.0,"enemies":"3 Louse","floor":13.0,"turns":2.0},{"damage":3.0,"enemies":"The Guardian","floor":16.0,"turns":12.0},{"damage":8.0,"enemies":"2 Thieves","floor":18.0,"turns":4.0},{"damage":0.0,"enemies":"3 Byrds","floor":20.0,"turns":5.0},{"damage":2.0,"enemies":"Centurion and Healer","floor":21.0,"turns":5.0},{"damage":8.0,"enemies":"Snake Plant","floor":24.0,"turns":6.0},{"damage":0.0,"enemies":"Gremlin Leader","floor":30.0,"turns":4.0},{"damage":9.0,"enemies":"Cultist and Chosen","floor":31.0,"turns":7.0},{"damage":29.0,"enemies":"Champ","floor":33.0,"turns":12.0},{"damage":7.0,"enemies":"3 Darklings","floor":35.0,"turns":6.0},{"damage":17.0,"enemies":"Orb Walker","floor":37.0,"turns":3.0},{"damage":18.0,"enemies":"Spire Growth","floor":38.0,"turns":5.0},{"damage":0.0,"enemies":"Sphere and 2 Shapes","floor":39.0,"turns":4.0},{"damage":0.0,"enemies":"Nemesis","floor":40.0,"turns":5.0},{"damage":0.0,"enemies":"Transient","floor":41.0,"turns":6.0},{"damage":27.0,"enemies":"Giant Head","floor":44.0,"turns":7.0},{"damage":19.0,"enemies":"Reptomancer","floor":46.0,"turns":6.0},{"damage":20.0,"enemies":"Nemesis","floor":48.0,"turns":5.0},{"damage":21.0,"enemies":"Awakened One","floor":50.0,"turns":20.0},{"damage":30,"enemies":"Time Eater","floor":51,"turns":10}],"seed_played":"-7924987657099007629","potions_obtained":[{"floor":2.0,"key":"Ancient Potion"},{"floor":5.0,"key":"EssenceOfSteel"},{"floor":7.0,"key":"AttackPotion"},{"floor":16.0,"key":"GhostInAJar"},{"floor":21.0,"key":"AttackPotion"},{"floor":30.0,"key":"GhostInAJar"},{"floor":40.0,"key":"Strength Potion"},{"floor":41.0,"key":"Swift Potion"},{"floor":46.0,"key":"SkillPotion"}],"is_trial":false,"path_per_floor":["M","M","?","M","M","R","E","R","T","R","E","?","M","$","R","B",null,"M","$","M","M","?","R","M","R","T","$","R","?","E","M","R","B",null,"M","?","M","M","M","E","M","R","T","E","R","E","?","E","R","B","B",null],"character_chosen":"THE_SILENT","items_purchased":["Well Laid Plans","Skewer","Dash"],"campfire_rested":4,"item_purchase_floors":[14,14,19],"current_hp_per_floor":[54,51,51,51,46,46,19,19,19,38,36,36,36,36,36,33,57,49,49,49,47,47,47,39,39,39,39,39,39,41,34,34,7,51,46,41,26,10,12,14,16,35,35,10,29,12,53,33,48,29,1],"gold":10,"neow_bonus":"TEN_PERCENT_HP_BONUS","is_prod":false,"is_daily":false,"chose_seed":false,"campfire_upgraded":7,"win_rate":0,"timestamp":1541562232,"path_taken":["M","M","?","M","M","R","E","R","T","R","E","?","M","?","R","BOSS","M","$","M","M","?","R","?","R","T","?","R","?","E","M","R","BOSS","M","?","M","M","M","E","M","R","T","E","R","E","?","E","R","BOSS","BOSS"],"build_version":"2018-11-01","purchased_purges":1,"victory":true,"max_hp_per_floor":[72,72,65,65,65,65,65,65,65,65,65,65,65,65,65,65,65,65,65,65,65,65,65,65,65,65,65,65,65,65,65,65,65,65,65,65,65,65,65,65,65,65,65,65,65,65,53,53,53,53,53],"card_choices":[{"not_picked":["Deadly Poison","Prepared"],"picked":"Flying Knee","floor":1.0},{"not_picked":["Backflip","PiercingWail"],"picked":"Predator","floor":2.0},{"not_picked":["Night Terror","Backflip"],"picked":"Leg Sweep","floor":4.0},{"not_picked":["Dash","Acrobatics"],"picked":"Backstab","floor":5.0},{"not_picked":["Heel Hook","Distraction","Flying Knee"],"picked":"SKIP","floor":7.0},{"not_picked":["Terror","PiercingWail"],"picked":"Dagger Spray","floor":11.0},{"not_picked":["Deadly Poison","Backflip"],"picked":"Terror","floor":13.0},{"not_picked":["Flying Knee","Deadly Poison","Deflect"],"picked":"SKIP","floor":18.0},{"not_picked":["Poisoned Stab","Accuracy"],"picked":"PiercingWail","floor":20.0},{"not_picked":["Calculated Gamble","Eviscerate"],"picked":"Backflip","floor":21.0},{"not_picked":["Endless Agony+1","Prepared"],"picked":"Bouncing Flask","floor":24.0},{"not_picked":["Cloak And Dagger","Deflect"],"picked":"Blur","floor":30.0},{"not_picked":["Endless Agony","Prepared","Choke+1"],"picked":"SKIP","floor":31.0},{"not_picked":["Glass Knife","Unload"],"picked":"Malaise","floor":33.0},{"not_picked":["Bane","Quick Slash"],"picked":"Cloak And Dagger","floor":35.0},{"not_picked":["Jack Of All Trades","Sadistic Nature"],"picked":"Apotheosis","floor":36.0},{"not_picked":["Panacea","Madness"],"picked":"Master of Strategy","floor":36.0},{"not_picked":["Underhanded Strike","Slice","Tactician"],"picked":"SKIP","floor":37.0},{"not_picked":["Finisher","Underhanded Strike"],"picked":"Crippling Poison","floor":38.0},{"not_picked":["Setup","Tactician+1"],"picked":"Prepared+1","floor":39.0},{"not_picked":["Heel Hook","Predator"],"picked":"Backstab","floor":40.0},{"not_picked":["Acrobatics","Prepared","Infinite Blades+1"],"picked":"SKIP","floor":41.0},{"not_picked":["Expertise+1","Flechettes+1"],"picked":"Catalyst+1","floor":44.0},{"not_picked":["Backflip","Riddle With Holes+1","Escape Plan+1"],"picked":"SKIP","floor":46.0},{"not_picked":["Blur","All Out Attack","Expertise"],"picked":"SKIP","floor":48.0}],"player_experience":596633,"relics_obtained":[{"floor":7.0,"key":"Snake Skull"},{"floor":9.0,"key":"Happy Flower"},{"floor":11.0,"key":"Bag of Preparation"},{"floor":26.0,"key":"Blood Vial"},{"floor":30.0,"key":"PreservedInsect"},{"floor":40.0,"key":"Bottled Flame"},{"floor":43.0,"key":"Ornamental Fan"},{"floor":44.0,"key":"Centennial Puzzle"},{"floor":46.0,"key":"Prayer Wheel"},{"floor":48.0,"key":"Question Card"}],"event_choices":[{"damage_healed":0.0,"max_hp_gain":0.0,"max_hp_loss":7.0,"gold_gain":0.0,"event_name":"Golden Idol","player_choice":"Lose Max HP","floor":3.0,"gold_loss":0.0,"damage_taken":0.0,"relics_obtained":["Golden Idol"]},{"damage_healed":0.0,"max_hp_gain":0.0,"max_hp_loss":0.0,"gold_gain":0.0,"event_name":"Liars Game","player_choice":"Ignored","floor":12.0,"gold_loss":0.0,"damage_taken":0.0},{"cards_removed":["Strike_G"],"damage_healed":0.0,"max_hp_gain":0.0,"max_hp_loss":0.0,"gold_gain":0.0,"event_name":"Bonfire Elementals","player_choice":"Offered Basic","floor":22.0,"gold_loss":0.0,"damage_taken":0.0},{"damage_healed":0.0,"max_hp_gain":0.0,"max_hp_loss":0.0,"gold_gain":0.0,"event_name":"Duplicator","player_choice":"Copied","floor":29.0,"gold_loss":0.0,"damage_taken":0.0,"cards_obtained":["Backstab"]},{"damage_healed":0.0,"max_hp_gain":0.0,"max_hp_loss":0.0,"gold_gain":0.0,"event_name":"SensoryStone","player_choice":"Memory 2","floor":36.0,"gold_loss":0.0,"damage_taken":5.0},{"damage_healed":53.0,"max_hp_gain":0.0,"max_hp_loss":12.0,"gold_gain":0.0,"event_name":"The Moai Head","player_choice":"Heal","floor":47.0,"gold_loss":0.0,"damage_taken":0.0}],"is_beta":false,"boss_relics":[{"not_picked":["Runic Dome","Orrery"],"picked":"Ectoplasm"},{"not_picked":["HoveringKite","Pandora\u0027s Box"],"picked":"Cursed Key"}],"items_purged_floors":[14],"is_endless":false,"potions_floor_spawned":[2,5,7,16,21,24,30,40,41,46],"ascension_level":20}