{"gold_per_floor":[118,118,193,260,279,309,309,11,36,62,62,62,95,106,106,209,209,221,471,471,35,35,35,35,365,389,389,400,4,17,30,30,131,131,147,147,1146,1146,1146,1146,1161,1174,1244,1260,1291,1291],"floor_reached":46,"playtime":1736,"items_purged":[],"score":683,"play_id":"6a3cf28d-2c4a-493c-beab-a3a3bcf8f6bb","local_time":"20180716032811","is_ascension_mode":true,"campfire_choices":[{"floor":7,"key":"REST"},{"floor":11,"key":"REST"},{"floor":15,"key":"REST"},{"data":"Ghostly","floor":23,"key":"SMITH"},{"floor":27,"key":"REST"},{"floor":32,"key":"REST"},{"floor":40,"key":"REST"}],"neow_cost":"","seed_source_timestamp":603827003181270,"circlet_count":0,"master_deck":["Strike_B","Strike_B","Strike_B","Defend_B","Defend_B","Defend_B","Defend_B","Zap","Dualcast","Streamline+1","Rip and Tear","Meteor Strike","Streamline","Loop","Static Discharge","Amplify","Leap","Regret","Ghostly+1","Ghostly","Ghostly","Ghostly","Ghostly","Consume","Writhe","Self Repair","Conserve Battery+1","Loop","Melter","Loop","Sunder+1","Rainbow+1","Defragment+1","Madness+1","Madness+1","Normality","Normality","Blind+1","Dark Shackles+1","Trip+1","White Noise+1","Leap+1","Go for the Eyes+1","Gash+1"],"relics":["Cracked Core","Bag of Marbles","Ginger","DataDisk","Bag of Preparation","Du-Vu Doll","Oddly Smooth Stone","Black Star","Pen Nib","Lee\u0027s Waffle","Bird Faced Urn","Nilry\u0027s Codex","Turnip","Old Coin","Anchor","Toxic Egg 2","Fusion Hammer","Meat on the Bone","Vajra","Regal Pillow"],"potions_floor_usage":[10,13,18,30,31,41,42,46],"damage_taken":[{"damage":1,"enemies":"Jaw Worm","floor":1,"turns":4},{"damage":7,"enemies":"Small Slimes","floor":5,"turns":3},{"damage":16,"enemies":"Gremlin Nob","floor":6,"turns":3},{"damage":27,"enemies":"3 Sentries","floor":10,"turns":5},{"damage":18,"enemies":"Lagavulin","floor":13,"turns":3},{"damage":1,"enemies":"2 Louse","floor":14,"turns":2},{"damage":28,"enemies":"Hexaghost","floor":16,"turns":8},{"damage":5,"enemies":"3 Byrds","floor":18,"turns":2},{"damage":26,"enemies":"Book of Stabbing","floor":25,"turns":6},{"damage":23,"enemies":"Spheric Guardian","floor":28,"turns":5},{"damage":5,"enemies":"Cultist and Chosen","floor":30,"turns":6},{"damage":12,"enemies":"Chosen and Byrds","floor":31,"turns":6},{"damage":30,"enemies":"Champ","floor":33,"turns":13},{"damage":2,"enemies":"Flame Bruiser 1 Orb","floor":35,"turns":6},{"damage":0,"enemies":"3 Shapes","floor":41,"turns":3},{"damage":16,"enemies":"Maw","floor":42,"turns":9},{"damage":0,"enemies":"Sphere and 2 Shapes","floor":44,"turns":3},{"damage":18,"enemies":"2 Orb Walkers","floor":45,"turns":3},{"damage":39,"enemies":"Flame Bruiser 2 Orb","floor":46,"turns":2}],"seed_played":"-8529501494026204708","potions_obtained":[{"floor":5,"key":"GamblersBrew"},{"floor":10,"key":"PowerPotion"},{"floor":16,"key":"Poison Potion"},{"floor":28,"key":"AttackPotion"},{"floor":30,"key":"Ancient Potion"},{"floor":35,"key":"Regen Potion"},{"floor":41,"key":"Poison Potion"},{"floor":45,"key":"Regen Potion"}],"is_trial":false,"path_per_floor":["M","?","?","?","M","E","R","$","T","E","R","?","E","M","R","B",null,"M","?","?","$","?","R","?","E","T","R","M","$","M","M","R","B",null,"M","?","?","?","?","R","M","M","T","M","E"],"character_chosen":"DEFECT","items_purchased":["Ginger","Pen Nib","Consume","Lee\u0027s Waffle","Toxic Egg 2","Loop","Melter"],"campfire_rested":6,"item_purchase_floors":[8,21,21,21,29,29,29],"current_hp_per_floor":[74,74,63,63,56,40,62,62,62,35,57,39,21,20,42,14,75,70,70,37,44,44,44,28,13,13,26,16,16,24,27,40,27,44,44,38,38,28,28,41,44,44,44,44,26,0],"gold":1291,"neow_bonus":"","is_prod":false,"is_daily":false,"chose_seed":false,"campfire_upgraded":1,"win_rate":0,"timestamp":1531726091,"path_taken":["M","?","?","?","?","E","R","$","T","E","R","?","E","M","R","BOSS","M","?","?","$","?","R","?","E","T","R","M","$","M","M","R","BOSS","M","?","?","?","?","R","M","M","T","?","E","?"],"build_version":"2018-07-13","purchased_purges":0,"victory":false,"max_hp_per_floor":[75,75,75,75,75,75,75,75,75,75,75,75,75,75,75,75,75,75,75,37,44,44,44,44,44,44,44,44,44,44,44,44,44,44,44,44,44,44,44,44,44,44,44,44,44,44],"card_choices":[{"not_picked":["Coolheaded","Storm"],"picked":"Streamline","floor":1},{"not_picked":["Sweeping Beam","Barrage"],"picked":"Rip and Tear","floor":5},{"not_picked":["Turbo","Aggregate"],"picked":"Meteor Strike","floor":6},{"not_picked":["Go for the Eyes","Biased Cognition"],"picked":"Streamline","floor":10},{"not_picked":["Rebound","Ball Lightning"],"picked":"Loop","floor":13},{"not_picked":["Steam","Scrape"],"picked":"Static Discharge","floor":14},{"not_picked":["Multi-Cast","Meteor Strike"],"picked":"Amplify","floor":16},{"not_picked":["Cold Snap","Coolheaded"],"picked":"Leap","floor":18},{"not_picked":["Hologram","Rebound+1"],"picked":"Self Repair","floor":25},{"not_picked":["Redo","Cold Snap"],"picked":"Conserve Battery+1","floor":28},{"not_picked":["Leap+1","Sunder"],"picked":"Loop","floor":30},{"not_picked":["Compile Driver","Steam+1"],"picked":"Sunder+1","floor":31},{"not_picked":["Meteor Strike","Creative AI"],"picked":"Rainbow+1","floor":33},{"not_picked":["Consume+1","Redo+1"],"picked":"Defragment+1","floor":35},{"not_picked":["Finesse+1","Deep Breath+1"],"picked":"Blind+1","floor":38},{"not_picked":["Deep Breath+1","Good Instincts+1"],"picked":"Dark Shackles+1","floor":38},{"not_picked":["HandOfGreed","Deep Breath+1"],"picked":"Trip+1","floor":38},{"not_picked":["Ball Lightning","Capacitor+1"],"picked":"White Noise+1","floor":41},{"not_picked":["Reprogram+1","Skim+1"],"picked":"Leap+1","floor":42},{"not_picked":["Barrage+1","Cold Snap+1"],"picked":"Go for the Eyes+1","floor":44},{"not_picked":["Ball Lightning","Stack+1"],"picked":"Gash+1","floor":45}],"player_experience":442649,"relics_obtained":[{"floor":6,"key":"Bag of Marbles"},{"floor":9,"key":"DataDisk"},{"floor":10,"key":"Bag of Preparation"},{"floor":13,"key":"Oddly Smooth Stone"},{"floor":24,"key":"Nilry\u0027s Codex"},{"floor":25,"key":"Turnip"},{"floor":25,"key":"Old Coin"},{"floor":26,"key":"Anchor"},{"floor":43,"key":"Meat on the Bone"},{"floor":45,"key":"Vajra"},{"floor":45,"key":"Regal Pillow"}],"event_choices":[{"event_name":"Living Wall","player_choice":"Grow","floor":2,"damage_taken":0},{"event_name":"World of Goop","player_choice":"Gather Gold","floor":3,"damage_taken":0},{"event_name":"Golden Wing","player_choice":"Gained Gold","floor":4,"damage_taken":0},{"event_name":"Scrap Ooze","player_choice":"success","floor":12,"damage_taken":18},{"event_name":"Golden Shrine","player_choice":"Desecrate","floor":19,"damage_taken":0},{"event_name":"Ghosts","player_choice":"Became a Ghost","floor":20,"damage_taken":0},{"event_name":"The Mausoleum","player_choice":"Yes","floor":22,"damage_taken":0},{"event_name":"Cursed Tome","player_choice":"Obtained Book","floor":24,"damage_taken":0},{"event_name":"Winding Halls","player_choice":"Embrace Madness","floor":36,"damage_taken":0},{"event_name":"MindBloom","player_choice":"Gold","floor":37,"damage_taken":0},{"event_name":"SensoryStone","player_choice":"Memory 3","floor":38,"damage_taken":0},{"event_name":"Falling","player_choice":"Removed Attack","floor":39,"damage_taken":0}],"boss_relics":[{"not_picked":["Ectoplasm","Philosopher\u0027s Stone"],"picked":"Black Star"},{"not_picked":["Tiny House","Runic Dome"],"picked":"Fusion Hammer"}],"items_purged_floors":[],"is_endless":false,"potions_floor_spawned":[5,10,16,28,30,35,41,45],"killed_by":"Flame Bruiser 2 Orb","ascension_level":2}