{"gold_per_floor":[359,374,390,48,66,66,97,247,247,247,247,266,266,283,283,359,359,359,279,279,40,40,40,40],"floor_reached":24,"playtime":1282,"items_purged":[],"score":376,"play_id":"b9330d55-67d3-455a-bff8-3e76ae34183a","local_time":"20190602112424","is_ascension_mode":true,"campfire_choices":[{"data":"Deadly Poison","floor":6,"key":"SMITH"},{"data":"Footwork","floor":11,"key":"SMITH"},{"data":"Footwork","floor":15,"key":"SMITH"},{"floor":23,"key":"REST"}],"neow_cost":"PERCENT_DAMAGE","seed_source_timestamp":137058628827074,"circlet_count":0,"master_deck":["AscendersBane","Defend_G","Defend_G","Defend_G","Defend_G","Defend_G","Strike_G","Strike_G","Strike_G","Strike_G","Survivor","Neutralize","Dagger Throw","Well Laid Plans","Deadly Poison+1","Footwork+1","Underhanded Strike","Footwork+1","Doubt","Dagger Spray","Grand Finale","Poisoned Stab","Tools of the Trade","Bouncing Flask","Leg Sweep"],"special_seed":0,"relics":["Ring of the Snake","Bottled Tornado","Blue Candle","Letter Opener","Ectoplasm","Bronze Scales"],"potions_floor_usage":[7,7,16,16],"damage_taken":[{"damage":0.0,"enemies":"2 Louse","floor":1.0,"turns":4.0},{"damage":7.0,"enemies":"Small Slimes","floor":2.0,"turns":4.0},{"damage":0.0,"enemies":"Cultist","floor":3.0,"turns":3.0},{"damage":4,"enemies":"Looter","floor":5,"turns":4},{"damage":4,"enemies":"Lagavulin","floor":7,"turns":5},{"damage":7,"enemies":"Lots of Slimes","floor":12,"turns":6},{"damage":0,"enemies":"2 Fungi Beasts","floor":14,"turns":4},{"damage":31,"enemies":"Slime Boss","floor":16,"turns":8},{"damage":8,"enemies":"Chosen","floor":18,"turns":6},{"damage":24,"enemies":"2 Thieves","floor":19,"turns":5},{"damage":24,"enemies":"Centurion and Healer","floor":20,"turns":6},{"damage":23,"enemies":"3 Cultists","floor":24,"turns":4}],"seed_played":"1841578515490975074","potions_obtained":[{"floor":3.0,"key":"Regen Potion"},{"floor":5,"key":"Poison Potion"},{"floor":7,"key":"Regen Potion"},{"floor":14,"key":"AttackPotion"},{"floor":20,"key":"SteroidPotion"}],"is_trial":false,"path_per_floor":["M","M","M","$","M","R","E","?","T","?","R","M","?","M","R","B",null,"M","M","M","$","?","R","M"],"character_chosen":"THE_SILENT","items_purchased":["Footwork","Bottled Tornado","Bronze Scales","Leg Sweep"],"campfire_rested":1,"item_purchase_floors":[4,4,21,21],"current_hp_per_floor":[44,37,37,37,33,33,44,44,44,66,66,59,59,59,59,43,60,52,28,4,4,4,23,0],"gold":40,"neow_bonus":"TWO_FIFTY_GOLD","is_prod":false,"is_daily":false,"chose_seed":false,"campfire_upgraded":3,"win_rate":0,"timestamp":1559467464,"path_taken":["M","M","M","$","M","R","E","?","T","?","R","?","?","M","R","BOSS","M","?","M","$","?","R","M"],"build_version":"2019-01-23","purchased_purges":0,"victory":false,"max_hp_per_floor":[66,66,66,66,66,66,66,66,66,66,66,66,66,66,66,66,66,66,66,66,66,66,66,66],"card_choices":[{"not_picked":["Acrobatics","PiercingWail"],"picked":"Dagger Throw","floor":1.0},{"not_picked":["Quick Slash","Flying Knee"],"picked":"Well Laid Plans","floor":2.0},{"not_picked":["PiercingWail","All Out Attack"],"picked":"Deadly Poison","floor":3.0},{"not_picked":["Quick Slash","Endless Agony"],"picked":"Underhanded Strike","floor":5},{"not_picked":["Heel Hook","Well Laid Plans"],"picked":"Footwork","floor":7},{"not_picked":["Underhanded Strike","Tactician"],"picked":"Dagger Spray","floor":12},{"not_picked":["Terror","Backstab"],"picked":"Poisoned Stab","floor":14},{"not_picked":["Doppelganger","Storm of Steel"],"picked":"Tools of the Trade","floor":16},{"not_picked":["Well Laid Plans","All Out Attack+1","Flying Knee"],"picked":"SKIP","floor":18},{"not_picked":["Acrobatics","Flechettes"],"picked":"Bouncing Flask","floor":19},{"not_picked":["Quick Slash","Flechettes","Underhanded Strike"],"picked":"SKIP","floor":20}],"player_experience":588211,"relics_obtained":[{"floor":7,"key":"Blue Candle"},{"floor":9,"key":"Letter Opener"}],"event_choices":[{"damage_healed":0,"gold_gain":150,"player_choice":"AGREE","damage_taken":0,"max_hp_gain":0,"max_hp_loss":0,"event_name":"Liars Game","floor":8,"gold_loss":0,"cards_obtained":["Doubt"]},{"damage_healed":22,"gold_gain":0,"player_choice":"Full Heal","damage_taken":0,"max_hp_gain":0,"max_hp_loss":0,"event_name":"Wheel of Change","floor":10,"gold_loss":0},{"damage_healed":0,"gold_gain":0,"cards_transformed":["Strike_G"],"player_choice":"Transformed","damage_taken":0,"max_hp_gain":0,"max_hp_loss":0,"event_name":"Transmorgrifier","floor":13,"gold_loss":0,"cards_obtained":["Grand Finale"]},{"damage_healed":0,"gold_gain":0,"player_choice":"Ignored","damage_taken":0,"max_hp_gain":0,"max_hp_loss":0,"event_name":"N\u0027loth","floor":22,"gold_loss":0}],"is_beta":false,"boss_relics":[{"not_picked":["Philosopher\u0027s Stone","Empty Cage"],"picked":"Ectoplasm"}],"items_purged_floors":[],"is_endless":false,"potions_floor_spawned":[3,5,7,14,20],"killed_by":"3 Cultists","ascension_level":18}