{"path_per_floor":["M","?","?","M","?","E","?","R","T","T","R","M","M","M","R","B",null,"M","M","$","?","$","R","?","M","T","?","R","M","R","T","R"],"character_chosen":"IRONCLAD","items_purchased":["Infernal Blade","Dark Embrace","Sever Soul"],"gold_per_floor":[114,64,64,79,79,109,109,109,109,109,109,124,139,154,154,254,254,239,254,192,192,33,33,33,48,48,48,48,63,63,63,63,63],"floor_reached":33,"campfire_rested":1,"playtime":1592,"current_hp_per_floor":[75,75,72,70,70,51,77,77,77,77,77,80,64,59,59,35,80,64,49,49,33,33,33,33,8,8,8,81,68,68,82,82,0],"items_purged":[],"gold":63,"score":268,"play_id":"232a38ec-dde5-4805-b3ea-7990a4d766b2","local_time":"20180331090406","daily_mods":["Allstar","Time Dilation","Night Terrors"],"is_prod":false,"is_daily":true,"is_ascension_mode":false,"campfire_upgraded":6,"timestamp":1522501446,"path_taken":["M","?","?","M","?","E","?","R","T","?","R","M","M","M","R","BOSS","M","M","$","?","$","R","?","?","T","?","R","M","R","?","R","BOSS"],"build_version":"2018-03-29v2","purchased_purges":0,"victory":false,"master_deck":["Strike_R","Strike_R","Strike_R","Defend_R","Defend_R","Bash","Dramatic Entrance","Secret Technique+1","Disarm+1","Berserk+1","Immolate+1","Feed+1","Pommel Strike+1","Twin Strike+1","Dual Wield+1","Ghostly Armor","Inflame","Infernal Blade","Dark Embrace+1","Sever Soul+1","Pummel+1"],"max_hp_per_floor":[80,80,80,80,80,80,80,80,80,80,80,80,80,80,80,80,80,80,83,83,83,83,83,83,86,86,86,81,81,81,95,95,95],"relics":["Burning Blood","Pantograph","The Courier","Paper Frog","Calipers","Astrolabe","Orichalcum","Mango"],"card_choices":[{"not_picked":["Body Slam","Havoc"],"picked":"Disarm","floor":4},{"not_picked":["Corruption","Wild Strike"],"picked":"Berserk","floor":6},{"not_picked":["Heavy Blade","Thunderclap"],"picked":"Immolate","floor":14},{"not_picked":["Berserk","Juggernaut"],"picked":"Feed","floor":16},{"not_picked":["Pommel Strike","Armaments"],"picked":"Ghostly Armor","floor":18},{"not_picked":["Wild Strike","Twin Strike"],"picked":"Inflame","floor":19},{"not_picked":["Metallicize","Searing Blow"],"picked":"Pummel","floor":29}],"player_experience":561738,"potions_floor_usage":[13,18,19,19,29],"damage_taken":[{"damage":11,"enemies":"Jaw Worm","floor":1,"turns":8},{"damage":8,"enemies":"Small Slimes","floor":4,"turns":3},{"damage":25,"enemies":"Gremlin Nob","floor":6,"turns":5},{"damage":1,"enemies":"2 Louse","floor":12,"turns":2},{"damage":22,"enemies":"Large Slime","floor":13,"turns":6},{"damage":11,"enemies":"2 Fungi Beasts","floor":14,"turns":4},{"damage":51,"enemies":"The Guardian","floor":16,"turns":18},{"damage":22,"enemies":"2 Thieves","floor":18,"turns":4},{"damage":24,"enemies":"Chosen","floor":19,"turns":6},{"damage":34,"enemies":"Centurion and Healer","floor":25,"turns":7},{"damage":19,"enemies":"Snake Plant","floor":29,"turns":5},{"damage":104,"enemies":"Champ","floor":33,"turns":14}],"event_choices":[{"event_name":"The Cleric","player_choice":"Card Removal","floor":2,"damage_taken":0},{"event_name":"Scrap Ooze","player_choice":"success","floor":3,"damage_taken":3},{"event_name":"Living Wall","player_choice":"Grow","floor":5,"damage_taken":0},{"event_name":"Big Fish","player_choice":"Banana","floor":7,"damage_taken":0},{"event_name":"Cursed Tome","player_choice":"Obtained Book","floor":21,"damage_taken":0},{"event_name":"Ghosts","player_choice":"Ignored","floor":24,"damage_taken":0},{"event_name":"Addict","player_choice":"Ignored","floor":27,"damage_taken":0}],"boss_relics":[{"not_picked":["Snecko Eye","Runic Pyramid"],"picked":"Astrolabe"}],"potions_floor_spawned":[6,12,16,18,19],"seed_played":"-692693385268839253","killed_by":"Champ","ascension_level":0,"is_trial":false}