{"gold_per_floor":[363,106,118,154,191,203,250,283,295,307,362,395,171,71,71,162,162,176,197,221,221,221,255,255,255,279,279,291,301,351,370,370,370],"floor_reached":33,"playtime":929,"items_purged":["Strike_B","Strike_B"],"score":550,"play_id":"da52050d-7d4a-4ee5-8011-9e3679e0284d","local_time":"20181111223227","is_ascension_mode":true,"campfire_choices":[{"data":"Sunder","floor":6.0,"key":"SMITH"},{"data":"Go for the Eyes","floor":10.0,"key":"SMITH"},{"floor":15.0,"key":"REST"},{"data":"Consume","floor":25,"key":"SMITH"},{"floor":27,"key":"REST"},{"data":"Capacitor","floor":32,"key":"SMITH"}],"neow_cost":"PERCENT_DAMAGE","seed_source_timestamp":121113480616070,"circlet_count":0,"master_deck":["AscendersBane","Strike_B","Strike_B","Defend_B+1","Defend_B","Defend_B+1","Defend_B","Zap","Dualcast","Sweeping Beam","Sunder+1","Go for the Eyes+1","Ball Lightning","Conserve Battery","Capacitor+1","Biased Cognition","Cold Snap+1","Chill+1","Writhe","Consume+1","Doubt"],"special_seed":0,"relics":["Cracked Core","MawBank","Bloody Idol","Strawberry","Boot","War Paint","Bottled Lightning","Oddly Smooth Stone","Cursed Key","DataDisk","Cables","Bag of Preparation"],"potions_floor_usage":[31,33],"damage_taken":[{"damage":5.0,"enemies":"2 Louse","floor":1.0,"turns":3.0},{"damage":2.0,"enemies":"Jaw Worm","floor":5.0,"turns":3.0},{"damage":13.0,"enemies":"Lagavulin","floor":7.0,"turns":7.0},{"damage":0.0,"enemies":"Cultist","floor":8.0,"turns":2.0},{"damage":26.0,"enemies":"Gremlin Nob","floor":11.0,"turns":4.0},{"damage":3.0,"enemies":"Exordium Thugs","floor":12.0,"turns":3.0},{"damage":18.0,"enemies":"Slime Boss","floor":16.0,"turns":6.0},{"damage":14.0,"enemies":"Spheric Guardian","floor":18.0,"turns":4.0},{"damage":13.0,"enemies":"2 Thieves","floor":19.0,"turns":3.0},{"damage":10.0,"enemies":"Centurion and Healer","floor":20.0,"turns":5.0},{"damage":15.0,"enemies":"Gremlin Leader","floor":23.0,"turns":7.0},{"damage":4,"enemies":"Snecko","floor":28,"turns":4},{"damage":0,"enemies":"Shelled Parasite and Fungi","floor":29,"turns":5},{"damage":0,"enemies":"Centurion and Healer","floor":31,"turns":7},{"damage":57,"enemies":"Automaton","floor":33,"turns":10}],"seed_played":"6714458615556392221","potions_obtained":[{"floor":5.0,"key":"SkillPotion"},{"floor":7.0,"key":"FocusPotion"},{"floor":20.0,"key":"AttackPotion"},{"floor":28,"key":"Block Potion"},{"floor":29,"key":"Weak Potion"},{"floor":31,"key":"SpeedPotion"}],"is_trial":false,"path_per_floor":["M","$","?","T","M","R","E","M","T","R","E","M","$","$","R","B",null,"M","M","M","?","?","E","E","?","R","T","R","M","M","?","M","R","B"],"character_chosen":"DEFECT","items_purchased":["Sunder","MawBank","Oddly Smooth Stone"],"campfire_rested":2,"item_purchase_floors":[2,2,13],"current_hp_per_floor":[41,41,41,48,46,46,33,33,33,33,7,4,4,4,25,7,55,41,28,18,18,18,8,8,8,13,34,35,40,45,50,50,0],"gold":370,"neow_bonus":"TWO_FIFTY_GOLD","is_prod":false,"is_daily":false,"chose_seed":false,"campfire_upgraded":4,"win_rate":0,"timestamp":1542000747,"path_taken":["M","$","?","?","M","R","E","?","T","R","E","M","?","$","R","BOSS","M","?","M","?","?","E","?","R","T","R","?","M","?","M","R","BOSS"],"build_version":"2018-11-08","purchased_purges":2,"victory":false,"max_hp_per_floor":[71,71,64,71,71,71,71,71,71,71,71,71,71,71,71,71,71,71,71,71,71,71,71,71,71,71,71,71,71,71,71,71,71],"card_choices":[{"not_picked":["Melter","Darkness"],"picked":"Sweeping Beam","floor":1.0},{"not_picked":["Sweeping Beam","Leap"],"picked":"Go for the Eyes","floor":5.0},{"not_picked":["Lockon","Amplify"],"picked":"Ball Lightning","floor":7.0},{"not_picked":["Redo","Gash","Double Energy"],"picked":"SKIP","floor":8.0},{"not_picked":["Fusion","Darkness"],"picked":"Conserve Battery","floor":11.0},{"not_picked":["Ball Lightning","Self Repair"],"picked":"Capacitor","floor":12.0},{"not_picked":["Hyperbeam","Fission"],"picked":"Biased Cognition","floor":16.0},{"not_picked":["Reprogram","Conserve Battery","Barrage"],"picked":"SKIP","floor":18.0},{"not_picked":["Barrage","Genetic Algorithm+1"],"picked":"Cold Snap+1","floor":19.0},{"not_picked":["Gash","Melter"],"picked":"Chill+1","floor":20.0},{"not_picked":["Rip and Tear+1","Genetic Algorithm","Doom and Gloom"],"picked":"SKIP","floor":23},{"not_picked":["Turbo","Reprogram","Streamline"],"picked":"SKIP","floor":28},{"not_picked":["Defragment","Melter","Conserve Battery"],"picked":"SKIP","floor":29},{"not_picked":["Barrage","Streamline","Biased Cognition"],"picked":"SKIP","floor":31}],"player_experience":619739,"relics_obtained":[{"floor":4.0,"key":"Strawberry"},{"floor":7.0,"key":"Boot"},{"floor":9.0,"key":"War Paint"},{"floor":11.0,"key":"Bottled Lightning"},{"floor":23,"key":"Cables"},{"floor":26,"key":"Bag of Preparation"}],"event_choices":[{"damage_healed":0.0,"max_hp_gain":0.0,"max_hp_loss":7.0,"gold_gain":0.0,"event_name":"Golden Idol","player_choice":"Lose Max HP","floor":3.0,"gold_loss":0.0,"damage_taken":0.0,"relics_obtained":["Golden Idol"]},{"damage_healed":0.0,"max_hp_gain":0.0,"max_hp_loss":0.0,"gold_gain":0.0,"event_name":"The Mausoleum","player_choice":"Opened","floor":21.0,"gold_loss":0.0,"damage_taken":0.0,"relics_obtained":["DataDisk"],"cards_obtained":["Writhe"]},{"damage_healed":0.0,"max_hp_gain":0.0,"max_hp_loss":0.0,"gold_gain":0.0,"event_name":"Forgotten Altar","player_choice":"Gave Idol","floor":22.0,"relics_lost":["Golden Idol"],"gold_loss":0.0,"damage_taken":0.0,"relics_obtained":["Bloody Idol"]},{"damage_healed":0,"gold_gain":0,"player_choice":"Read","damage_taken":0,"max_hp_gain":0,"max_hp_loss":0,"event_name":"The Library","floor":24,"gold_loss":0,"cards_obtained":["Consume"]},{"damage_healed":0,"gold_gain":50,"player_choice":"Stole From Cult","damage_taken":0,"max_hp_gain":0,"max_hp_loss":0,"event_name":"Nest","floor":30,"gold_loss":0}],"is_beta":false,"boss_relics":[{"not_picked":["Runic Dome","Eternal Feather"],"picked":"Cursed Key"}],"items_purged_floors":[13,14],"is_endless":false,"potions_floor_spawned":[5,7,20,28,29,31],"killed_by":"Automaton","ascension_level":20}