{"path_per_floor":["M","M","$","?","M","E","R","M","T","R","M","M","?","M","R","B",null,"M","?","M","M","$","R","M","M","T","E","M","M","R","$","R","B",null,"M","M","?","M","$","R","E","M","T","R","M","M","M","?","R"],"character_chosen":"DEFECT","items_purchased":["Omamori","Apotheosis","Frozen Egg 2","Bag of Marbles","Hologram","Thread and Needle","Blood Vial","Fire Potion","Explosive Potion","Lantern","Pear"],"gold_per_floor":[144,189,39,39,84,174,174,219,219,219,264,309,309,354,354,654,654,699,783,828,873,290,290,335,380,430,520,565,610,610,6,6,306,306,351,396,396,441,41,41,131,176,176,176,221,266,311,533,533,533],"floor_reached":50,"campfire_rested":9,"playtime":4802,"current_hp_per_floor":[69,73,73,73,73,73,75,75,75,75,60,55,75,62,75,55,75,75,72,34,26,26,48,48,48,48,48,55,50,72,72,75,75,75,75,75,75,54,64,85,79,80,80,85,85,85,85,85,85,0],"items_purged":[],"gold":533,"score":777,"play_id":"11b651c4-5914-443f-9210-09e60f234dab","local_time":"20180503025911","daily_mods":["Insanity","Midas","Uncertain Future"],"is_prod":false,"is_daily":true,"chose_seed":false,"is_ascension_mode":false,"campfire_upgraded":0,"timestamp":1525330751,"path_taken":["M","M","$","?","M","E","R","?","T","R","M","M","?","M","R","BOSS","M","?","M","M","$","R","M","?","T","E","M","M","R","?","R","BOSS","M","M","?","?","$","R","E","M","T","R","M","M","M","?","R","BOSS"],"build_version":"2018-05-01v2","seed_source_timestamp":1496776339288373,"purchased_purges":0,"victory":false,"master_deck":["FTL","Creative AI","Tempest","Hyperbeam","Defragment","Rainbow","All For One","Seek","Gash","Aggregate","Self Repair","Doom and Gloom","Glacier","Double Energy","Turbo","Seek","Chaos","Nova","Reprogram","Creative AI","Redo","Hyperbeam","Recycle","Nova","Rip and Tear","Amplify","Chaos","Rip and Tear","Strike_B","Double Energy","Meteor Strike+1","Go for the Eyes","Ball Lightning","Capacitor","Reprogram","Genetic Algorithm","Coolheaded","Reinforced Body","Turbo","Impulse","Scrape+1","Glacier","Reprogram","Glacier","Sunder","Buffer","Stack","Nova","Reprogram","Seek","Blaster","Nova","Multi-Cast","Fission+1","Fission+1","Seek+1","Gash+1","Hologram+1","Beam Cell+1","Apotheosis","All For One","Hello World+1","Heatsinks+1","Self Repair+1","Hologram","All For One","Buffer+1","Hologram","Consume","Tempest","Doom and Gloom+1","FTL","Lockon+1"],"max_hp_per_floor":[75,75,75,75,75,75,75,75,75,75,75,75,75,75,75,75,75,75,75,75,75,75,75,75,75,75,75,75,75,75,75,75,75,75,75,75,75,75,85,85,85,85,85,85,85,85,85,85,85,85],"relics":["Cracked Core","Omamori","Pantograph","Kunai","Astrolabe","Red Mask","Frozen Egg 2","Bag of Marbles","Whetstone","Anchor","Thread and Needle","Blood Vial","Orrery","Lantern","Pear","Blue Candle","Centennial Puzzle"],"card_choices":[{"not_picked":["Beam Cell","Stack"],"picked":"Buffer","floor":1},{"not_picked":["Impulse","Sweeping Beam"],"picked":"Stack","floor":2},{"not_picked":["Flux Capacitor","Rebound"],"picked":"Reprogram","floor":6},{"not_picked":["Cold Snap","Reprogram"],"picked":"Seek","floor":8},{"not_picked":["Leap","Coolheaded"],"picked":"Blaster","floor":12},{"not_picked":["Melter","Rebound"],"picked":"Nova","floor":14},{"not_picked":["All For One","Fusion"],"picked":"Multi-Cast","floor":16},{"not_picked":["Beam Cell","Go for the Eyes"],"picked":"Gash","floor":19},{"not_picked":["Creative AI","Axe Kick"],"picked":"Hologram","floor":20},{"not_picked":["Coolheaded","Streamline"],"picked":"Beam Cell","floor":21},{"not_picked":["Steam Power","Skim"],"picked":"All For One","floor":24},{"not_picked":["Blaster","Beam Cell"],"picked":"Hello World","floor":27},{"not_picked":["Beam Cell","Sweeping Beam"],"picked":"Heatsinks","floor":28},{"not_picked":["Turbo","Sunder"],"picked":"Self Repair","floor":29},{"not_picked":["Machine Learning","Rainbow"],"picked":"All For One","floor":33},{"not_picked":["Storm","Go for the Eyes"],"picked":"Buffer","floor":34},{"not_picked":["Chill","Barrage"],"picked":"Hologram","floor":34},{"not_picked":["Barrage","Ball Lightning"],"picked":"Consume","floor":34},{"not_picked":["Cold Snap","Auto Shields"],"picked":"Tempest","floor":36},{"not_picked":["Sweeping Beam","Axe Kick"],"picked":"Doom and Gloom","floor":41},{"not_picked":["Fusion","Hologram"],"picked":"FTL","floor":45},{"not_picked":["Streamline","Genetic Algorithm"],"picked":"Lockon","floor":46}],"player_experience":124903,"potions_floor_usage":[8,18,25,28,29,35,36,36,46,47],"damage_taken":[{"damage":6,"enemies":"Cultist","floor":1,"turns":4},{"damage":3,"enemies":"Small Slimes","floor":2,"turns":4},{"damage":0,"enemies":"2 Louse","floor":5,"turns":1},{"damage":0,"enemies":"Gremlin Nob","floor":6,"turns":3},{"damage":0,"enemies":"2 Fungi Beasts","floor":8,"turns":2},{"damage":15,"enemies":"Exordium Thugs","floor":11,"turns":3},{"damage":5,"enemies":"Looter","floor":12,"turns":2},{"damage":13,"enemies":"3 Louse","floor":14,"turns":2},{"damage":27,"enemies":"The Guardian","floor":16,"turns":6},{"damage":5,"enemies":"Chosen","floor":18,"turns":2},{"damage":10,"enemies":"Masked Bandits","floor":19,"turns":3},{"damage":38,"enemies":"Shell Parasite","floor":20,"turns":6},{"damage":15,"enemies":"Snecko","floor":21,"turns":5},{"damage":0,"enemies":"Snake Plant","floor":24,"turns":2},{"damage":0,"enemies":"3 Cultists","floor":25,"turns":3},{"damage":0,"enemies":"Gremlin Leader","floor":27,"turns":1},{"damage":0,"enemies":"Snecko","floor":28,"turns":3},{"damage":12,"enemies":"Centurion and Healer","floor":29,"turns":3},{"damage":0,"enemies":"Collector","floor":33,"turns":1},{"damage":12,"enemies":"Flame Bruiser 1 Orb","floor":35,"turns":5},{"damage":0,"enemies":"Orb Walker","floor":36,"turns":3},{"damage":38,"enemies":"4 Shapes","floor":38,"turns":5},{"damage":23,"enemies":"Nemesis","floor":41,"turns":5},{"damage":18,"enemies":"Sphere and 2 Shapes","floor":42,"turns":6},{"damage":5,"enemies":"3 Darklings","floor":45,"turns":3},{"damage":0,"enemies":"4 Shapes","floor":46,"turns":1},{"damage":0,"enemies":"Flame Bruiser 2 Orb","floor":47,"turns":2},{"damage":88,"enemies":"Awakened One","floor":50,"turns":9}],"event_choices":[{"event_name":"Transmorgrifier","player_choice":"Transform","floor":4,"damage_taken":0},{"event_name":"Big Fish","player_choice":"Banana","floor":13,"damage_taken":0},{"event_name":"Masked Bandits","player_choice":"Fought over 699 gold","floor":19,"damage_taken":0},{"event_name":"Tomb of Lord Red Mask","player_choice":"Wore Mask","floor":48,"damage_taken":0}],"boss_relics":[{"not_picked":["Ectoplasm","Runic Pyramid"],"picked":"Astrolabe"},{"not_picked":["Calling Bell","Cursed Key"],"picked":"Orrery"}],"potions_floor_spawned":[6,16,21,24,28,29,42,45,46],"seed_played":"-5591819847720032875","killed_by":"Awakened One","ascension_level":0,"is_trial":false}