{"gold_per_floor":[117,192,209,225,225,225,258,258,283,301,320,320,43,77,89,101],"floor_reached":16,"playtime":530,"items_purged":[],"score":220,"play_id":"52aece0f-4a67-4132-9c51-fc9c17ceae33","local_time":"20190106154648","is_ascension_mode":true,"campfire_choices":[{"data":"Skewer","floor":6,"key":"SMITH"},{"floor":8,"key":"REST"},{"data":"Neutralize","floor":12,"key":"SMITH"},{"data":"Dagger Spray","floor":15,"key":"SMITH"}],"neow_cost":"NONE","seed_source_timestamp":60327458408968,"circlet_count":0,"master_deck":["AscendersBane","Defend_G","Defend_G","Defend_G","Defend_G","Defend_G","Strike_G","Strike_G","Strike_G","Strike_G","Strike_G","Survivor","Neutralize+1","Skewer+1","Dagger Spray+1","Unload","PiercingWail"],"relics":["Ring of the Snake","Bag of Marbles","Blood Vial","Meat on the Bone","MawBank"],"potions_floor_usage":[7,7],"damage_taken":[{"damage":0,"enemies":"Small Slimes","floor":1,"turns":6},{"damage":0,"enemies":"Cultist","floor":3,"turns":3},{"damage":12,"enemies":"Jaw Worm","floor":4,"turns":7},{"damage":31,"enemies":"Lagavulin","floor":7,"turns":6},{"damage":3,"enemies":"Looter","floor":10,"turns":3},{"damage":4,"enemies":"Exordium Wildlife","floor":11,"turns":3},{"damage":22,"enemies":"3 Sentries","floor":14,"turns":7},{"damage":38,"enemies":"Slime Boss","floor":16,"turns":7}],"seed_played":"-888123356828103291","potions_obtained":[{"floor":1,"key":"FairyPotion"},{"floor":3,"key":"PowerPotion"},{"floor":4,"key":"Fruit Juice"}],"is_trial":false,"path_per_floor":["M","?","M","M","?","R","E","R","T","M","M","R","$","E","R","B"],"character_chosen":"THE_SILENT","items_purchased":["Meat on the Bone"],"campfire_rested":1,"item_purchase_floors":[13],"current_hp_per_floor":[65,54,54,42,42,42,16,39,39,38,36,36,36,28,28,0],"gold":101,"neow_bonus":"TEN_PERCENT_HP_BONUS","is_prod":false,"is_daily":false,"chose_seed":false,"campfire_upgraded":3,"win_rate":0,"timestamp":1546814808,"path_taken":["M","?","M","M","?","R","E","R","T","?","M","R","?","E","R","BOSS"],"build_version":"2019-01-03v4","purchased_purges":0,"victory":false,"max_hp_per_floor":[72,72,72,72,72,72,77,77,77,77,77,77,77,77,77,77],"card_choices":[{"not_picked":["Blur","Blade Dance"],"picked":"Skewer","floor":1},{"not_picked":["Acrobatics","Caltrops","Reflex"],"picked":"SKIP","floor":3},{"not_picked":["Choke","Underhanded Strike","Bane"],"picked":"SKIP","floor":4},{"not_picked":["Backflip","Flying Knee","Riddle With Holes"],"picked":"SKIP","floor":7},{"not_picked":["Acrobatics","Cloak And Dagger"],"picked":"PiercingWail","floor":10},{"not_picked":["Heel Hook","Deadly Poison","Concentrate"],"picked":"SKIP","floor":11},{"not_picked":["Corpse Explosion","Poisoned Stab","Accuracy"],"picked":"SKIP","floor":14}],"player_experience":684284,"relics_obtained":[{"floor":7,"key":"Bag of Marbles"},{"floor":9,"key":"Blood Vial"},{"floor":14,"key":"MawBank"}],"event_choices":[{"damage_healed":0,"gold_gain":75,"player_choice":"Gather Gold","damage_taken":11,"max_hp_gain":0,"max_hp_loss":0,"event_name":"World of Goop","floor":2,"gold_loss":0},{"damage_healed":0,"gold_gain":0,"player_choice":"2 cards matched","damage_taken":0,"max_hp_gain":0,"max_hp_loss":0,"event_name":"Match and Keep!","floor":5,"gold_loss":0,"cards_obtained":["Dagger Spray","Unload"]}],"is_beta":false,"boss_relics":[],"items_purged_floors":[],"is_endless":false,"potions_floor_spawned":[1,3,4],"killed_by":"Slime Boss","ascension_level":20}