{"gold_per_floor":[15,34,53,65,65,65,92,92,92,126,137,137,137,41,41,140,140,156,81,95,95,295,295],"floor_reached":23,"playtime":906,"items_purged":[],"score":254,"play_id":"bd8fd8ce-3656-4877-a8f1-d54582612bb3","local_time":"20180712152652","is_ascension_mode":true,"campfire_choices":[{"floor":6,"key":"REST"},{"floor":8,"key":"REST"},{"data":"Dramatic Entrance","floor":15,"key":"SMITH"}],"neow_cost":"NO_GOLD","seed_source_timestamp":302201681739508,"circlet_count":0,"master_deck":["Strike_R","Strike_R","Strike_R","Strike_R","Defend_R","Defend_R+1","Defend_R+1","Defend_R","Bash","Barricade","Cleave","Cleave","Feed","Metallicize","Inflame","Bloodletting","Dramatic Entrance+1","Feed","Twin Strike+1","Thunderclap"],"relics":["Burning Blood","Juzu Bracelet","Strawberry","Self Forming Clay","Bottled Flame","Mark of Pain"],"potions_floor_usage":[7,10,16,20,23],"damage_taken":[{"damage":4,"enemies":"2 Louse","floor":1,"turns":3},{"damage":18,"enemies":"Jaw Worm","floor":2,"turns":4},{"damage":6,"enemies":"Cultist","floor":3,"turns":4},{"damage":25,"enemies":"2 Fungi Beasts","floor":4,"turns":4},{"damage":28,"enemies":"Gremlin Nob","floor":7,"turns":4},{"damage":56,"enemies":"Lagavulin","floor":10,"turns":10},{"damage":4,"enemies":"Gremlin Gang","floor":11,"turns":4},{"damage":41,"enemies":"Slime Boss","floor":16,"turns":15},{"damage":29,"enemies":"Chosen","floor":18,"turns":8},{"damage":32,"enemies":"2 Thieves","floor":20,"turns":4},{"damage":31,"enemies":"Book of Stabbing","floor":23,"turns":3}],"seed_played":"904527738363373419","potions_obtained":[{"floor":1,"key":"Swift Potion"},{"floor":7,"key":"AttackPotion"},{"floor":10,"key":"Weak Potion"},{"floor":18,"key":"Explosive Potion"},{"floor":20,"key":"Fire Potion"}],"is_trial":false,"path_per_floor":["M","M","M","M","?","R","E","R","T","E","M","?","T","$","R","B",null,"M","?","M","?","?"],"character_chosen":"IRONCLAD","items_purchased":["Dramatic Entrance"],"campfire_rested":2,"item_purchase_floors":[14],"current_hp_per_floor":[80,68,68,49,33,57,38,62,69,19,24,93,93,93,93,61,96,73,73,47,28,28,0],"gold":295,"neow_bonus":"THREE_RARE_CARDS","is_prod":false,"is_daily":false,"chose_seed":false,"campfire_upgraded":1,"win_rate":0,"timestamp":1531423612,"path_taken":["M","M","M","M","?","R","E","R","T","E","M","?","?","$","R","BOSS","M","?","M","?","?","E"],"build_version":"2018-07-11","purchased_purges":0,"victory":false,"max_hp_per_floor":[80,80,80,80,80,80,83,83,90,90,93,93,93,93,93,96,96,96,96,96,101,101,101],"card_choices":[{"not_picked":["Fiend Fire","Immolate"],"picked":"Barricade","floor":0},{"not_picked":["Metallicize","Shrug It Off"],"picked":"Cleave","floor":1},{"not_picked":["Clothesline","Headbutt"],"picked":"Cleave","floor":2},{"not_picked":["Pommel Strike","Headbutt"],"picked":"Intimidate","floor":3},{"not_picked":["Infernal Blade","Burning Pact"],"picked":"Feed","floor":4},{"not_picked":["Sentinel","Rupture"],"picked":"Metallicize","floor":7},{"not_picked":["Flex","Anger"],"picked":"Inflame","floor":10},{"not_picked":["Clash","Rage"],"picked":"Bloodletting","floor":11},{"not_picked":["Demon Form","Barricade"],"picked":"Feed","floor":16},{"not_picked":["Iron Wave","Shrug It Off"],"picked":"Twin Strike+1","floor":18},{"not_picked":["Body Slam","Armaments"],"picked":"Thunderclap","floor":20}],"player_experience":399971,"relics_obtained":[{"floor":7,"key":"Juzu Bracelet"},{"floor":9,"key":"Strawberry"},{"floor":10,"key":"Self Forming Clay"},{"floor":13,"key":"Bottled Flame"}],"event_choices":[{"event_name":"Shining Light","player_choice":"Entered Light","floor":5,"damage_taken":0},{"event_name":"Bonfire Elementals","player_choice":"UNCOMMON","floor":12,"damage_taken":0},{"event_name":"Beggar","player_choice":"Gave Gold","floor":19,"damage_taken":0},{"event_name":"Forgotten Altar","player_choice":"Shed Blood","floor":21,"damage_taken":0},{"event_name":"The Joust","player_choice":"Bet on Owner","floor":22,"damage_taken":0}],"boss_relics":[{"not_picked":["Philosopher\u0027s Stone","Eternal Feather"],"picked":"Mark of Pain"}],"items_purged_floors":[],"is_endless":false,"potions_floor_spawned":[1,7,10,18,20],"killed_by":"Book of Stabbing","ascension_level":3}