{"gold_per_floor":[15,33,33,59,77,107,168,168],"floor_reached":8,"playtime":315,"items_purged":[],"score":70,"play_id":"b932f32a-5690-41fc-99c1-a4da954f1965","local_time":"20190620020249","is_ascension_mode":true,"campfire_choices":[],"neow_cost":"NO_GOLD","seed_source_timestamp":18582860097400,"circlet_count":0,"master_deck":["Strike_B","Strike_B","Strike_B","Defend_B","Defend_B","Defend_B","Defend_B","Zap","Dualcast","All For One","Beam Cell","Consume","Multi-Cast","Capacitor","Darkness"],"relics":["Cracked Core","Art of War","Symbiotic Virus"],"potions_floor_usage":[2,6],"damage_taken":[{"damage":7,"enemies":"Jaw Worm","floor":1,"turns":3},{"damage":0,"enemies":"Small Slimes","floor":2,"turns":3},{"damage":0,"enemies":"2 Louse","floor":5,"turns":1},{"damage":40,"enemies":"Lagavulin","floor":6,"turns":4},{"damage":30,"enemies":"3 Sentries","floor":8,"turns":3}],"seed_played":"-1728828455762989462","potions_obtained":[{"floor":1,"key":"EssenceOfSteel"},{"floor":5,"key":"Fire Potion"}],"is_trial":false,"path_per_floor":["M","M","?","T","M","E","?","E"],"character_chosen":"DEFECT","items_purchased":[],"campfire_rested":0,"item_purchase_floors":[],"current_hp_per_floor":[68,68,68,68,68,28,28,0],"gold":168,"neow_bonus":"THREE_RARE_CARDS","is_prod":false,"is_daily":false,"chose_seed":false,"campfire_upgraded":0,"win_rate":0,"timestamp":1561010569,"path_taken":["M","M","?","?","M","E","?","E"],"build_version":"2019-06-18","purchased_purges":0,"victory":false,"max_hp_per_floor":[75,75,75,75,75,75,75,75],"card_choices":[{"not_picked":["Buffer","Creative AI"],"picked":"All For One","floor":0},{"not_picked":["Fusion","Recycle"],"picked":"Beam Cell","floor":1},{"not_picked":["Streamline","Reinforced Body"],"picked":"Consume","floor":2},{"not_picked":["Streamline","Beam Cell"],"picked":"Capacitor","floor":5},{"not_picked":["Sweeping Beam","Creative AI"],"picked":"Darkness","floor":6}],"player_experience":1089032,"relics_obtained":[{"floor":4,"key":"Art of War"},{"floor":6,"key":"Symbiotic Virus"}],"event_choices":[{"damage_healed":0,"gold_gain":0,"cards_transformed":["Strike_B"],"player_choice":"Change","damage_taken":0,"max_hp_gain":0,"max_hp_loss":0,"event_name":"Living Wall","floor":3,"gold_loss":0,"cards_obtained":["Multi-Cast"]},{"damage_healed":0,"gold_gain":61,"player_choice":"Gained Gold","damage_taken":0,"max_hp_gain":0,"max_hp_loss":0,"event_name":"Golden Wing","floor":7,"gold_loss":0}],"is_beta":true,"boss_relics":[],"items_purged_floors":[],"is_endless":false,"potions_floor_spawned":[1,5],"killed_by":"3 Sentries","ascension_level":5}