{"gold_per_floor":[111,111,36,36,55,55,2,22,22,40,40,4,4,179,179,282,282,302,577,48,59,71,71,71,71,97,97,17,17,36,36],"floor_reached":31,"playtime":659,"items_purged":["Regret","Regret"],"score":276,"play_id":"0ff9ca16-62d2-4e90-8a9c-81a5a3b0ff76","local_time":"20190610045701","is_ascension_mode":true,"campfire_choices":[{"data":"Glacier","floor":6,"key":"SMITH"},{"data":"Double Energy","floor":11,"key":"SMITH"},{"data":"Zap","floor":13,"key":"SMITH"},{"data":"Dualcast","floor":15,"key":"SMITH"},{"data":"Aggregate","floor":23,"key":"SMITH"},{"floor":25,"key":"REST"},{"data":"Madness","floor":29,"key":"SMITH"}],"neow_cost":"NONE","seed_source_timestamp":1681964146617300,"circlet_count":0,"master_deck":["Strike_B","Strike_B+1","Defend_B","Defend_B","Defend_B","Zap+1","Dualcast+1","Melter+1","Glacier+1","Rebound","Doom and Gloom","Double Energy+1","Scrape","Doubt","Machine Learning","Melter+1","Melter+1","White Noise","Madness+1","Undo","Aggregate+1","Creative AI","Aggregate"],"relics":["Cracked Core","NeowsBlessing","Meat on the Bone","Emotion Chip","Astrolabe","Vajra","Sling"],"potions_floor_usage":[10,16,16,21,21,30],"damage_taken":[{"damage":0,"enemies":"Jaw Worm","floor":1,"turns":1},{"damage":0,"enemies":"2 Louse","floor":5,"turns":1},{"damage":0,"enemies":"Cultist","floor":8,"turns":1},{"damage":11,"enemies":"Exordium Thugs","floor":10,"turns":3},{"damage":47,"enemies":"Slime Boss","floor":16,"turns":8},{"damage":26,"enemies":"Shell Parasite","floor":18,"turns":3},{"damage":15,"enemies":"2 Thieves","floor":21,"turns":3},{"damage":0,"enemies":"Sentry and Sphere","floor":22,"turns":2},{"damage":41,"enemies":"Snake Plant","floor":30,"turns":4},{"damage":45,"enemies":"Book of Stabbing","floor":31,"turns":4}],"seed_played":"8720743045351433607","potions_obtained":[{"floor":1,"key":"Dexterity Potion"},{"floor":5,"key":"Fire Potion"},{"floor":10,"key":"Weak Potion"},{"floor":16,"key":"Energy Potion"},{"floor":18,"key":"Swift Potion"},{"floor":22,"key":"SpeedPotion"}],"is_trial":false,"path_per_floor":["M","?","$","?","M","R","$","M","T","M","R","$","R","?","R","B",null,"M","?","$","M","M","R","$","R","T","?","$","R","M","E"],"character_chosen":"DEFECT","items_purchased":["Rebound","Scrape","Madness","Vajra","Sling","Creative AI"],"campfire_rested":1,"item_purchase_floors":[7,12,20,20,20,28],"current_hp_per_floor":[75,75,75,60,60,60,60,60,60,49,49,49,49,49,49,14,60,46,46,46,43,43,43,43,65,65,85,85,85,44,0],"gold":36,"neow_bonus":"THREE_ENEMY_KILL","is_prod":false,"is_daily":false,"chose_seed":false,"campfire_upgraded":6,"win_rate":0,"timestamp":1560157021,"path_taken":["M","?","$","?","M","R","?","?","T","M","R","$","R","?","R","BOSS","M","?","?","M","M","R","?","R","T","?","$","R","?","E"],"build_version":"2019-06-07","purchased_purges":2,"victory":false,"max_hp_per_floor":[75,75,75,75,75,75,75,75,75,75,75,75,75,75,75,75,75,75,75,75,75,75,75,75,75,75,85,85,85,85,85],"card_choices":[{"not_picked":["Darkness","Cold Snap"],"picked":"Melter","floor":1},{"not_picked":["FTL","Doom and Gloom"],"picked":"Glacier","floor":5},{"not_picked":["Go for the Eyes","Static Discharge"],"picked":"Doom and Gloom","floor":8},{"not_picked":["Coolheaded","Hologram"],"picked":"Double Energy","floor":10},{"not_picked":["Multi-Cast","Creative AI"],"picked":"Machine Learning","floor":16},{"not_picked":["Rebound","Leap+1"],"picked":"White Noise","floor":18},{"not_picked":["Turbo","Leap"],"picked":"Undo","floor":21},{"not_picked":["Sweeping Beam","Storm"],"picked":"Aggregate","floor":22},{"not_picked":["Ball Lightning","Conserve Battery"],"picked":"Aggregate","floor":30}],"player_experience":1019711,"relics_obtained":[{"floor":9,"key":"Emotion Chip"}],"event_choices":[{"damage_healed":0,"gold_gain":0,"player_choice":"Box","damage_taken":0,"relics_obtained":["Meat on the Bone"],"max_hp_gain":0,"max_hp_loss":0,"event_name":"Big Fish","floor":2,"gold_loss":0,"cards_obtained":["Regret"]},{"damage_healed":0,"gold_gain":0,"player_choice":"Entered Light","damage_taken":15,"max_hp_gain":0,"max_hp_loss":0,"event_name":"Shining Light","floor":4,"gold_loss":0,"cards_upgraded":["Melter","Strike_B"]},{"damage_healed":0,"gold_gain":175,"player_choice":"AGREE","damage_taken":0,"max_hp_gain":0,"max_hp_loss":0,"event_name":"Liars Game","floor":14,"gold_loss":0,"cards_obtained":["Doubt"]},{"damage_healed":0,"gold_gain":275,"player_choice":"Desecrate","damage_taken":0,"max_hp_gain":0,"max_hp_loss":0,"event_name":"Golden Shrine","floor":19,"gold_loss":0,"cards_obtained":["Regret"]},{"cards_removed":["Thunder Strike"],"damage_healed":10,"gold_gain":0,"player_choice":"Offered Rare","damage_taken":0,"max_hp_gain":10,"max_hp_loss":0,"event_name":"Bonfire Elementals","floor":27,"gold_loss":0}],"is_beta":true,"boss_relics":[{"not_picked":["Ectoplasm","Philosopher\u0027s Stone"],"picked":"Astrolabe"}],"items_purged_floors":[3,20],"is_endless":false,"potions_floor_spawned":[1,5,10,16,18,22],"killed_by":"Book of Stabbing","ascension_level":5}