{"path_per_floor":["M","M","?","?","T","R","E","$","T","E","M","$","R","M","R","B",null,"M","M"],"character_chosen":"DEFECT","items_purchased":["Loop","Magnetism","Madness"],"gold_per_floor":[119,135,193,193,269,269,301,75,75,105,120,15,15,35,35,130,130,150,160,160],"floor_reached":20,"campfire_rested":2,"playtime":891,"current_hp_per_floor":[75,74,74,74,74,74,51,51,51,35,34,34,56,41,63,34,75,43,21,0],"items_purged":[],"gold":160,"score":182,"play_id":"5eff20e1-9dd2-439d-829a-971fa8de9fb8","local_time":"20180516110121","is_prod":false,"is_daily":false,"chose_seed":false,"is_ascension_mode":false,"campfire_upgraded":1,"timestamp":1526482881,"path_taken":["M","M","?","?","?","R","E","$","T","E","M","?","R","M","R","BOSS","M","M","M"],"build_version":"2018-05-15","seed_source_timestamp":244995121055818,"purchased_purges":0,"victory":false,"master_deck":["Strike_B","Strike_B","Strike_B","Strike_B","Defend_B","Defend_B","Defend_B","Defend_B","Zap","Dualcast","Doom and Gloom+1","Sunder+1","Redo","Loop","Magnetism","Barrage+1","Madness","Fusion","Capacitor","Loop","Self Repair","Turbo","Barrage+1"],"max_hp_per_floor":[75,75,75,75,75,75,75,75,75,75,75,75,75,75,75,75,75,75,75,75],"relics":["Black Star","Pantograph","Calipers","Gambling Chip","Cables","Bottled Lightning","Molten Egg 2","Orrery"],"card_choices":[{"not_picked":["Rebound","Conserve Battery"],"picked":"Doom and Gloom","floor":1},{"not_picked":["Axe Kick","Sweeping Beam"],"picked":"Sunder","floor":2},{"not_picked":["Chaos","Steam"],"picked":"Redo","floor":7},{"not_picked":["Ball Lightning","Fusion","Sweeping Beam"],"picked":"SKIP","floor":10},{"not_picked":["Capacitor","Leap"],"picked":"Barrage+1","floor":11},{"not_picked":["BootSequence","Sweeping Beam+1","Stack"],"picked":"SKIP","floor":14},{"not_picked":["Reboot","Biased Cognition"],"picked":"Fusion","floor":16},{"not_picked":["Cold Snap+1","Chaos"],"picked":"Capacitor","floor":17},{"not_picked":["Recycle","White Noise"],"picked":"Loop","floor":17},{"not_picked":["Ball Lightning+1","Reprogram"],"picked":"Self Repair","floor":17},{"not_picked":["Sweeping Beam+1","Coolheaded"],"picked":"Turbo","floor":17},{"not_picked":["Coolheaded","Axe Kick+1"],"picked":"Barrage+1","floor":17},{"not_picked":["Steam","Barrage+1","Beam Cell+1"],"picked":"SKIP","floor":18},{"not_picked":["Barrage+1","Genetic Algorithm","Machine Learning"],"picked":"SKIP","floor":19}],"player_experience":277310,"potions_floor_usage":[2,7,16,20],"damage_taken":[{"damage":0,"enemies":"2 Louse","floor":1,"turns":2},{"damage":1,"enemies":"Jaw Worm","floor":2,"turns":2},{"damage":23,"enemies":"Gremlin Nob","floor":7,"turns":4},{"damage":16,"enemies":"Lagavulin","floor":10,"turns":6},{"damage":1,"enemies":"Cultist","floor":11,"turns":3},{"damage":15,"enemies":"Looter","floor":14,"turns":3},{"damage":41,"enemies":"The Guardian","floor":16,"turns":11},{"damage":32,"enemies":"3 Byrds","floor":18,"turns":5},{"damage":22,"enemies":"Shell Parasite","floor":19,"turns":3},{"damage":25,"enemies":"Snake Plant","floor":20,"turns":2}],"relics_obtained":[{"floor":5,"key":"Pantograph"},{"floor":7,"key":"Calipers"},{"floor":7,"key":"Gambling Chip"},{"floor":9,"key":"Cables"},{"floor":10,"key":"Bottled Lightning"},{"floor":10,"key":"Molten Egg 2"}],"event_choices":[{"event_name":"Golden Wing","player_choice":"Gained Gold","floor":3,"damage_taken":0},{"event_name":"Accursed Blacksmith","player_choice":"Forge","floor":4,"damage_taken":0}],"boss_relics":[{"not_picked":["Runic Dome","Astrolabe"],"picked":"Orrery"}],"potions_floor_spawned":[1,2,11,19],"seed_played":"9125418717295099669","killed_by":"Snake Plant","ascension_level":0,"potions_obtained":[{"floor":1,"key":"Energy Potion"},{"floor":2,"key":"Weak Potion"},{"floor":11,"key":"PowerPotion"},{"floor":19,"key":"PowerPotion"}],"is_trial":false}