{"path_per_floor":["M","?","M","M","?","E","M","?","T","$","M","R","M","M","R","B",null,"M","?","$","?","M","R","?","R","T","M","M","$","R","M","R"],"character_chosen":"IRONCLAD","items_purchased":["Strange Spoon","Blood for Blood","Blood for Blood","Strength Potion","Energy Potion"],"gold_per_floor":[118,88,101,115,115,143,153,153,180,22,32,32,44,56,56,157,157,175,175,20,20,39,39,39,39,39,53,63,21,21,31,31],"floor_reached":33,"campfire_rested":5,"playtime":1562,"current_hp_per_floor":[80,80,80,80,80,71,63,47,47,47,30,54,57,53,77,35,80,60,60,60,60,70,70,55,80,80,72,48,48,74,49,76],"items_purged":[],"gold":31,"score":249,"play_id":"bf93afea-b54e-4075-967f-1f81729c565f","local_time":"20180321032335","is_prod":false,"is_daily":false,"is_ascension_mode":false,"campfire_upgraded":1,"timestamp":1521617015,"path_taken":["M","?","M","M","?","E","M","?","T","$","M","R","M","M","R","BOSS","M","?","$","?","M","R","?","R","T","?","M","$","R","M","R","BOSS"],"build_version":"2018-03-15v3","purchased_purges":0,"victory":false,"master_deck":["Strike_R+1","Strike_R+1","Strike_R","Strike_R","Defend_R","Defend_R","Defend_R","Defend_R","Bash+1","Bloodletting","Bloodletting","Limit Break","Whirlwind","Offering","Fiend Fire+1","Whirlwind","Blood for Blood","Blood for Blood","Feed","Seeing Red","Blood for Blood","Fiend Fire"],"max_hp_per_floor":[80,80,80,80,80,80,80,80,80,80,80,80,80,80,80,80,80,80,80,80,80,80,80,85,85,85,85,88,88,88,91,91],"relics":["Black Blood","The Courier","Lantern","Strange Spoon","Nloth\u0027s Gift","Calipers"],"card_choices":[{"not_picked":["Headbutt","Cleave"],"picked":"Bloodletting"},{"not_picked":["Reckless Charge","Havoc"],"picked":"Bloodletting"},{"not_picked":["Ghostly Armor","Headbutt"],"picked":"Limit Break"},{"not_picked":["Pommel Strike","Anger"],"picked":"Whirlwind"},{"not_picked":["Corruption","Flex"],"picked":"Offering"},{"not_picked":["Double Tap","Demon Form"],"picked":"Fiend Fire"},{"not_picked":["Second Wind","Body Slam"],"picked":"Whirlwind"},{"not_picked":["Clash","Cleave"],"picked":"Feed"},{"not_picked":["Carnage","Havoc"],"picked":"Seeing Red"},{"not_picked":["Combust","Anger"],"picked":"Blood for Blood"},{"not_picked":["Clash","Combust"],"picked":"Fiend Fire"}],"player_experience":503110,"potions_floor_usage":[4,6,6,11,14,22,27,31,31,33],"damage_taken":[{"damage":1,"enemies":"Cultist","floor":1,"turns":3},{"damage":0,"enemies":"Small Slimes","floor":3,"turns":3},{"damage":1,"enemies":"Jaw Worm","floor":4,"turns":4},{"damage":42,"enemies":"3 Sentries","floor":6,"turns":12},{"damage":14,"enemies":"Blue Slaver","floor":7,"turns":3},{"damage":23,"enemies":"Gremlin Gang","floor":11,"turns":6},{"damage":3,"enemies":"3 Louse","floor":13,"turns":2},{"damage":10,"enemies":"2 Fungi Beasts","floor":14,"turns":2},{"damage":48,"enemies":"Slime Boss","floor":16,"turns":8},{"damage":30,"enemies":"2 Thieves","floor":18,"turns":4},{"damage":0,"enemies":"3 Byrds","floor":22,"turns":2},{"damage":18,"enemies":"3 Cultists","floor":27,"turns":3},{"damage":37,"enemies":"Sentry and Sphere","floor":28,"turns":4},{"damage":38,"enemies":"Slaver and Parasite","floor":31,"turns":5},{"damage":92,"enemies":"Champ","floor":33,"turns":9}],"event_choices":[{"event_name":"The Woman in Blue","player_choice":"Bought 2 Potions","floor":2,"damage_taken":0},{"event_name":"Upgrade Shrine","player_choice":"Upgraded","floor":5,"damage_taken":0},{"event_name":"Shining Light","player_choice":"Entered Light","floor":8,"damage_taken":0},{"event_name":"N\u0027loth","player_choice":"Traded a Bag of Preparation","floor":19,"damage_taken":0},{"event_name":"Back to Basics","player_choice":"Elegance","floor":21,"damage_taken":0},{"event_name":"Forgotten Altar","player_choice":"Shed Blood","floor":24,"damage_taken":0}],"boss_relics":[{"not_picked":["Mark of Pain","Ectoplasm"],"picked":"Black Blood"}],"potions_floor_spawned":[1,6,7,16,28,31],"seed_played":"-6621374715802207923","killed_by":"Champ","ascension_level":0,"is_trial":false}