{"gold_per_floor":[113,133,54,65,65,65,95,107,107,118,118],"floor_reached":11,"playtime":458,"items_purged":[],"score":75,"play_id":"b6681836-2b0a-4ba5-802f-d2a6a7087cfc","local_time":"20190623202407","is_ascension_mode":false,"campfire_choices":[{"floor":6,"key":"RECALL"}],"neow_cost":"TEN_PERCENT_HP_LOSS","seed_source_timestamp":200412186438300,"circlet_count":0,"master_deck":["Strike_B","Strike_B","Strike_B","Strike_B","Defend_B","Defend_B","Defend_B","Defend_B","Zap","Dualcast","Echo Form","Streamline","Go for the Eyes","Defragment","Cold Snap","Decay","Self Repair","Hologram","Reprogram"],"relics":["Cracked Core","Bag of Preparation"],"potions_floor_usage":[10,11],"damage_taken":[{"damage":1,"enemies":"Jaw Worm","floor":1,"turns":5},{"damage":6,"enemies":"Cultist","floor":2,"turns":4},{"damage":7,"enemies":"2 Louse","floor":4,"turns":2},{"damage":28,"enemies":"Gremlin Nob","floor":7,"turns":5},{"damage":13,"enemies":"Lots of Slimes","floor":8,"turns":5},{"damage":6,"enemies":"3 Louse","floor":10,"turns":2},{"damage":25,"enemies":"Gremlin Gang","floor":11,"turns":3}],"seed_played":"-7967569381703500333","potions_obtained":[{"floor":8,"key":"GamblersBrew"},{"floor":10,"key":"SneckoOil"}],"is_trial":false,"path_per_floor":["M","M","$","M","?","R","E","M","T","M","M"],"character_chosen":"DEFECT","items_purchased":["Defragment"],"campfire_rested":0,"item_purchase_floors":[3],"current_hp_per_floor":[67,61,61,54,54,54,26,20,20,14,0],"gold":118,"neow_bonus":"THREE_RARE_CARDS","is_prod":false,"is_daily":false,"chose_seed":false,"campfire_upgraded":0,"win_rate":0,"timestamp":1561335847,"path_taken":["M","M","$","M","?","R","E","M","T","M","?"],"build_version":"2019-06-21","purchased_purges":0,"victory":false,"max_hp_per_floor":[68,68,68,68,68,68,68,68,68,68,68],"card_choices":[{"not_picked":["Creative AI","Machine Learning"],"picked":"Echo Form","floor":0},{"not_picked":["Barrage","Compile Driver"],"picked":"Streamline","floor":1},{"not_picked":["Rebound","Reinforced Body"],"picked":"Go for the Eyes","floor":2},{"not_picked":["Chaos","Compile Driver"],"picked":"Cold Snap","floor":4},{"not_picked":["Seek","Conserve Battery"],"picked":"Self Repair","floor":7},{"not_picked":["Gash","Sweeping Beam"],"picked":"Hologram","floor":8},{"not_picked":["Sweeping Beam","Skim"],"picked":"Reprogram","floor":10}],"player_experience":1116738,"relics_obtained":[{"floor":7,"key":"Bag of Preparation"}],"event_choices":[{"damage_healed":0,"gold_gain":0,"player_choice":"Cursed","damage_taken":0,"max_hp_gain":0,"max_hp_loss":0,"event_name":"Wheel of Change","floor":5,"gold_loss":0,"cards_obtained":["Decay"]}],"is_beta":true,"boss_relics":[],"items_purged_floors":[],"is_endless":false,"potions_floor_spawned":[8,10],"killed_by":"Gremlin Gang","ascension_level":0}