{"path_per_floor":["M","?","?","$","?","R","M","E","T","E","$","M","R","M","R","B",null,"M","M","?","$","M","E","R","M","T","M","?","M","R","T","R"],"character_chosen":"THE_SILENT","items_purchased":["Melter","Accuracy","Thunderclap"],"gold_per_floor":[114,114,114,45,45,45,60,90,90,120,29,44,44,59,59,159,159,174,189,189,189,234,264,264,279,304,319,319,334,334,334,334,334],"floor_reached":33,"campfire_rested":3,"playtime":1673,"current_hp_per_floor":[70,70,70,70,70,70,64,60,60,57,57,57,57,55,55,50,70,70,70,57,57,53,18,40,15,15,15,6,5,27,27,49,0],"items_purged":[],"gold":334,"score":275,"play_id":"280afe9d-3f79-45c1-a5fb-89a5db6c2a70","local_time":"20180509093545","daily_mods":["Diverse","Binary","Vintage"],"is_prod":false,"is_daily":true,"chose_seed":false,"is_ascension_mode":false,"campfire_upgraded":3,"timestamp":1525872945,"path_taken":["M","?","?","$","?","R","M","E","T","E","?","?","R","M","R","BOSS","M","M","?","$","M","E","R","M","T","M","?","M","R","?","R","BOSS"],"build_version":"2018-05-08","seed_source_timestamp":59496078525692,"purchased_purges":0,"victory":false,"master_deck":["Defend_G","Defend_G","Defend_G","Defend_G","Defend_G","Strike_G","Strike_G+1","Strike_G","Strike_G+1","Strike_G","Survivor","Neutralize","Melter+1","Footwork+1","Iron Wave","Accuracy+1","Thunderclap","Flex+1","Perfected Strike"],"max_hp_per_floor":[70,70,70,70,70,70,70,70,70,70,70,70,70,70,70,70,70,70,70,75,75,75,75,75,75,75,75,75,75,75,75,75,75],"relics":["Ring of the Snake","Shuriken","Ninja Scroll","Bag of Marbles","Pen Nib","Girya","Tough Bandages","Du-Vu Doll","Happy Flower","White Beast Statue","Ancient Tea Set","Whetstone","Tiny Chest","Letter Opener","Dream Catcher","Juzu Bracelet","Darkstone Periapt","Art of War","Centennial Puzzle"],"card_choices":[{"not_picked":["Tools of the Trade"],"picked":"Footwork","floor":8},{"not_picked":["Backflip"],"picked":"Iron Wave","floor":10},{"not_picked":["Slice"],"picked":"Flex","floor":23},{"not_picked":["Ghostly Armor"],"picked":"Perfected Strike","floor":30}],"player_experience":216140,"potions_floor_usage":[7,8,8,10,16,22,22,23,25,29,29,33],"damage_taken":[{"damage":0,"enemies":"Small Slimes","floor":1,"turns":4},{"damage":6,"enemies":"Cultist","floor":7,"turns":3},{"damage":4,"enemies":"Lagavulin","floor":8,"turns":4},{"damage":3,"enemies":"3 Sentries","floor":10,"turns":6},{"damage":0,"enemies":"Jaw Worm","floor":12,"turns":1},{"damage":2,"enemies":"2 Fungi Beasts","floor":14,"turns":3},{"damage":5,"enemies":"The Guardian","floor":16,"turns":11},{"damage":0,"enemies":"Spheric Guardian","floor":18,"turns":3},{"damage":0,"enemies":"Shell Parasite","floor":19,"turns":2},{"damage":4,"enemies":"Centurion and Healer","floor":22,"turns":4},{"damage":35,"enemies":"Book of Stabbing","floor":23,"turns":6},{"damage":25,"enemies":"Snecko","floor":25,"turns":5},{"damage":0,"enemies":"Sentry and Sphere","floor":27,"turns":2},{"damage":1,"enemies":"Snake Plant","floor":29,"turns":4},{"damage":61,"enemies":"Automaton","floor":33,"turns":8}],"event_choices":[{"event_name":"The Lab","player_choice":"Got Potions","floor":2,"damage_taken":0},{"event_name":"The Woman in Blue","player_choice":"Bought 0 Potions","floor":3,"damage_taken":0},{"event_name":"The Cleric","player_choice":"Leave","floor":5,"damage_taken":0},{"event_name":"Forgotten Altar","player_choice":"Shed Blood","floor":20,"damage_taken":0},{"event_name":"Cursed Tome","player_choice":"Stopped","floor":28,"damage_taken":0}],"boss_relics":[{"not_picked":["Runic Pyramid","Philosopher\u0027s Stone"],"picked":"White Beast Statue"}],"potions_floor_spawned":[1,7,8,18,19,22,23,25,27,29],"seed_played":"-2911517459115267466","killed_by":"Automaton","ascension_level":0,"is_trial":false}