{"path_per_floor":["M","M","$","?","M","E","$","M","T","E","R","?","M","$","R"],"character_chosen":"IRONCLAD","items_purchased":["Bottled Flame","Flex","Mind Blast","Thunderclap","Heavy Blade"],"gold_per_floor":[310,321,24,99,116,151,5,23,23,50,50,50,63,40,40],"floor_reached":16,"campfire_rested":2,"playtime":777,"current_hp_per_floor":[77,61,61,50,45,26,26,24,24,8,32,32,31,31,55],"items_purged":[],"gold":40,"score":110,"play_id":"c1d954b6-1a8f-4964-ba77-a6ca2d51e560","local_time":"20180304052849","is_prod":false,"is_daily":false,"is_ascension_mode":false,"campfire_upgraded":0,"timestamp":1520159329,"path_taken":["M","M","$","?","M","E","$","?","T","E","R","?","M","?","R","BOSS"],"build_version":"2018-03-01-PROD1","purchased_purges":0,"victory":false,"master_deck":["Strike_R","Strike_R","Strike_R","Strike_R","Strike_R","Defend_R","Defend_R","Defend_R","Defend_R","Bash","Fire Breathing","Demon Form","Flex","Infernal Blade","Metallicize","Mind Blast","Thunderclap","Metallicize","Rampage","Bash","Wild Strike","Flame Barrier","Fiend Fire","Heavy Blade"],"max_hp_per_floor":[80,80,80,80,80,80,80,80,80,80,80,80,80,80,80],"relics":["Burning Blood","Old Coin","Bottled Flame","Ancient Tea Set","Shuriken","Bottled Lightning"],"card_choices":[{"not_picked":["Cleave","Armaments"],"picked":"Fire Breathing"},{"not_picked":["Twin Strike","Shrug It Off"],"picked":"Demon Form"},{"not_picked":["Searing Blow","Shrug It Off"],"picked":"Infernal Blade"},{"not_picked":["Sword Boomerang","Cleave"],"picked":"Metallicize"},{"not_picked":["Perfected Strike","Clash"],"picked":"Metallicize"},{"not_picked":["Twin Strike","Headbutt"],"picked":"Rampage"},{"not_picked":["Perfected Strike","Clothesline"],"picked":"Fiend Fire"}],"player_experience":233609,"potions_floor_usage":[5,10,13],"damage_taken":[{"damage":9,"enemies":"Small Slimes","floor":1,"turns":4},{"damage":22,"enemies":"Cultist","floor":2,"turns":7},{"damage":11,"enemies":"Jaw Worm","floor":5,"turns":3},{"damage":25,"enemies":"3 Sentries","floor":6,"turns":7},{"damage":8,"enemies":"Red Slaver","floor":8,"turns":2},{"damage":34,"enemies":"Gremlin Nob","floor":10,"turns":5},{"damage":10,"enemies":"Looter","floor":13,"turns":2},{"damage":55,"enemies":"The Guardian","floor":16,"turns":7}],"event_choices":[{"event_name":"World of Goop","player_choice":"Gather Gold","floor":4,"damage_taken":0},{"event_name":"Match and Keep!","player_choice":"3 cards matched","floor":12,"damage_taken":0}],"boss_relics":[],"potions_floor_spawned":[2,8,10],"seed_played":"-428422734505467632","killed_by":"The Guardian","ascension_level":0,"is_trial":false}