{"gold_per_floor":[118,118,118,134,144,144,155,155,211,223,23,23,56,21,21,116,116,127,156,156,9,9,9,21,47,47,47],"floor_reached":27,"playtime":939,"items_purged":[],"score":275,"play_id":"fd4bcc0d-25b4-43a5-802d-e35d52e45c13","local_time":"20190606014141","is_ascension_mode":true,"campfire_choices":[{"data":"Blizzard","floor":6,"key":"SMITH"},{"data":"Biased Cognition","floor":8,"key":"SMITH"},{"data":"Redo","floor":12,"key":"SMITH"},{"floor":15,"key":"REST"},{"floor":23,"key":"REST"}],"neow_cost":"NONE","seed_source_timestamp":1324398719302000,"circlet_count":0,"master_deck":["Strike_B","Strike_B","Defend_B","Defend_B","Defend_B","Zap","Dualcast","Biased Cognition+1","Glacier","Ball Lightning","Blizzard+1","Self Repair","Redo+1","Biased Cognition","Blizzard","Buffer","Tempest","Redo","Core Surge","Cold Snap","Mind Blast","Rebound+1","Die Die Die"],"relics":["Cracked Core","Vajra","Tiny Chest","Membership Card","Ginger","Eternal Feather","Red Mask","PrismaticShard","Smiling Mask","Bag of Marbles"],"potions_floor_usage":[10,16,19],"damage_taken":[{"damage":7,"enemies":"Jaw Worm","floor":1,"turns":2},{"damage":0,"enemies":"Cultist","floor":4,"turns":3},{"damage":2,"enemies":"2 Louse","floor":5,"turns":2},{"damage":11,"enemies":"Large Slime","floor":7,"turns":4},{"damage":3,"enemies":"Blue Slaver","floor":10,"turns":2},{"damage":20,"enemies":"3 Sentries","floor":13,"turns":6},{"damage":36,"enemies":"The Guardian","floor":16,"turns":13},{"damage":26,"enemies":"2 Thieves","floor":18,"turns":4},{"damage":22,"enemies":"Masked Bandits","floor":19,"turns":4},{"damage":21,"enemies":"Shell Parasite","floor":24,"turns":3},{"damage":45,"enemies":"Slavers","floor":25,"turns":6},{"damage":18,"enemies":"Snecko","floor":27,"turns":3}],"seed_played":"5437313667036625585","potions_obtained":[{"floor":7,"key":"Poison Potion"},{"floor":13,"key":"Explosive Potion"},{"floor":18,"key":"Fire Potion"}],"is_trial":false,"path_per_floor":["M","?","?","M","M","R","M","R","T","M","$","R","E","$","R","B",null,"M","?","?","$","?","R","M","E","T","M"],"character_chosen":"DEFECT","items_purchased":["Membership Card","Blizzard","PrismaticShard","Mind Blast"],"campfire_rested":2,"item_purchase_floors":[11,14,21,21],"current_hp_per_floor":[68,61,61,61,59,59,48,48,48,52,52,52,39,39,61,32,75,56,34,34,34,34,68,47,9,9,0],"gold":47,"neow_bonus":"ONE_RANDOM_RARE_CARD","is_prod":false,"is_daily":false,"chose_seed":false,"campfire_upgraded":3,"win_rate":0,"timestamp":1559799701,"path_taken":["M","?","?","?","M","R","M","R","T","M","$","R","E","$","R","BOSS","M","?","?","$","?","R","M","E","T","M"],"build_version":"2019-06-05","purchased_purges":0,"victory":false,"max_hp_per_floor":[75,75,75,75,75,75,75,75,75,75,75,75,75,75,75,75,75,75,75,75,75,75,75,75,75,75,75],"card_choices":[{"not_picked":["Leap","Steam"],"picked":"Glacier","floor":1},{"not_picked":["Streamline","Gash"],"picked":"Ball Lightning","floor":4},{"not_picked":["Coolheaded","Darkness"],"picked":"Blizzard","floor":5},{"not_picked":["Steam Power","Coolheaded"],"picked":"Self Repair","floor":7},{"not_picked":["Turbo","Cold Snap"],"picked":"Redo","floor":10},{"not_picked":["Aggregate","Capacitor"],"picked":"Biased Cognition","floor":13},{"not_picked":["Amplify","Fission"],"picked":"Buffer","floor":16},{"not_picked":["Leap","Go for the Eyes"],"picked":"Tempest","floor":18},{"not_picked":["Gash","Cold Snap"],"picked":"Redo","floor":19},{"not_picked":["Riddle With Holes","Dodge and Roll"],"picked":"Rebound+1","floor":24},{"not_picked":["Rebound","Lockon"],"picked":"Die Die Die","floor":25}],"player_experience":976438,"relics_obtained":[{"floor":9,"key":"Tiny Chest"},{"floor":13,"key":"Ginger"},{"floor":19,"key":"Red Mask"},{"floor":25,"key":"Smiling Mask"},{"floor":26,"key":"Bag of Marbles"}],"event_choices":[{"damage_healed":0,"gold_gain":0,"player_choice":"Success","damage_taken":7,"relics_obtained":["Vajra"],"max_hp_gain":0,"max_hp_loss":0,"event_name":"Scrap Ooze","floor":2,"gold_loss":0},{"cards_removed":["Defend_B"],"damage_healed":0,"gold_gain":0,"player_choice":"Purged","damage_taken":0,"max_hp_gain":0,"max_hp_loss":0,"event_name":"Purifier","floor":3,"gold_loss":0},{"damage_healed":0,"gold_gain":0,"player_choice":"Fought Bandits","damage_taken":0,"max_hp_gain":0,"max_hp_loss":0,"event_name":"Masked Bandits","floor":19,"gold_loss":0},{"damage_healed":0,"gold_gain":0,"cards_transformed":["Strike_B","Strike_B"],"player_choice":"Became Test Subject","damage_taken":0,"max_hp_gain":0,"max_hp_loss":0,"event_name":"Drug Dealer","floor":20,"gold_loss":0,"cards_obtained":["Core Surge","Cold Snap"]},{"damage_healed":0,"gold_gain":0,"player_choice":"Ignored","damage_taken":0,"max_hp_gain":0,"max_hp_loss":0,"event_name":"Ghosts","floor":22,"gold_loss":0}],"is_beta":true,"boss_relics":[{"not_picked":["Coffee Dripper","Velvet Choker"],"picked":"Eternal Feather"}],"items_purged_floors":[],"is_endless":false,"potions_floor_spawned":[7,13,18],"killed_by":"Snecko","ascension_level":4}