{"gold_per_floor":[115,190,190,211,64,64,88,124,148,148,169,183,203,224,224,224],"floor_reached":16,"playtime":509,"items_purged":[],"score":120,"play_id":"c0c64333-4b1e-472a-9357-3051a9b2659b","local_time":"20180705013053","is_ascension_mode":true,"campfire_choices":[{"floor":6,"key":"REST"},{"floor":10,"key":"REST"},{"floor":15,"key":"REST"}],"neow_cost":"FIFTY_PERCENT_DAMAGE","seed_source_timestamp":265487446320551,"circlet_count":0,"master_deck":["Strike_R+1","Strike_R","Strike_R","Strike_R","Strike_R+1","Defend_R","Defend_R","Defend_R","Defend_R","Bash","Evolve","Power Through","Immolate","Wild Strike","Intimidate","Uppercut","Twin Strike","Hemokinesis","Iron Wave"],"relics":["Burning Blood","Golden Idol","Bronze Scales","Whetstone"],"potions_floor_usage":[8,12],"damage_taken":[{"damage":3,"enemies":"Jaw Worm","floor":1,"turns":5},{"damage":15,"enemies":"Small Slimes","floor":4,"turns":4},{"damage":6,"enemies":"2 Louse","floor":7,"turns":2},{"damage":42,"enemies":"Lagavulin","floor":8,"turns":6},{"damage":1,"enemies":"Looter","floor":11,"turns":3},{"damage":12,"enemies":"2 Fungi Beasts","floor":12,"turns":3},{"damage":1,"enemies":"Exordium Wildlife","floor":13,"turns":2},{"damage":0,"enemies":"Lots of Slimes","floor":14,"turns":1},{"damage":88,"enemies":"Slime Boss","floor":16,"turns":9}],"seed_played":"5081545734440738166","potions_obtained":[{"floor":4,"key":"Fire Potion"},{"floor":11,"key":"SkillPotion"},{"floor":13,"key":"Ancient Potion"}],"is_trial":false,"path_per_floor":["M","?","?","M","$","R","M","E","T","R","M","M","M","M","R"],"character_chosen":"IRONCLAD","items_purchased":["Immolate"],"campfire_rested":3,"item_purchase_floors":[5],"current_hp_per_floor":[51,40,40,31,31,57,57,21,21,47,52,46,51,57,83,0],"gold":224,"neow_bonus":"TWENTY_PERCENT_HP_BONUS","is_prod":false,"is_daily":false,"chose_seed":false,"campfire_upgraded":0,"win_rate":0,"timestamp":1530768653,"path_taken":["M","?","?","M","$","R","M","E","T","R","?","?","?","M","R","BOSS"],"build_version":"2018-07-03","purchased_purges":0,"victory":false,"max_hp_per_floor":[96,96,89,89,89,89,89,89,89,89,89,89,89,89,89,89],"card_choices":[{"not_picked":["Pommel Strike","Warcry"],"picked":"Evolve","floor":1},{"not_picked":["Disarm","Cleave"],"picked":"Power Through","floor":4},{"not_picked":["Body Slam","Corruption"],"picked":"Wild Strike","floor":7},{"not_picked":["Heavy Blade","Warcry"],"picked":"Intimidate","floor":8},{"not_picked":["Perfected Strike","Shrug It Off"],"picked":"Uppercut","floor":11},{"not_picked":["Fire Breathing","Heavy Blade"],"picked":"Twin Strike","floor":12},{"not_picked":["Heavy Blade","Corruption"],"picked":"Hemokinesis","floor":13},{"not_picked":["Heavy Blade","Combust"],"picked":"Iron Wave","floor":14}],"player_experience":379471,"relics_obtained":[{"floor":8,"key":"Bronze Scales"},{"floor":9,"key":"Whetstone"}],"event_choices":[{"event_name":"World of Goop","player_choice":"Gather Gold","floor":2,"damage_taken":0},{"event_name":"Golden Idol","player_choice":"Lose Max HP","floor":3,"damage_taken":0}],"boss_relics":[],"items_purged_floors":[],"is_endless":false,"potions_floor_spawned":[4,11,13],"killed_by":"Slime Boss","ascension_level":3}