{"gold_per_floor":[114,114,114,129,204,234,234,34,59,234,249,249,11,86,86,186,186,201,0,0,15,15,15,30,30,55,70,70,85,160,175,175,175],"floor_reached":33,"playtime":1725,"items_purged":[],"score":243,"play_id":"db82f61d-1df3-4ac3-b4bf-5be64e793478","local_time":"20181031180431","daily_mods":["Chimera","Red Cards","Binary"],"is_ascension_mode":false,"campfire_choices":[{"data":"Rampage","floor":7,"key":"SMITH"},{"floor":15,"key":"REST"},{"floor":23,"key":"REST"},{"floor":25,"key":"REST"},{"floor":32,"key":"REST"}],"neow_cost":"","seed_source_timestamp":0,"circlet_count":0,"master_deck":["Bash","Survivor","Zap","Defend_G","Defend_B","Rampage+1","Dropkick","Bash","Doubt","Leap","Hemokinesis","Sever Soul","Reaper","Exhume+1","Streamline+1","Steam+1","Steam+1","Enlightenment","Pummel","White Noise","Rip and Tear","Beam Cell","Clothesline+1","Sunder+1","Core Surge+1","Streamline+1"],"special_seed":17835,"relics":["Cracked Core","Ginger","DollysMirror","Blood Vial","Pen Nib","Runic Capacitor","Tiny Chest","Astrolabe","Molten Egg 2","Regal Pillow","Letter Opener"],"potions_floor_usage":[6,14,18,24,27,29],"damage_taken":[{"damage":0,"enemies":"Cultist","floor":1,"turns":4},{"damage":0,"enemies":"Jaw Worm","floor":4,"turns":4},{"damage":14,"enemies":"3 Sentries","floor":6,"turns":10},{"damage":0,"enemies":"2 Louse","floor":11,"turns":3},{"damage":20,"enemies":"Gremlin Nob","floor":14,"turns":4},{"damage":56,"enemies":"Hexaghost","floor":16,"turns":9},{"damage":8,"enemies":"2 Thieves","floor":18,"turns":4},{"damage":41,"enemies":"Shell Parasite","floor":21,"turns":5},{"damage":37,"enemies":"Sentry and Sphere","floor":24,"turns":6},{"damage":27,"enemies":"Cultist and Chosen","floor":27,"turns":5},{"damage":16,"enemies":"Shelled Parasite and Fungi","floor":29,"turns":6},{"damage":16,"enemies":"3 Cultists","floor":31,"turns":5},{"damage":90,"enemies":"Automaton","floor":33,"turns":6}],"seed_played":"6220949458261519383","potions_obtained":[{"floor":1,"key":"Block Potion"},{"floor":6,"key":"Fruit Juice"},{"floor":16,"key":"AttackPotion"},{"floor":21,"key":"GamblersBrew"},{"floor":24,"key":"Energy Potion"},{"floor":27,"key":"Explosive Potion"}],"is_trial":false,"path_per_floor":["M","?","?","M","?","E","R","$","T","?","M","T","$","?","R","B",null,"M","$","?","M","T","R","M","R","T","M","?","M","T","M","R","B"],"character_chosen":"DEFECT","items_purchased":["DollysMirror","Runic Capacitor","Hemokinesis","Enlightenment","Pummel","White Noise"],"campfire_rested":4,"item_purchase_floors":[8,13,13,19,19,19],"current_hp_per_floor":[75,80,73,73,62,48,48,48,48,48,50,50,50,37,62,8,85,77,77,77,42,42,67,32,57,57,32,32,18,18,8,48,0],"gold":175,"neow_bonus":"","is_prod":false,"is_daily":true,"chose_seed":false,"campfire_upgraded":1,"win_rate":0,"timestamp":1541023471,"path_taken":["M","?","?","M","?","E","R","$","T","?","?","?","$","?","R","BOSS","M","$","?","M","?","R","M","R","T","?","?","M","?","M","R","BOSS"],"build_version":"2018-10-30","purchased_purges":0,"victory":false,"max_hp_per_floor":[75,80,80,80,80,80,80,80,80,80,80,80,80,85,85,85,85,85,85,85,85,85,85,85,85,85,85,85,85,85,85,85,85],"card_choices":[{"not_picked":["Metallicize"],"picked":"Rampage","floor":1},{"not_picked":["Turbo"],"picked":"Dropkick","floor":4},{"not_picked":["Force Field","Fire Breathing"],"picked":"SKIP","floor":6},{"not_picked":["Perfected Strike"],"picked":"Leap","floor":11},{"not_picked":["Shrug It Off"],"picked":"Sever Soul","floor":14},{"not_picked":["Juggernaut"],"picked":"Reaper","floor":16},{"not_picked":["True Grit"],"picked":"Steam+1","floor":18},{"not_picked":["Steam"],"picked":"Beam Cell","floor":21},{"not_picked":["Body Slam+1"],"picked":"Clothesline+1","floor":24},{"not_picked":["Cold Snap+1"],"picked":"Sunder+1","floor":27},{"not_picked":["Sword Boomerang+1"],"picked":"Core Surge+1","floor":29},{"not_picked":["Ball Lightning+1"],"picked":"Streamline+1","floor":31}],"player_experience":731327,"relics_obtained":[{"floor":6,"key":"Ginger"},{"floor":9,"key":"Blood Vial"},{"floor":12,"key":"Pen Nib"},{"floor":14,"key":"Tiny Chest"},{"floor":22,"key":"Molten Egg 2"},{"floor":26,"key":"Regal Pillow"},{"floor":30,"key":"Letter Opener"}],"event_choices":[{"damage_healed":0,"gold_gain":0,"player_choice":"Donut","damage_taken":0,"max_hp_gain":5,"max_hp_loss":0,"event_name":"Big Fish","floor":2,"gold_loss":0},{"cards_removed":["Strike_B"],"damage_healed":0,"gold_gain":0,"player_choice":"Card Removal","damage_taken":7,"max_hp_gain":0,"max_hp_loss":0,"event_name":"Golden Wing","floor":3,"gold_loss":0},{"damage_healed":0,"gold_gain":75,"player_choice":"Gather Gold","damage_taken":11,"max_hp_gain":0,"max_hp_loss":0,"event_name":"World of Goop","floor":5,"gold_loss":0},{"damage_healed":0,"gold_gain":175,"player_choice":"AGREE","damage_taken":0,"max_hp_gain":0,"max_hp_loss":0,"event_name":"Liars Game","floor":10,"gold_loss":0,"cards_obtained":["Doubt"]},{"damage_healed":0,"gold_gain":0,"player_choice":"Searched \u00271\u0027 times","damage_taken":0,"max_hp_gain":0,"max_hp_loss":0,"event_name":"Dead Adventurer","floor":14,"gold_loss":0},{"damage_healed":0,"gold_gain":0,"player_choice":"Read","damage_taken":0,"max_hp_gain":0,"max_hp_loss":0,"event_name":"The Library","floor":20,"gold_loss":0,"cards_obtained":["Rip and Tear"]},{"damage_healed":0,"gold_gain":0,"player_choice":"Ignored","damage_taken":0,"max_hp_gain":0,"max_hp_loss":0,"event_name":"Beggar","floor":28,"gold_loss":0}],"is_beta":true,"boss_relics":[{"not_picked":["Runic Dome","Tiny House"],"picked":"Astrolabe"}],"items_purged_floors":[],"is_endless":false,"potions_floor_spawned":[1,6,16,21,24,27],"killed_by":"Automaton","ascension_level":0}