{"path_per_floor":["M","?","$","?","?","R","E","M","T","R","M","R","M","?","R","B",null,"M","$","?","?","?"],"character_chosen":"DEFECT","items_purchased":["Juzu Bracelet","Static Discharge","Sunder","Swift Strike"],"gold_per_floor":[115,190,42,42,42,42,85,110,110,110,133,133,148,213,213,336,336,350,112,0,0,0,0],"floor_reached":23,"campfire_rested":0,"playtime":1044,"current_hp_per_floor":[75,64,64,64,64,64,64,64,64,64,64,64,63,63,63,63,69,39,39,39,39,39,0],"items_purged":[],"gold":0,"score":260,"play_id":"90c7829d-0e95-440a-92e2-ea4f08ee0f51","local_time":"20180506213819","is_prod":false,"is_daily":false,"chose_seed":false,"is_ascension_mode":false,"campfire_upgraded":1,"timestamp":1525657099,"path_taken":["M","?","$","?","?","R","E","M","T","R","M","R","M","?","R","BOSS","M","$","?","?","?","E"],"build_version":"2018-05-03","seed_source_timestamp":1827304926346435,"purchased_purges":0,"victory":false,"master_deck":["Strike_B","Strike_B","Strike_B","Strike_B","Defend_B","Defend_B","Defend_B","Defend_B","Zap","Dualcast","Melter+1","White Noise","FTL","Streamline","Thunder Strike+1","Tempest","Static Discharge+1","Sunder","Swift Strike"],"max_hp_per_floor":[75,75,75,69,69,69,69,69,69,69,69,69,69,69,69,69,69,69,69,69,69,69,69],"relics":["Cracked Core","NeowsBlessing","Juzu Bracelet","Golden Idol","Girya","Cables","Inserter"],"card_choices":[{"not_picked":["Beam Cell","Sweeping Beam"],"picked":"Melter","floor":1},{"not_picked":["Multi-Cast","Hello World"],"picked":"White Noise","floor":7},{"not_picked":["Coolheaded","Go for the Eyes"],"picked":"FTL","floor":8},{"not_picked":["Hello World","Meteor Strike"],"picked":"Streamline","floor":13},{"not_picked":["Meteor Strike","Machine Learning"],"picked":"Thunder Strike","floor":16},{"not_picked":["Darkness","Leap"],"picked":"Tempest","floor":18}],"player_experience":155774,"potions_floor_usage":[16,16,18,23],"damage_taken":[{"damage":0,"enemies":"Jaw Worm","floor":1,"turns":1},{"damage":0,"enemies":"Lagavulin","floor":7,"turns":1},{"damage":0,"enemies":"Small Slimes","floor":8,"turns":1},{"damage":0,"enemies":"Cultist","floor":11,"turns":2},{"damage":1,"enemies":"2 Fungi Beasts","floor":13,"turns":2},{"damage":0,"enemies":"Slime Boss","floor":16,"turns":6},{"damage":30,"enemies":"3 Byrds","floor":18,"turns":5},{"damage":46,"enemies":"Book of Stabbing","floor":23,"turns":3}],"event_choices":[{"event_name":"World of Goop","player_choice":"Gather Gold","floor":2,"damage_taken":0},{"event_name":"Golden Idol","player_choice":"Lose Max HP","floor":4,"damage_taken":0},{"event_name":"The Lab","player_choice":"Got Potions","floor":5,"damage_taken":0},{"event_name":"Golden Wing","player_choice":"Gained Gold","floor":14,"damage_taken":0},{"event_name":"Masked Bandits","player_choice":"Paid Bandits 112 gold","floor":20,"damage_taken":0},{"event_name":"Accursed Blacksmith","player_choice":"Forge","floor":21,"damage_taken":0},{"event_name":"Upgrade Shrine","player_choice":"Upgraded","floor":22,"damage_taken":0}],"boss_relics":[{"not_picked":["Tiny House","Cursed Key"],"picked":"Inserter"}],"potions_floor_spawned":[1,8,18],"seed_played":"-7363374971284602906","killed_by":"Book of Stabbing","ascension_level":0,"is_trial":false}