{"gold_per_floor":[116,130,144,157,88,88,102,102,132,132,119,119,42,58,58,158,158,175,186,109,129,24,24,24],"floor_reached":24,"playtime":850,"items_purged":[],"score":219,"play_id":"0ebae00b-dc37-4419-a6b4-c49b1e860a8c","local_time":"20180702033225","is_ascension_mode":true,"campfire_choices":[{"data":"Corruption","floor":6,"key":"SMITH"},{"data":"Flex","floor":8,"key":"SMITH"},{"floor":12,"key":"REST"},{"data":"Pummel","floor":15,"key":"SMITH"},{"floor":23,"key":"REST"}],"neow_cost":"","seed_source_timestamp":13238674534961,"circlet_count":0,"master_deck":["Strike_R","Strike_R","Strike_R","Strike_R","Defend_R","Defend_R","Defend_R","Defend_R","Bash","Whirlwind","Cleave","Power Through","Corruption+1","Flex+1","Rage","Flex","Clash","Pummel+1","Feed","Clash","Power Through","J.A.X.","Demon Form","Dramatic Entrance"],"relics":["Black Blood","Tiny Chest"],"potions_floor_usage":[4,7,19],"damage_taken":[{"damage":5,"enemies":"Small Slimes","floor":1,"turns":4},{"damage":12,"enemies":"Jaw Worm","floor":2,"turns":3},{"damage":6,"enemies":"Cultist","floor":3,"turns":3},{"damage":14,"enemies":"Red Slaver","floor":4,"turns":2},{"damage":14,"enemies":"Looter","floor":7,"turns":4},{"damage":14,"enemies":"Exordium Thugs","floor":11,"turns":4},{"damage":4,"enemies":"Red Slaver","floor":14,"turns":3},{"damage":59,"enemies":"Slime Boss","floor":16,"turns":10},{"damage":0,"enemies":"3 Byrds","floor":18,"turns":5},{"damage":59,"enemies":"Chosen","floor":19,"turns":7},{"damage":6,"enemies":"3 Cultists","floor":21,"turns":3},{"damage":65,"enemies":"Book of Stabbing","floor":24,"turns":4}],"seed_played":"-2039575599828137806","potions_obtained":[{"floor":2,"key":"FearPotion"},{"floor":3,"key":"Dexterity Potion"},{"floor":16,"key":"Weak Potion"}],"is_trial":false,"path_per_floor":["M","M","M","M","$","R","M","R","T","?","M","R","$","M","R","B",null,"M","M","?","M","$","R"],"character_chosen":"IRONCLAD","items_purchased":["Corruption","Flex","Clash","Dramatic Entrance"],"campfire_rested":2,"item_purchase_floors":[5,13,13,22],"current_hp_per_floor":[80,74,74,66,66,66,58,58,58,51,43,67,67,69,69,16,80,80,31,31,35,35,59,0],"gold":24,"neow_bonus":"","is_prod":false,"is_daily":false,"chose_seed":false,"campfire_upgraded":3,"win_rate":0,"timestamp":1530516745,"path_taken":["M","M","M","M","$","R","M","R","T","?","?","R","$","M","R","BOSS","M","M","?","M","?","R","E"],"build_version":"2018-06-29","purchased_purges":0,"victory":false,"max_hp_per_floor":[80,80,80,80,80,80,80,80,80,80,80,80,80,80,80,80,80,80,80,80,80,80,80,80],"card_choices":[{"not_picked":["Thunderclap","Pommel Strike"],"picked":"Whirlwind","floor":1},{"not_picked":["Clash","Heavy Blade"],"picked":"Cleave","floor":2},{"not_picked":["Headbutt","Sword Boomerang"],"picked":"Power Through","floor":3},{"not_picked":["Sword Boomerang","Clothesline","Heavy Blade"],"picked":"SKIP","floor":4},{"not_picked":["Searing Blow","Twin Strike"],"picked":"Flex","floor":7},{"not_picked":["Searing Blow","True Grit"],"picked":"Rage","floor":11},{"not_picked":["Warcry","Wild Strike"],"picked":"Pummel","floor":14},{"not_picked":["Limit Break","Barricade"],"picked":"Feed","floor":16},{"not_picked":["Warcry","Body Slam"],"picked":"Clash","floor":18},{"not_picked":["Rupture","Twin Strike"],"picked":"Power Through","floor":19},{"not_picked":["Fire Breathing","Wild Strike"],"picked":"Demon Form","floor":21}],"player_experience":367357,"relics_obtained":[{"floor":9,"key":"Tiny Chest"}],"event_choices":[{"event_name":"Golden Wing","player_choice":"Card Removal","floor":10,"damage_taken":0},{"event_name":"Drug Dealer","player_choice":"Got JAXXED","floor":20,"damage_taken":0}],"boss_relics":[{"not_picked":["Runic Cube","Black Star"],"picked":"Black Blood"}],"items_purged_floors":[],"is_endless":false,"potions_floor_spawned":[2,3,16],"killed_by":"Book of Stabbing","ascension_level":3}