{"gold_per_floor":[118,20,20,32,46,46,61,61,61,78,78,94,94,110,110,210,210,222,222,222,210,27,27,60,79,79,79],"floor_reached":27,"playtime":1862,"items_purged":["Strike_G"],"score":273,"play_id":"1883b875-1afa-43c8-8688-4fa3ad1bea75","local_time":"20190610213128","is_ascension_mode":true,"campfire_choices":[{"data":"Deadly Poison","floor":6,"key":"SMITH"},{"data":"Deadly Poison","floor":11,"key":"SMITH"},{"floor":13,"key":"REST"},{"floor":15,"key":"REST"},{"data":"Mayhem","floor":23,"key":"SMITH"}],"neow_cost":"NONE","seed_source_timestamp":4827478570213133,"circlet_count":0,"master_deck":["Defend_G+1","Defend_G","Defend_G+1","Defend_G","Defend_G","Survivor","Neutralize","Escape Plan","Caltrops+1","Deadly Poison+1","All Out Attack+1","Cloak And Dagger","Footwork","Deadly Poison+1","Deflect","Deflect","Adrenaline","Prepared","Bite","Bite","Bite","Bite","Bite","Terror","Mayhem+1","Night Terror","Underhanded Strike+1"],"relics":["Ring of the Snake","Whetstone","War Paint","Runic Pyramid","Shuriken","Boot"],"potions_floor_usage":[25,25],"damage_taken":[{"damage":0,"enemies":"2 Louse","floor":1,"turns":4},{"damage":0,"enemies":"Cultist","floor":4,"turns":3},{"damage":0,"enemies":"Jaw Worm","floor":5,"turns":4},{"damage":21,"enemies":"Exordium Wildlife","floor":7,"turns":7},{"damage":3,"enemies":"Looter","floor":10,"turns":3},{"damage":9,"enemies":"Red Slaver","floor":12,"turns":3},{"damage":14,"enemies":"Gremlin Gang","floor":14,"turns":3},{"damage":53,"enemies":"Slime Boss","floor":16,"turns":15},{"damage":0,"enemies":"Chosen","floor":18,"turns":4},{"damage":12,"enemies":"2 Thieves","floor":21,"turns":4},{"damage":48,"enemies":"Slavers","floor":24,"turns":7},{"damage":14,"enemies":"Sentry and Sphere","floor":25,"turns":7},{"damage":14,"enemies":"Shelled Parasite and Fungi","floor":27,"turns":2}],"seed_played":"1950503772324840838","potions_obtained":[{"floor":1,"key":"GamblersBrew"},{"floor":4,"key":"SteroidPotion"},{"floor":7,"key":"Poison Potion"}],"is_trial":false,"path_per_floor":["M","$","?","M","M","R","M","T","T","M","R","M","R","M","R","B",null,"M","?","?","M","$","R","E","M","T","M"],"character_chosen":"THE_SILENT","items_purchased":["Deadly Poison","Mayhem"],"campfire_rested":2,"item_purchase_floors":[2,22],"current_hp_per_floor":[70,70,70,70,70,70,49,49,49,46,46,37,58,44,65,12,70,70,61,49,47,47,47,11,3,3,0],"gold":79,"neow_bonus":"THREE_CARDS","is_prod":false,"is_daily":false,"chose_seed":false,"campfire_upgraded":3,"win_rate":0,"timestamp":1560220288,"path_taken":["M","$","?","?","M","R","M","?","T","M","R","?","R","M","R","BOSS","M","?","?","M","$","R","E","M","T","M"],"build_version":"2019-01-23","purchased_purges":1,"victory":false,"max_hp_per_floor":[70,70,70,70,70,70,70,70,70,70,70,70,70,70,70,70,70,70,70,49,49,49,49,49,49,49,49],"card_choices":[{"not_picked":["Footwork","Underhanded Strike"],"picked":"Escape Plan","floor":0},{"not_picked":["Finisher","Leg Sweep"],"picked":"Caltrops","floor":1},{"not_picked":["Deflect","Flying Knee"],"picked":"All Out Attack","floor":4},{"not_picked":["Flying Knee","Acrobatics"],"picked":"Cloak And Dagger","floor":5},{"not_picked":["PiercingWail","Cloak And Dagger"],"picked":"Footwork","floor":7},{"not_picked":["Unload","Skewer"],"picked":"Deadly Poison","floor":10},{"not_picked":["All Out Attack","Underhanded Strike"],"picked":"Deflect","floor":12},{"not_picked":["Choke","PiercingWail"],"picked":"Deflect","floor":14},{"not_picked":["Doppelganger","Bullet Time"],"picked":"Adrenaline","floor":16},{"not_picked":["Dagger Spray","Slice"],"picked":"Prepared","floor":18},{"not_picked":["Slice+1","Underhanded Strike"],"picked":"Terror","floor":21},{"not_picked":["Bane","Leg Sweep"],"picked":"Night Terror","floor":24},{"not_picked":["Backflip","Choke"],"picked":"Underhanded Strike+1","floor":25}],"player_experience":75023,"relics_obtained":[{"floor":8,"key":"Whetstone"},{"floor":9,"key":"War Paint"},{"floor":24,"key":"Shuriken"},{"floor":26,"key":"Boot"}],"event_choices":[{"damage_healed":0,"gold_gain":0,"player_choice":"Upgraded","damage_taken":0,"max_hp_gain":0,"max_hp_loss":0,"event_name":"Upgrade Shrine","floor":3,"gold_loss":0,"cards_upgraded":["Caltrops"]},{"damage_healed":0,"gold_gain":0,"player_choice":"Stopped","damage_taken":9,"max_hp_gain":0,"max_hp_loss":0,"event_name":"Cursed Tome","floor":19,"gold_loss":0},{"damage_healed":0,"gold_gain":0,"player_choice":"Became a vampire","damage_taken":0,"max_hp_gain":0,"max_hp_loss":21,"event_name":"Vampires","floor":20,"gold_loss":0,"cards_obtained":["Bite","Bite","Bite","Bite","Bite"]}],"is_beta":false,"boss_relics":[{"not_picked":["WristBlade","Cursed Key"],"picked":"Runic Pyramid"}],"items_purged_floors":[2],"is_endless":false,"potions_floor_spawned":[1,4,7,16,18],"killed_by":"Shelled Parasite and Fungi","ascension_level":2}