{"gold_per_floor":[113,288,288,37,47,78,78,91,139,139,173,173,184,216,216,312,312,329,71,71,71,71,71,71],"floor_reached":24,"playtime":913,"items_purged":[],"score":242,"play_id":"a8175e22-9599-4501-8107-62755762a2b9","local_time":"20180914033018","is_ascension_mode":true,"campfire_choices":[{"floor":7,"key":"REST"},{"floor":10,"key":"REST"},{"floor":12,"key":"REST"},{"floor":15,"key":"REST"},{"floor":23,"key":"REST"}],"neow_cost":"TEN_PERCENT_HP_LOSS","seed_source_timestamp":604272900888590,"circlet_count":0,"master_deck":["Strike_B","Strike_B","Strike_B","Defend_B","Defend_B","Defend_B","Defend_B","Zap","Dualcast","All For One","Beam Cell","Doubt","Echo Form","Consume","FTL+1","Rebound+1","Rainbow","Lockon+1","Sunder+1","Thunder Strike+1","Glacier","RitualDagger+1","Shame"],"relics":["Cracked Core","Molten Egg 2","Ancient Tea Set","Anchor","Lantern","Dead Branch","Inserter","Symbiotic Virus","Pear","MutagenicStrength"],"potions_floor_usage":[13,14,18],"damage_taken":[{"damage":0,"enemies":"Small Slimes","floor":1,"turns":2},{"damage":12,"enemies":"Jaw Worm","floor":5,"turns":3},{"damage":40,"enemies":"3 Sentries","floor":6,"turns":8},{"damage":1,"enemies":"Cultist","floor":8,"turns":3},{"damage":35,"enemies":"Lagavulin","floor":11,"turns":5},{"damage":1,"enemies":"Looter","floor":13,"turns":2},{"damage":8,"enemies":"Gremlin Nob","floor":14,"turns":3},{"damage":47,"enemies":"The Guardian","floor":16,"turns":10},{"damage":38,"enemies":"3 Byrds","floor":18,"turns":4},{"damage":65,"enemies":"Gremlin Leader","floor":24,"turns":5}],"seed_played":"1537601143946346799","potions_obtained":[{"floor":11,"key":"FearPotion"},{"floor":13,"key":"GamblersBrew"},{"floor":16,"key":"Explosive Potion"}],"is_trial":false,"path_per_floor":["M","?","?","$","M","E","R","M","T","R","E","R","M","E","R","B",null,"M","$","?","?","?","R"],"character_chosen":"DEFECT","items_purchased":["Molten Egg 2","Symbiotic Virus"],"campfire_rested":5,"item_purchase_floors":[4,19],"current_hp_per_floor":[68,68,68,68,56,16,36,35,35,55,20,40,39,31,51,4,68,30,30,24,34,34,57,0],"gold":71,"neow_bonus":"THREE_RARE_CARDS","is_prod":false,"is_daily":false,"chose_seed":false,"campfire_upgraded":0,"win_rate":0,"timestamp":1536910218,"path_taken":["M","?","?","$","M","E","R","?","T","R","E","R","M","E","R","BOSS","M","?","?","?","?","R","E"],"build_version":"2018-09-12","purchased_purges":0,"victory":false,"max_hp_per_floor":[68,68,68,68,68,68,68,68,68,68,68,68,68,68,68,68,68,68,68,68,78,78,78,78],"card_choices":[{"not_picked":["Seek","Reboot"],"picked":"All For One","floor":0},{"not_picked":["Sweeping Beam","Rebound"],"picked":"Beam Cell","floor":1},{"not_picked":["Leap","Streamline+1"],"picked":"Consume","floor":5},{"not_picked":["Reinforced Body","Hello World"],"picked":"FTL+1","floor":6},{"not_picked":["Lockon+1","Reprogram"],"picked":"Rebound+1","floor":8},{"not_picked":["Steam","Hologram"],"picked":"Rainbow","floor":11},{"not_picked":["Force Field","Steam"],"picked":"Lockon+1","floor":13},{"not_picked":["Genetic Algorithm","Skim"],"picked":"Sunder+1","floor":14},{"not_picked":["Reboot","Hyperbeam+1"],"picked":"Thunder Strike+1","floor":16},{"not_picked":["Rebound+1","Cold Snap+1"],"picked":"Glacier","floor":18}],"player_experience":663766,"relics_obtained":[{"floor":6,"key":"Ancient Tea Set"},{"floor":9,"key":"Anchor"},{"floor":11,"key":"Lantern"},{"floor":14,"key":"Dead Branch"}],"event_choices":[{"event_name":"Liars Game","player_choice":"agreed","floor":2,"damage_taken":0},{"event_name":"Living Wall","player_choice":"Change","floor":3,"damage_taken":0},{"event_name":"Nest","player_choice":"Joined the Cult","floor":20,"damage_taken":0},{"event_name":"Addict","player_choice":"Stole Relic","floor":21,"damage_taken":0},{"event_name":"Drug Dealer","player_choice":"Inject Mutagens","floor":22,"damage_taken":0}],"is_beta":true,"boss_relics":[{"not_picked":["Busted Crown","Fusion Hammer"],"picked":"Inserter"}],"items_purged_floors":[],"is_endless":false,"potions_floor_spawned":[11,13,16],"killed_by":"Gremlin Leader","ascension_level":3}