{"gold_per_floor":[17,36,49,49,49,84,159,159,159,159,109,109,109,71,71,167,167,167,167,167,92,92,92,92,92,92,92,92,92,12,12,12,12,12,12,12,12,12,12,12,12,12,12,12,12,12,12,12],"floor_reached":48,"playtime":4112,"items_purged":[],"score":600,"play_id":"18bd39a8-8238-4e68-a54d-a611a12704b8","local_time":"20190626231356","is_ascension_mode":true,"campfire_choices":[{"data":"Genetic Algorithm","floor":8,"key":"SMITH"},{"data":"Chill","floor":10,"key":"SMITH"},{"floor":13,"key":"REST"},{"data":"Capacitor","floor":15,"key":"SMITH"},{"data":"RitualDagger","floor":23,"key":"SMITH"},{"floor":27,"key":"REST"},{"data":"Creative AI","floor":29,"key":"SMITH"},{"data":"Defragment","floor":32,"key":"SMITH"},{"floor":41,"key":"REST"}],"neow_cost":"NO_GOLD","seed_source_timestamp":6213741808182210,"circlet_count":0,"master_deck":["Strike_B","Strike_B+1","Defend_B","Defend_B","Zap","Dualcast","Genetic Algorithm+1","Glacier","Coolheaded+1","Chill+1","Capacitor+1","Creative AI+1","Go for the Eyes","BootSequence","RitualDagger+1","Leap","Defragment+1","Rainbow","Madness","Madness","Redo","Auto Shields","Go for the Eyes+1","Static Discharge"],"special_seed":0,"relics":["Cracked Core","Pocketwatch","Singing Bowl","Ectoplasm","Sundial","MawBank","Busted Crown","Bottled Tornado"],"potions_floor_usage":[44,45,45],"damage_taken":[{"damage":2.0,"enemies":"Jaw Worm","floor":1.0,"turns":3.0},{"damage":4.0,"enemies":"2 Louse","floor":2.0,"turns":3.0},{"damage":0.0,"enemies":"Small Slimes","floor":3.0,"turns":3.0},{"damage":10.0,"enemies":"3 Sentries","floor":6.0,"turns":11.0},{"damage":31,"enemies":"Slime Boss","floor":16,"turns":14},{"damage":1,"enemies":"Shell Parasite","floor":18,"turns":11},{"damage":3,"enemies":"Spheric Guardian","floor":20,"turns":8},{"damage":12,"enemies":"Snake Plant","floor":24,"turns":8},{"damage":27,"enemies":"Book of Stabbing","floor":25,"turns":10},{"damage":7,"enemies":"Cultist and Chosen","floor":28,"turns":10},{"damage":0,"enemies":"Centurion and Healer","floor":31,"turns":7},{"damage":0,"enemies":"Collector","floor":33,"turns":16},{"damage":25,"enemies":"Orb Walker","floor":35,"turns":5},{"damage":14,"enemies":"3 Darklings","floor":39,"turns":7},{"damage":14,"enemies":"4 Shapes","floor":40,"turns":9},{"damage":8,"enemies":"Spire Growth","floor":42,"turns":6},{"damage":10,"enemies":"Jaw Worm Horde","floor":44,"turns":5},{"damage":37,"enemies":"Writhing Mass","floor":45,"turns":10},{"damage":0,"enemies":"Maw","floor":47,"turns":11},{"damage":12,"enemies":"Spire Growth","floor":48,"turns":3}],"seed_played":"-8499010958783967063","potions_obtained":[{"floor":1.0,"key":"Ancient Potion"},{"floor":20,"key":"Regen Potion"},{"floor":24,"key":"Explosive Potion"},{"floor":35,"key":"SpeedPotion"},{"floor":47,"key":"PowerPotion"}],"is_trial":false,"path_per_floor":["M","M","M","?","?","E","?","R","T","R","?","?","R","$","R","B",null,"M","?","M","?","?","R","M","E","T","R","M","R","$","M","R","B",null,"M","?","?","$","M","M","R","M","T","M","M","?","M","M"],"character_chosen":"DEFECT","items_purchased":["Capacitor","Defragment"],"campfire_rested":3,"item_purchase_floors":[14,30],"current_hp_per_floor":[73,69,69,69,69,59,48,48,48,48,48,33,55,55,55,24,75,74,74,71,71,65,65,55,30,30,53,46,46,46,48,48,48,81,58,48,48,48,36,24,50,42,42,32,10,10,10,0],"gold":12,"neow_bonus":"ONE_RARE_RELIC","is_prod":false,"is_daily":false,"chose_seed":false,"campfire_upgraded":6,"win_rate":0,"timestamp":1561608836,"path_taken":["M","M","M","?","?","E","?","R","T","R","?","?","R","$","R","BOSS","M","?","?","?","?","R","M","E","T","R","M","R","?","M","R","BOSS","M","?","?","$","?","M","R","M","T","?","?","?","M","M"],"build_version":"2019-01-23","purchased_purges":0,"victory":false,"max_hp_per_floor":[75,75,75,75,75,75,75,75,75,75,75,75,75,75,75,75,75,75,75,75,75,75,75,77,79,79,79,79,79,79,81,81,81,81,83,83,83,83,85,87,87,87,87,87,87,87,87,87],"card_choices":[{"not_picked":["Fusion","Coolheaded"],"picked":"Genetic Algorithm","floor":1.0},{"not_picked":["White Noise","Conserve Battery"],"picked":"Glacier","floor":2.0},{"not_picked":["Ball Lightning","Rebound"],"picked":"Coolheaded","floor":3.0},{"not_picked":["Reprogram","Stack"],"picked":"Chill","floor":6},{"not_picked":["Hyperbeam","Reboot"],"picked":"Creative AI","floor":16},{"not_picked":["Compile Driver","Stack"],"picked":"Go for the Eyes","floor":18},{"not_picked":["Redo","Gash"],"picked":"BootSequence","floor":20},{"not_picked":["Ball Lightning","Rebound","Hologram"],"picked":"Singing Bowl","floor":24},{"not_picked":["Loop","Gash","Cold Snap+1"],"picked":"Singing Bowl","floor":25},{"not_picked":["Beam Cell","Coolheaded+1"],"picked":"Leap","floor":28},{"not_picked":["Stack","Rebound","Tempest"],"picked":"Singing Bowl","floor":31},{"not_picked":["Hyperbeam","Electrodynamics"],"picked":"Rainbow","floor":33},{"not_picked":["Gash"],"picked":"Singing Bowl","floor":35},{"not_picked":["Turbo"],"picked":"Singing Bowl","floor":39},{"not_picked":["Ball Lightning"],"picked":"Singing Bowl","floor":40},{"not_picked":[],"picked":"Redo","floor":42},{"not_picked":[],"picked":"Auto Shields","floor":44},{"not_picked":[],"picked":"Go for the Eyes+1","floor":45},{"not_picked":[],"picked":"Static Discharge","floor":47}],"player_experience":200572,"relics_obtained":[{"floor":9,"key":"Singing Bowl"},{"floor":25,"key":"Sundial"},{"floor":26,"key":"MawBank"},{"floor":43,"key":"Bottled Tornado"}],"event_choices":[{"damage_healed":0.0,"max_hp_gain":0.0,"max_hp_loss":0.0,"gold_gain":0.0,"event_name":"Liars Game","player_choice":"Ignored","floor":4.0,"gold_loss":0.0,"damage_taken":0.0},{"cards_removed":["Defend_B"],"damage_healed":0.0,"max_hp_gain":0.0,"max_hp_loss":0.0,"gold_gain":0.0,"event_name":"Living Wall","player_choice":"Forget","floor":5.0,"gold_loss":0.0,"damage_taken":0.0},{"damage_healed":0,"gold_gain":75,"player_choice":"Gather Gold","damage_taken":11,"max_hp_gain":0,"max_hp_loss":0,"event_name":"World of Goop","floor":7,"gold_loss":0},{"cards_removed":["Defend_B"],"damage_healed":0,"gold_gain":0,"player_choice":"Card Removal","damage_taken":0,"max_hp_gain":0,"max_hp_loss":0,"event_name":"The Cleric","floor":11,"gold_loss":50},{"damage_healed":0,"gold_gain":0,"player_choice":"Entered Light","damage_taken":15,"max_hp_gain":0,"max_hp_loss":0,"event_name":"Shining Light","floor":12,"gold_loss":0,"cards_upgraded":["Coolheaded","Strike_B"]},{"damage_healed":0,"gold_gain":0,"player_choice":"Leave","damage_taken":0,"max_hp_gain":0,"max_hp_loss":0,"event_name":"FaceTrader","floor":19,"gold_loss":0},{"cards_removed":["Strike_B"],"damage_healed":0,"gold_gain":0,"player_choice":"Gave Gold","damage_taken":0,"max_hp_gain":0,"max_hp_loss":0,"event_name":"Beggar","floor":21,"gold_loss":75},{"damage_healed":0,"gold_gain":0,"player_choice":"Joined the Cult","damage_taken":6,"max_hp_gain":0,"max_hp_loss":0,"event_name":"Nest","floor":22,"gold_loss":0,"cards_obtained":["RitualDagger"]},{"damage_healed":0,"gold_gain":0,"player_choice":"Embrace Madness","damage_taken":10,"max_hp_gain":0,"max_hp_loss":0,"event_name":"Winding Halls","floor":36,"gold_loss":0,"cards_obtained":["Madness","Madness"]},{"damage_healed":0,"gold_gain":0,"player_choice":"Ignored","damage_taken":0,"max_hp_gain":0,"max_hp_loss":0,"event_name":"Golden Shrine","floor":37,"gold_loss":0},{"cards_removed":["Strike_B"],"damage_healed":0,"gold_gain":0,"player_choice":"Removed Attack","damage_taken":0,"max_hp_gain":0,"max_hp_loss":0,"event_name":"Falling","floor":46,"gold_loss":0}],"is_beta":false,"boss_relics":[{"not_picked":["Pandora\u0027s Box","Lizard Tail"],"picked":"Ectoplasm"},{"not_picked":["Philosopher\u0027s Stone","Astrolabe"],"picked":"Busted Crown"}],"items_purged_floors":[],"is_endless":false,"potions_floor_spawned":[1,20,24,31,35,47],"killed_by":"Spire Growth","ascension_level":3}