{"path_per_floor":["M","?","M","M","$","E","?","E","T","?","M","R","E","?","R"],"character_chosen":"IRONCLAD","items_purchased":["Shrug It Off","Armaments"],"gold_per_floor":[118,118,133,152,81,110,110,138,187,152,168,168,198,198,198,198],"floor_reached":16,"campfire_rested":1,"playtime":1082,"item_purchase_floors":[5,5],"current_hp_per_floor":[77,74,77,76,76,22,48,18,18,38,44,80,78,78,78,0],"items_purged":[],"gold":198,"score":130,"play_id":"86c36d11-3a3b-461d-873f-5f02845b90cf","local_time":"20180521052404","is_prod":false,"is_daily":false,"chose_seed":false,"is_ascension_mode":true,"campfire_upgraded":1,"timestamp":1526894644,"campfire_choices":[{"floor":12,"key":"REST"},{"data":"True Grit","floor":15,"key":"SMITH"}],"path_taken":["M","?","M","M","$","E","?","E","T","?","M","R","E","?","R","BOSS"],"build_version":"2018-05-18","seed_source_timestamp":6160503171352,"purchased_purges":0,"victory":false,"master_deck":["Strike_R","Strike_R","Strike_R","Strike_R","Strike_R","Defend_R","Defend_R","Defend_R","Defend_R","Bash","Feel No Pain","Whirlwind","True Grit+1","Shrug It Off","Armaments","Intimidate","Cleave","Thunderclap","Injury"],"max_hp_per_floor":[80,80,80,80,80,80,80,80,80,80,80,80,80,80,80,80],"relics":["Burning Blood","Blue Candle","Art of War","Regal Pillow","Potion Belt","Lantern","Golden Idol"],"card_choices":[{"not_picked":["Anger","Rampage"],"picked":"Feel No Pain","floor":1},{"not_picked":["Battle Trance","Searing Blow"],"picked":"Whirlwind","floor":3},{"not_picked":["Clothesline","Berserk"],"picked":"True Grit","floor":4},{"not_picked":["Body Slam","Hemokinesis"],"picked":"Intimidate","floor":6},{"not_picked":["Clash","Blood for Blood","Searing Blow"],"picked":"SKIP","floor":8},{"not_picked":["Flex","Sword Boomerang"],"picked":"Cleave","floor":11},{"not_picked":["Wild Strike","Blood for Blood"],"picked":"Thunderclap","floor":13}],"player_experience":327205,"potions_floor_usage":[4,6,11,13,16],"damage_taken":[{"damage":9,"enemies":"Jaw Worm","floor":1,"turns":4},{"damage":3,"enemies":"2 Louse","floor":3,"turns":5},{"damage":7,"enemies":"Small Slimes","floor":4,"turns":4},{"damage":60,"enemies":"Lagavulin","floor":6,"turns":11},{"damage":36,"enemies":"Gremlin Nob","floor":8,"turns":6},{"damage":0,"enemies":"Blue Slaver","floor":11,"turns":7},{"damage":8,"enemies":"3 Sentries","floor":13,"turns":7},{"damage":81,"enemies":"Hexaghost","floor":16,"turns":16}],"relics_obtained":[{"floor":6,"key":"Art of War"},{"floor":8,"key":"Regal Pillow"},{"floor":9,"key":"Potion Belt"},{"floor":13,"key":"Lantern"}],"event_choices":[{"event_name":"Scrap Ooze","player_choice":"success","floor":2,"damage_taken":3},{"event_name":"Big Fish","player_choice":"Banana","floor":7,"damage_taken":0},{"event_name":"The Cleric","player_choice":"Healed","floor":10,"damage_taken":0},{"event_name":"Golden Idol","player_choice":"Take Wound","floor":14,"damage_taken":0}],"boss_relics":[],"items_purged_floors":[],"potions_floor_spawned":[1,4,8,11,13],"seed_played":"8136492947157719625","killed_by":"Hexaghost","ascension_level":2,"potions_obtained":[{"floor":1,"key":"SpeedPotion"},{"floor":4,"key":"GamblersBrew"},{"floor":8,"key":"Dexterity Potion"},{"floor":11,"key":"AttackPotion"},{"floor":13,"key":"Explosive Potion"}],"is_trial":false}