{"path_per_floor":["M","M","?","?","M","R","M","E","T","M","R","M","M","$","R","B",null,"M","?","M","?"],"character_chosen":"THE_SILENT","items_purchased":["Bronze Scales","Madness"],"gold_per_floor":[114,129,129,129,148,148,167,205,205,224,224,243,262,9,9,134,134,153,153,172,172,172],"floor_reached":22,"campfire_rested":1,"playtime":1386,"current_hp_per_floor":[64,64,64,47,46,46,45,25,25,6,65,63,58,58,58,32,65,46,46,32,32,0],"items_purged":[],"gold":172,"score":338,"play_id":"ca95d274-a882-4a72-a127-4b462a04b141","local_time":"20180413142854","daily_mods":["Insanity","Night Terrors","Hoarder"],"is_prod":false,"is_daily":true,"chose_seed":false,"is_ascension_mode":false,"campfire_upgraded":2,"timestamp":1523644134,"path_taken":["M","?","?","?","M","R","M","E","T","M","R","M","M","$","R","BOSS","M","?","?","?","M"],"build_version":"2018-04-12","seed_source_timestamp":0,"purchased_purges":0,"victory":false,"master_deck":["Reflex","Setup","Concentrate","Blur","Endless Agony","Catalyst","Outmaneuver","Distraction","A Thousand Cuts","Blur","Bouncing Flask","Finisher","Outmaneuver","Finisher","Caltrops","Deadly Poison","Escape Plan","Terror","Dagger Throw","Terror","Venomology","Infinite Blades","Underhanded Strike","Die Die Die","Bullet Time","Concentrate","Poisoned Stab","Prepared","Grand Finale","Blur","Cloak And Dagger","Infinite Blades","Well Laid Plans","Outmaneuver","Blade Dance","Well Laid Plans","Backflip","Escape Plan","Noxious Fumes","Outmaneuver","Cloak And Dagger","Wraith Form v2+1","Quick Slash","Infinite Blades","Defend_G","Accuracy+1","Leg Sweep","Escape Plan","Noxious Fumes","Well Laid Plans","Blur","Blur","Blur","Skewer","Skewer","Skewer","Accuracy","Accuracy","Accuracy","PiercingWail","PiercingWail","PiercingWail","Deadly Poison","Deadly Poison","Deadly Poison","Madness+1","Madness","Madness","Adrenaline","Adrenaline","Adrenaline","Deadly Poison+1","Deadly Poison+1","Deadly Poison+1","Deadly Poison+1","Deadly Poison+1","Deadly Poison+1"],"max_hp_per_floor":[70,70,70,70,70,70,70,70,70,70,65,65,65,65,65,65,65,65,65,65,65,65],"relics":["Ring of the Snake","Golden Idol","Bag of Marbles","Toolbox","Bronze Scales","Eternal Feather"],"card_choices":[{"not_picked":["Underhanded Strike","Distraction"],"picked":"Blur","floor":2},{"not_picked":["Dagger Throw","Dodge and Roll"],"picked":"Skewer","floor":7},{"not_picked":["Heel Hook","Malaise"],"picked":"Accuracy","floor":8},{"not_picked":["Dodge and Roll","Underhanded Strike"],"picked":"PiercingWail","floor":10},{"not_picked":["Quick Slash","Slice"],"picked":"Deadly Poison","floor":13},{"not_picked":["Burst","Wraith Form v2"],"picked":"Adrenaline","floor":16},{"not_picked":["Deflect","Underhanded Strike"],"picked":"Deadly Poison","floor":18},{"not_picked":["Quick Slash","Riddle With Holes"],"picked":"Deadly Poison","floor":20}],"player_experience":635028,"potions_floor_usage":[5,8,13,16,16,16,22],"damage_taken":[{"damage":6,"enemies":"Cultist","floor":1,"turns":3},{"damage":0,"enemies":"Small Slimes","floor":2,"turns":5},{"damage":1,"enemies":"Jaw Worm","floor":5,"turns":5},{"damage":1,"enemies":"Large Slime","floor":7,"turns":5},{"damage":20,"enemies":"3 Sentries","floor":8,"turns":7},{"damage":19,"enemies":"3 Louse","floor":10,"turns":3},{"damage":2,"enemies":"Blue Slaver","floor":12,"turns":4},{"damage":7,"enemies":"Large Slime","floor":13,"turns":6},{"damage":26,"enemies":"Hexaghost","floor":16,"turns":6},{"damage":19,"enemies":"Spheric Guardian","floor":18,"turns":4},{"damage":14,"enemies":"3 Byrds","floor":20,"turns":2},{"damage":33,"enemies":"Slaver and Parasite","floor":22,"turns":3}],"event_choices":[{"event_name":"Living Wall","player_choice":"Grow","floor":3,"damage_taken":0},{"event_name":"Golden Idol","player_choice":"Take Damage","floor":4,"damage_taken":0},{"event_name":"Beggar","player_choice":"Ignored","floor":19,"damage_taken":0},{"event_name":"Accursed Blacksmith","player_choice":"Ignore","floor":21,"damage_taken":0}],"boss_relics":[{"not_picked":["Philosopher\u0027s Stone","Tiny House"],"picked":"Eternal Feather"}],"potions_floor_spawned":[2,7,12,13,18],"seed_played":"-7209576087114707502","killed_by":"Slaver and Parasite","ascension_level":0,"is_trial":false}