{"gold_per_floor":[111,129,54,54,67,67,94,94,171,185,185,21,48,64,64,137,137,137,137,57,57,57,57,57,57,57,57,57,57,57,57,57,57,57,57,0,0,0,0,0,0],"floor_reached":41,"playtime":1829,"items_purged":["Strike_G"],"score":890,"play_id":"b593a5d8-a8ae-416a-9880-5f1fbda4e902","local_time":"20190511154004","is_ascension_mode":true,"campfire_choices":[{"data":"Dagger Spray","floor":6,"key":"SMITH"},{"data":"Neutralize","floor":8,"key":"SMITH"},{"data":"Cloak And Dagger","floor":11,"key":"SMITH"},{"data":"Noxious Fumes","floor":15,"key":"SMITH"},{"floor":23,"key":"REST"},{"floor":25,"key":"REST"},{"floor":27,"key":"REST"},{"data":"Wraith Form v2","floor":32,"key":"SMITH"},{"floor":40,"key":"RECALL"}],"neow_cost":"NONE","seed_source_timestamp":503382774090838,"circlet_count":0,"master_deck":["AscendersBane","Defend_G","Defend_G","Defend_G","Defend_G","Defend_G","Strike_G","Strike_G","Strike_G","Survivor","Neutralize+1","Dagger Spray+1","Predator","Flying Knee","Endless Agony","Cloak And Dagger+1","Noxious Fumes+1","Backflip","Wraith Form v2+1","Deflect","Infinite Blades","Crippling Poison","Backstab+1","After Image","PiercingWail"],"relics":["Ring of the Snake","Oddly Smooth Stone","Ornamental Fan","Kunai","Ectoplasm","Smiling Mask","Vajra","Boot","Fusion Hammer","Red Mask"],"potions_floor_usage":[7,24,24,31,33,33,41],"damage_taken":[{"damage":2,"enemies":"Jaw Worm","floor":1,"turns":6},{"damage":3,"enemies":"Cultist","floor":2,"turns":5},{"damage":0,"enemies":"Small Slimes","floor":5,"turns":2},{"damage":34,"enemies":"Lagavulin","floor":7,"turns":8},{"damage":1,"enemies":"Looter","floor":10,"turns":3},{"damage":11,"enemies":"3 Sentries","floor":13,"turns":7},{"damage":0,"enemies":"2 Fungi Beasts","floor":14,"turns":2},{"damage":10,"enemies":"Hexaghost","floor":16,"turns":11},{"damage":8,"enemies":"Chosen","floor":18,"turns":6},{"damage":5,"enemies":"2 Thieves","floor":20,"turns":4},{"damage":13,"enemies":"Sentry and Sphere","floor":21,"turns":6},{"damage":2,"enemies":"Centurion and Healer","floor":22,"turns":9},{"damage":34,"enemies":"Slavers","floor":24,"turns":6},{"damage":0,"enemies":"Snecko","floor":28,"turns":5},{"damage":18,"enemies":"Shelled Parasite and Fungi","floor":29,"turns":5},{"damage":1,"enemies":"Book of Stabbing","floor":31,"turns":6},{"damage":39,"enemies":"Collector","floor":33,"turns":13},{"damage":1,"enemies":"Orb Walker","floor":35,"turns":4},{"damage":0,"enemies":"3 Shapes","floor":37,"turns":4},{"damage":0,"enemies":"3 Darklings","floor":38,"turns":6},{"damage":3,"enemies":"Sphere and 2 Shapes","floor":39,"turns":7},{"damage":53,"enemies":"Reptomancer","floor":41,"turns":3}],"seed_played":"4902038861223937445","potions_obtained":[{"floor":1,"key":"Block Potion"},{"floor":7,"key":"Weak Potion"},{"floor":13,"key":"Energy Potion"},{"floor":16,"key":"LiquidBronze"},{"floor":24,"key":"PowerPotion"},{"floor":28,"key":"Poison Potion"},{"floor":31,"key":"SkillPotion"},{"floor":33,"key":"Weak Potion"},{"floor":39,"key":"GamblersBrew"}],"is_trial":false,"path_per_floor":["M","M","?","?","M","R","E","R","T","M","R","$","E","M","R","B",null,"M","?","M","M","M","R","E","R","T","R","M","M","?","E","R","B",null,"M","?","M","M","M","R","E"],"character_chosen":"THE_SILENT","items_purchased":["Noxious Fumes"],"campfire_rested":3,"item_purchase_floors":[12],"current_hp_per_floor":[63,60,60,72,72,72,38,38,38,37,37,37,26,26,26,16,58,50,50,45,32,30,51,17,38,38,59,59,41,41,40,40,1,54,53,53,53,53,50,50,0],"gold":0,"neow_bonus":"TEN_PERCENT_HP_BONUS","is_prod":false,"is_daily":false,"chose_seed":false,"campfire_upgraded":5,"win_rate":0,"timestamp":1557614404,"path_taken":["M","M","?","?","M","R","E","R","T","M","R","$","E","M","R","BOSS","M","?","M","?","M","R","E","R","T","R","M","M","?","E","R","BOSS","M","?","M","M","M","R","E"],"build_version":"2019-01-23","purchased_purges":1,"victory":false,"max_hp_per_floor":[72,72,72,72,72,72,72,72,72,72,72,72,72,72,72,72,72,72,72,72,72,72,72,72,72,72,72,72,72,72,72,72,72,72,72,72,72,72,72,72,72],"card_choices":[{"not_picked":["Setup","Cloak And Dagger"],"picked":"Dagger Spray","floor":1},{"not_picked":["PiercingWail","Cloak And Dagger"],"picked":"Predator","floor":2},{"not_picked":["Deadly Poison","Setup"],"picked":"Flying Knee","floor":5},{"not_picked":["Sucker Punch","Deadly Poison"],"picked":"Endless Agony","floor":7},{"not_picked":["Flying Knee","Tools of the Trade"],"picked":"Cloak And Dagger","floor":10},{"not_picked":["Bane","Concentrate"],"picked":"Backflip","floor":13},{"not_picked":["Acrobatics","Bane","Poisoned Stab"],"picked":"SKIP","floor":14},{"not_picked":["Unload","Venomology"],"picked":"Wraith Form v2","floor":16},{"not_picked":["Skewer","Flechettes"],"picked":"Deflect","floor":18},{"not_picked":["Reflex","Dagger Throw","Poisoned Stab"],"picked":"SKIP","floor":20},{"not_picked":["Dodge and Roll+1","Heel Hook"],"picked":"Infinite Blades","floor":21},{"not_picked":["Slice+1","Dagger Spray"],"picked":"Crippling Poison","floor":22},{"not_picked":["Cloak And Dagger","Quick Slash"],"picked":"Backstab+1","floor":24},{"not_picked":["Prepared","Catalyst","Endless Agony"],"picked":"SKIP","floor":28},{"not_picked":["Concentrate","Poisoned Stab+1","Acrobatics"],"picked":"SKIP","floor":29},{"not_picked":["Caltrops","Deflect+1","Night Terror"],"picked":"SKIP","floor":31},{"not_picked":["Corpse Explosion","Bullet Time"],"picked":"After Image","floor":33},{"not_picked":["Deflect","Deadly Poison+1","Acrobatics"],"picked":"SKIP","floor":35},{"not_picked":["All Out Attack+1","Slice"],"picked":"PiercingWail","floor":37},{"not_picked":["Catalyst","Deadly Poison","Flying Knee"],"picked":"SKIP","floor":38},{"not_picked":["Dagger Throw+1","Escape Plan","Quick Slash"],"picked":"SKIP","floor":39}],"player_experience":705078,"relics_obtained":[{"floor":7,"key":"Oddly Smooth Stone"},{"floor":9,"key":"Ornamental Fan"},{"floor":13,"key":"Kunai"},{"floor":24,"key":"Smiling Mask"},{"floor":26,"key":"Vajra"},{"floor":31,"key":"Boot"}],"event_choices":[{"cards_removed":["Strike_G"],"damage_healed":0,"gold_gain":0,"player_choice":"Card Removal","damage_taken":0,"max_hp_gain":0,"max_hp_loss":0,"event_name":"The Cleric","floor":3,"gold_loss":75},{"damage_healed":12,"gold_gain":0,"player_choice":"Full Heal","damage_taken":0,"max_hp_gain":0,"max_hp_loss":0,"event_name":"Wheel of Change","floor":4,"gold_loss":0},{"damage_healed":0,"gold_gain":0,"player_choice":"Got Potions","damage_taken":0,"max_hp_gain":0,"max_hp_loss":0,"event_name":"Lab","floor":19,"gold_loss":0},{"damage_healed":0,"gold_gain":0,"player_choice":"Ignored","damage_taken":0,"max_hp_gain":0,"max_hp_loss":0,"event_name":"Cursed Tome","floor":30,"gold_loss":0},{"damage_healed":0,"gold_gain":0,"player_choice":"Paid","damage_taken":0,"relics_obtained":["Red Mask"],"max_hp_gain":0,"max_hp_loss":0,"event_name":"Tomb of Lord Red Mask","floor":36,"gold_loss":57}],"is_beta":false,"boss_relics":[{"not_picked":["Snecko Eye","WristBlade"],"picked":"Ectoplasm"},{"not_picked":["Calling Bell","Philosopher\u0027s Stone"],"picked":"Fusion Hammer"}],"items_purged_floors":[12],"is_endless":false,"potions_floor_spawned":[1,7,13,16,21,24,28,31,33,39],"killed_by":"Reptomancer","ascension_level":20}