{"gold_per_floor":[369,369,382,39,39,39,57,92,139,139,164,164,175,194,194,271,271],"floor_reached":17,"playtime":537,"items_purged":[],"score":330,"play_id":"94d07c23-07d3-4852-abac-ff08e942a93f","local_time":"20190606211235","is_ascension_mode":true,"campfire_choices":[{"floor":6,"key":"REST"},{"floor":10,"key":"REST"},{"floor":12,"key":"REST"},{"data":"Well Laid Plans","floor":15,"key":"SMITH"}],"neow_cost":"TEN_PERCENT_HP_LOSS","seed_source_timestamp":1966830641152416,"circlet_count":0,"master_deck":["AscendersBane","Defend_G","Defend_G","Defend_G","Defend_G","Defend_G","Strike_G","Survivor","Neutralize","Deadly Poison","Quick Slash","Deadly Poison","Well Laid Plans+1","Noxious Fumes","Backflip","Poisoned Stab","Infinite Blades","Catalyst","Wraith Form v2","Unload+1","Prepared+1","A Thousand Cuts+1"],"relics":["Ring of the Snake","The Specimen","Dream Catcher","Ninja Scroll","Centennial Puzzle","Darkstone Periapt","Astrolabe"],"potions_floor_usage":[8],"damage_taken":[{"damage":4,"enemies":"Small Slimes","floor":1,"turns":6},{"damage":2,"enemies":"Jaw Worm","floor":3,"turns":4},{"damage":0,"enemies":"2 Louse","floor":7,"turns":4},{"damage":20,"enemies":"Lagavulin","floor":8,"turns":6},{"damage":26,"enemies":"Gremlin Nob","floor":11,"turns":4},{"damage":9,"enemies":"Red Slaver","floor":13,"turns":4},{"damage":3,"enemies":"Large Slime","floor":14,"turns":5},{"damage":15,"enemies":"The Guardian","floor":16,"turns":8}],"seed_played":"-2910830611753935608","potions_obtained":[{"floor":3,"key":"Poison Potion"},{"floor":11,"key":"SmokeBomb"},{"floor":16,"key":"SpeedPotion"}],"is_trial":false,"path_per_floor":["M","?","M","$","?","R","M","E","T","R","E","R","M","M","R","B",null],"character_chosen":"THE_SILENT","items_purchased":["The Specimen"],"campfire_rested":3,"item_purchase_floors":[4],"current_hp_per_floor":[55,48,46,46,20,38,38,18,18,36,10,28,19,16,16,1,1],"gold":271,"neow_bonus":"TWO_FIFTY_GOLD","is_prod":false,"is_daily":false,"chose_seed":false,"campfire_upgraded":1,"win_rate":0,"timestamp":1559880755,"path_taken":["M","?","M","$","?","R","M","E","T","R","E","R","M","M","R","BOSS"],"build_version":"2019-01-23","purchased_purges":0,"victory":false,"max_hp_per_floor":[60,60,60,60,60,60,60,60,60,60,60,60,60,60,60,60,60],"card_choices":[{"not_picked":["Outmaneuver","Riddle With Holes"],"picked":"Deadly Poison","floor":1},{"not_picked":["Slice","Caltrops"],"picked":"Quick Slash","floor":3},{"not_picked":["Flying Knee","Acrobatics"],"picked":"Deadly Poison","floor":6},{"not_picked":["Blur","Cloak And Dagger"],"picked":"Well Laid Plans","floor":7},{"not_picked":["Well Laid Plans","Night Terror","Accuracy"],"picked":"SKIP","floor":8},{"not_picked":["Flying Knee","Underhanded Strike"],"picked":"Noxious Fumes","floor":10},{"not_picked":["Heel Hook","Sucker Punch"],"picked":"Backflip","floor":11},{"not_picked":["Flying Knee","Bane"],"picked":"Poisoned Stab","floor":12},{"not_picked":["Heel Hook","Sucker Punch"],"picked":"Infinite Blades","floor":13},{"not_picked":["Finisher","Deflect"],"picked":"Catalyst","floor":14},{"not_picked":["Doppelganger","Venomology"],"picked":"Wraith Form v2","floor":16}],"player_experience":777428,"relics_obtained":[{"floor":8,"key":"Ninja Scroll"},{"floor":9,"key":"Centennial Puzzle"},{"floor":11,"key":"Darkstone Periapt"}],"event_choices":[{"cards_removed":["Strike_G"],"damage_healed":0,"gold_gain":0,"player_choice":"Card Removal","damage_taken":7,"max_hp_gain":0,"max_hp_loss":0,"event_name":"Golden Wing","floor":2,"gold_loss":0},{"damage_healed":0,"gold_gain":0,"player_choice":"Success","damage_taken":26,"relics_obtained":["Dream Catcher"],"max_hp_gain":0,"max_hp_loss":0,"event_name":"Scrap Ooze","floor":5,"gold_loss":0}],"is_beta":false,"boss_relics":[{"not_picked":["White Beast Statue","Ring of the Serpent"],"picked":"Astrolabe"}],"items_purged_floors":[],"is_endless":false,"potions_floor_spawned":[3,11,16],"ascension_level":20}