{"gold_per_floor":[112,129,129,143,154,154,189,208,280,280,309,309,309,338,338,415,415,415,415,415,330,330,330,330,330,330,330,115,115,115,115,115,115,115],"floor_reached":34,"playtime":1373,"items_purged":["Strike_B"],"score":809,"play_id":"708a9c63-3ba3-49c2-8e12-aad9e6e75a14","local_time":"20181113195324","is_ascension_mode":true,"campfire_choices":[{"floor":6.0,"key":"REST"},{"floor":12.0,"key":"REST"},{"data":"Defragment","floor":15.0,"key":"SMITH"},{"floor":24,"key":"REST"},{"floor":32,"key":"REST"}],"neow_cost":"PERCENT_DAMAGE","seed_source_timestamp":0,"circlet_count":0,"master_deck":["AscendersBane","Strike_B","Strike_B","Strike_B","Defend_B","Defend_B","Defend_B","Defend_B","Zap","Dualcast","Reinforced Body","Ball Lightning","Chill","Compile Driver","Darkness+1","Hologram+1","White Noise+1","Biased Cognition","Defragment+1","Multi-Cast+1","Writhe","Coolheaded+1","Reinforced Body+1","Core Surge","Coolheaded+1","Conserve Battery+1","Stack+1","Seek+1"],"special_seed":0,"relics":["Cracked Core","Toxic Egg 2","Letter Opener","Shovel","Ancient Tea Set","Ectoplasm","Ice Cream","Pear","Gremlin Horn","Gambling Chip","Centennial Puzzle","Regal Pillow","Nuclear Battery"],"potions_floor_usage":[27,29],"damage_taken":[{"damage":7.0,"enemies":"Jaw Worm","floor":1.0,"turns":4.0},{"damage":9.0,"enemies":"Small Slimes","floor":2.0,"turns":5.0},{"damage":3.0,"enemies":"2 Louse","floor":4.0,"turns":2.0},{"damage":19.0,"enemies":"Exordium Thugs","floor":5.0,"turns":5.0},{"damage":28.0,"enemies":"Lagavulin","floor":7.0,"turns":6.0},{"damage":2.0,"enemies":"Blue Slaver","floor":8.0,"turns":4.0},{"damage":9.0,"enemies":"3 Sentries","floor":11.0,"turns":5.0},{"damage":13.0,"enemies":"Lagavulin","floor":14.0,"turns":5.0},{"damage":16.0,"enemies":"Hexaghost","floor":16.0,"turns":9.0},{"damage":4.0,"enemies":"Chosen","floor":18.0,"turns":4.0},{"damage":17.0,"enemies":"Colosseum Slavers","floor":19.0,"turns":6.0},{"damage":41.0,"enemies":"Colosseum Nobs","floor":19.0,"turns":5.0},{"damage":1.0,"enemies":"Spheric Guardian","floor":22.0,"turns":3.0},{"damage":0,"enemies":"Snake Plant","floor":25,"turns":2},{"damage":41,"enemies":"Book of Stabbing","floor":27,"turns":5},{"damage":5,"enemies":"Cultist and Chosen","floor":29,"turns":4},{"damage":0,"enemies":"Centurion and Healer","floor":30,"turns":6},{"damage":0,"enemies":"3 Cultists","floor":31,"turns":6},{"damage":10,"enemies":"Collector","floor":33,"turns":12}],"seed_played":"-7197954048527629000","potions_obtained":[{"floor":1.0,"key":"Energy Potion"},{"floor":4.0,"key":"SkillPotion"},{"floor":8.0,"key":"AttackPotion"},{"floor":14.0,"key":"FocusPotion"},{"floor":18.0,"key":"AttackPotion"},{"floor":25,"key":"FocusPotion"},{"floor":27,"key":"Explosive Potion"},{"floor":29,"key":"SteroidPotion"},{"floor":33,"key":"FearPotion"}],"is_trial":false,"path_per_floor":["M","M","?","M","M","R","E","M","T","?","E","R","?","E","R","B",null,"M","?","?","?","M","?","R","M","T","E","$","M","M","M","R","B",null],"character_chosen":"DEFECT","items_purchased":["Coolheaded+1","FocusPotion"],"campfire_rested":4,"item_purchase_floors":[28,28],"current_hp_per_floor":[53,44,44,41,22,47,19,17,17,22,13,40,40,27,27,11,70,66,18,18,18,17,17,54,54,54,13,13,8,8,8,53,43,86],"gold":115,"neow_bonus":"TWENTY_PERCENT_HP_BONUS","is_prod":false,"is_daily":false,"chose_seed":false,"campfire_upgraded":1,"win_rate":0,"timestamp":1542164004,"path_taken":["M","M","?","M","M","R","E","M","T","?","E","R","?","E","R","BOSS","M","?","?","?","M","?","M","M","T","E","$","M","M","M","R","BOSS"],"build_version":"2018-11-08","purchased_purges":1,"victory":false,"max_hp_per_floor":[85,85,85,85,85,85,85,85,85,90,90,90,90,90,90,90,90,90,100,100,100,100,100,100,100,100,100,100,100,100,100,100,100,100],"card_choices":[{"not_picked":["Turbo","Leap"],"picked":"Reinforced Body","floor":1.0},{"not_picked":["Stack","Defragment"],"picked":"Ball Lightning","floor":2.0},{"not_picked":["Conserve Battery","Lockon"],"picked":"Chill","floor":4.0},{"not_picked":["Stack","Leap"],"picked":"Compile Driver","floor":5.0},{"not_picked":["Melter","Reinforced Body"],"picked":"Darkness","floor":7.0},{"not_picked":["Leap+1","Skim+1"],"picked":"Hologram+1","floor":8.0},{"not_picked":["Melter","Lockon","Turbo+1"],"picked":"SKIP","floor":11.0},{"not_picked":["BootSequence+1","White Noise+1"],"picked":"Defragment","floor":14.0},{"not_picked":["Seek+1","All For One"],"picked":"Multi-Cast+1","floor":16.0},{"not_picked":["Gash+1","Hologram+1","Scrape"],"picked":"SKIP","floor":18.0},{"not_picked":["Gash","Hologram+1","Redo+1"],"picked":"SKIP","floor":22.0},{"not_picked":["Static Discharge","Capacitor+1"],"picked":"Reinforced Body+1","floor":25},{"not_picked":["Steam Power+1","Streamline"],"picked":"Core Surge","floor":27},{"not_picked":["Steam+1","Sweeping Beam"],"picked":"Conserve Battery+1","floor":29},{"not_picked":["Tempest+1","Ball Lightning"],"picked":"Stack+1","floor":30},{"not_picked":["Go for the Eyes","Steam+1","Lockon"],"picked":"SKIP","floor":31},{"not_picked":["Biased Cognition","Echo Form"],"picked":"Seek+1","floor":33}],"player_experience":620668,"relics_obtained":[{"floor":7.0,"key":"Toxic Egg 2"},{"floor":9.0,"key":"Letter Opener"},{"floor":11.0,"key":"Shovel"},{"floor":14.0,"key":"Ancient Tea Set"},{"floor":19.0,"key":"Ice Cream"},{"floor":19.0,"key":"Pear"},{"floor":26,"key":"Centennial Puzzle"},{"floor":27,"key":"Regal Pillow"}],"event_choices":[{"damage_healed":0.0,"max_hp_gain":0.0,"max_hp_loss":0.0,"gold_gain":0.0,"event_name":"Liars Game","player_choice":"Ignored","floor":3.0,"gold_loss":0.0,"damage_taken":0.0},{"damage_healed":0.0,"max_hp_gain":5.0,"max_hp_loss":0.0,"gold_gain":0.0,"event_name":"Big Fish","player_choice":"Donut","floor":10.0,"gold_loss":0.0,"damage_taken":0.0},{"damage_healed":0.0,"max_hp_gain":0.0,"max_hp_loss":0.0,"gold_gain":0.0,"event_name":"Match and Keep!","player_choice":"2 cards matched","floor":13.0,"gold_loss":0.0,"damage_taken":0.0,"cards_obtained":["White Noise","Biased Cognition"]},{"damage_healed":0.0,"max_hp_gain":0.0,"max_hp_loss":0.0,"gold_gain":0.0,"event_name":"Colosseum","player_choice":"Fight","floor":19.0,"gold_loss":0.0,"damage_taken":0.0},{"damage_healed":0.0,"max_hp_gain":0.0,"max_hp_loss":0.0,"gold_gain":0.0,"event_name":"Colosseum","player_choice":"Fought Nobs","floor":19.0,"gold_loss":0.0,"damage_taken":0.0},{"damage_healed":0.0,"max_hp_gain":0.0,"max_hp_loss":0.0,"gold_gain":0.0,"event_name":"The Mausoleum","player_choice":"Opened","floor":20.0,"gold_loss":0.0,"damage_taken":0.0,"relics_obtained":["Gremlin Horn"],"cards_obtained":["Writhe"]},{"damage_healed":0.0,"max_hp_gain":0.0,"max_hp_loss":0.0,"gold_gain":0.0,"event_name":"Addict","player_choice":"Obtained Relic","floor":21.0,"gold_loss":85.0,"damage_taken":0.0,"relics_obtained":["Gambling Chip"]},{"damage_healed":0.0,"max_hp_gain":0.0,"max_hp_loss":0.0,"gold_gain":0.0,"event_name":"The Library","player_choice":"Read","floor":23.0,"gold_loss":0.0,"damage_taken":0.0,"cards_obtained":["Coolheaded"]}],"is_beta":false,"boss_relics":[{"not_picked":["Snecko Eye","Philosopher\u0027s Stone"],"picked":"Ectoplasm"},{"not_picked":["Calling Bell","Tiny House"],"picked":"Nuclear Battery"}],"items_purged_floors":[28],"is_endless":false,"potions_floor_spawned":[1,4,8,14,18,25,27,29,33],"ascension_level":20}