{"path_per_floor":["M","?","$","?","T","E","M","M","T","?","M","R","?","M","R","B",null,"M","?","M","?","M","R","M","R","T","M","R","?","E","?","R","B",null,"M","?","?","?","M","M","R","$","T","R","M","R","M","M","R"],"character_chosen":"IRONCLAD","items_purchased":["Limit Break","Bottled Flame"],"gold_per_floor":[112,62,62,62,62,89,101,113,113,175,195,195,216,228,228,330,330,341,341,360,360,373,373,393,393,393,412,412,412,446,446,446,543,543,554,554,554,554,570,582,582,167,191,191,207,207,224,235,235,235],"floor_reached":50,"campfire_rested":0,"playtime":3549,"current_hp_per_floor":[83,83,83,66,66,53,62,77,77,70,77,77,88,97,97,85,107,94,55,46,46,53,58,43,53,53,64,64,64,58,42,52,26,70,70,70,70,70,70,49,61,61,61,73,73,73,73,73,73,0],"items_purged":[],"gold":235,"score":537,"play_id":"38df4712-16d4-4130-a424-46033220d73b","local_time":"20180507231324","is_prod":false,"is_daily":false,"chose_seed":false,"is_ascension_mode":false,"campfire_upgraded":10,"timestamp":1525749204,"path_taken":["M","?","$","?","?","E","M","?","T","?","M","R","?","M","R","BOSS","M","?","M","?","?","R","M","R","T","M","R","?","E","?","R","BOSS","M","?","?","?","M","M","R","$","T","R","?","R","?","M","R","BOSS"],"build_version":"2018-05-03","seed_source_timestamp":1916888575631470,"purchased_purges":0,"victory":false,"master_deck":["Strike_R","Strike_R","Strike_R","Defend_R","Defend_R+1","Defend_R+1","Defend_R","Bash","Feed","Iron Wave","Rage","Iron Wave+1","Reaper+1","Dual Wield+1","Flame Barrier+1","Barricade+1","Fire Breathing+1","Ghostly+1","Ghostly+1","Ghostly+1","Ghostly+1","Ghostly+1","Armaments+1","Double Tap","Spot Weakness+1","Rampage+1","Ghostly+1","Flex","Demon Form+1","Battle Trance","Decay","Bloodletting+1","Armaments+1","Limit Break+1","Writhe","Fire Breathing+1","Infernal Blade+1"],"max_hp_per_floor":[83,83,83,83,83,86,89,92,92,95,95,95,98,101,101,107,107,110,55,55,55,58,58,61,61,61,64,64,64,67,67,67,70,70,70,70,70,70,70,73,73,73,73,73,73,73,73,73,73,73],"relics":["Burning Blood","Molten Egg 2","Happy Flower","Question Card","Bronze Scales","Odd Mushroom","Eternal Feather","Anchor","Bottled Lightning","Enchiridion","Cursed Key","Bottled Flame","Prayer Wheel"],"card_choices":[{"not_picked":["Twin Strike","Body Slam"],"picked":"Iron Wave","floor":1},{"not_picked":["Hemokinesis","Wild Strike"],"picked":"Rage","floor":6},{"not_picked":["Wild Strike","Armaments"],"picked":"Iron Wave","floor":7},{"not_picked":["Perfected Strike","Clothesline","Carnage"],"picked":"Reaper","floor":10},{"not_picked":["Perfected Strike","Anger","Evolve"],"picked":"Dual Wield","floor":11},{"not_picked":["Armaments","Thunderclap","Entrench"],"picked":"Flame Barrier","floor":14},{"not_picked":["Limit Break","Impervious","Juggernaut"],"picked":"Barricade","floor":16},{"not_picked":["Shrug It Off","Perfected Strike","Pommel Strike"],"picked":"Fire Breathing","floor":18},{"not_picked":["Wild Strike","Cleave","Clothesline"],"picked":"Armaments","floor":20},{"not_picked":["Headbutt","Flex","Anger"],"picked":"Double Tap","floor":22},{"not_picked":["True Grit","Searing Blow","Whirlwind"],"picked":"Spot Weakness","floor":24},{"not_picked":["Perfected Strike","Pommel Strike","Headbutt"],"picked":"Rampage","floor":27},{"not_picked":["Uppercut","Anger","Body Slam"],"picked":"Flex","floor":30},{"not_picked":["Berserk","Brutality","Dark Embrace"],"picked":"Demon Form","floor":33},{"not_picked":["Perfected Strike","Heavy Blade","Feel No Pain"],"picked":"Battle Trance","floor":35},{"not_picked":["Iron Wave","Dark Embrace","Clothesline"],"picked":"Bloodletting","floor":39},{"not_picked":["Cleave","Anger","Warcry"],"picked":"Armaments","floor":40},{"not_picked":["Perfected Strike","Seeing Red","Battle Trance"],"picked":"Fire Breathing","floor":45},{"not_picked":["Perfected Strike","Pommel Strike","Corruption"],"picked":"Infernal Blade","floor":47}],"player_experience":189009,"potions_floor_usage":[8,11,14,16,24,30,33,45,47],"damage_taken":[{"damage":3,"enemies":"Jaw Worm","floor":1,"turns":4},{"damage":22,"enemies":"3 Sentries","floor":6,"turns":14},{"damage":0,"enemies":"Small Slimes","floor":7,"turns":5},{"damage":0,"enemies":"Cultist","floor":8,"turns":3},{"damage":16,"enemies":"3 Sentries","floor":10,"turns":10},{"damage":3,"enemies":"Looter","floor":11,"turns":3},{"damage":13,"enemies":"The Mushroom Lair","floor":13,"turns":5},{"damage":0,"enemies":"2 Fungi Beasts","floor":14,"turns":2},{"damage":59,"enemies":"Slime Boss","floor":16,"turns":16},{"damage":27,"enemies":"Chosen","floor":18,"turns":11},{"damage":15,"enemies":"Shell Parasite","floor":20,"turns":11},{"damage":12,"enemies":"3 Cultists","floor":22,"turns":8},{"damage":29,"enemies":"Cultist and Chosen","floor":24,"turns":11},{"damage":3,"enemies":"Snake Plant","floor":27,"turns":5},{"damage":24,"enemies":"Slavers","floor":30,"turns":7},{"damage":35,"enemies":"Collector","floor":33,"turns":17},{"damage":0,"enemies":"Orb Walker","floor":35,"turns":3},{"damage":0,"enemies":"3 Darklings","floor":39,"turns":6},{"damage":30,"enemies":"Sphere and 2 Shapes","floor":40,"turns":7},{"damage":4,"enemies":"Maw","floor":45,"turns":9},{"damage":15,"enemies":"3 Darklings","floor":47,"turns":7},{"damage":1,"enemies":"4 Shapes","floor":48,"turns":8},{"damage":111,"enemies":"Awakened One","floor":50,"turns":12}],"event_choices":[{"event_name":"The Cleric","player_choice":"Card Removal","floor":2,"damage_taken":0},{"event_name":"Shining Light","player_choice":"Entered Light","floor":4,"damage_taken":0},{"event_name":"Dead Adventurer","player_choice":"Searched \u00272\u0027 times","floor":10,"damage_taken":0},{"event_name":"Mushrooms","player_choice":"Fought Mushrooms","floor":13,"damage_taken":0},{"event_name":"Ghosts","player_choice":"Became a Ghost","floor":19,"damage_taken":0},{"event_name":"Vampires","player_choice":"Ignored","floor":21,"damage_taken":0},{"event_name":"Duplicator","player_choice":"One dupe","floor":29,"damage_taken":0},{"event_name":"Cursed Tome","player_choice":"Obtained Book","floor":31,"damage_taken":0},{"event_name":"Accursed Blacksmith","player_choice":"Forge","floor":37,"damage_taken":0},{"event_name":"Wheel of Change","player_choice":"Curse","floor":38,"damage_taken":0}],"boss_relics":[{"not_picked":["Runic Pyramid","Philosopher\u0027s Stone"],"picked":"Eternal Feather"},{"not_picked":["Astrolabe","Sozu"],"picked":"Cursed Key"}],"potions_floor_spawned":[7,10,13,14,22,27,30,39,40],"seed_played":"-3712086340916472137","killed_by":"Awakened One","ascension_level":0,"is_trial":false}