{"gold_per_floor":[114,40,58,74,87,87,113,113,113,113,34,49,49,65,65,139,139,152,71,88,104,114,114,30,30,30,60,71,71],"floor_reached":29,"playtime":1297,"items_purged":[],"score":445,"play_id":"48375e78-6b23-490b-b834-f105786d95f3","local_time":"20190313001606","is_ascension_mode":true,"campfire_choices":[{"data":"Zap","floor":6.0,"key":"SMITH"},{"data":"1","floor":8.0,"key":"LIFT"},{"data":"2","floor":10.0,"key":"LIFT"},{"data":"3","floor":13.0,"key":"LIFT"},{"data":"Go for the Eyes","floor":15.0,"key":"SMITH"},{"data":"Creative AI","floor":23.0,"key":"SMITH"},{"data":"Go for the Eyes","floor":25.0,"key":"SMITH"}],"neow_cost":"NONE","seed_source_timestamp":93726814931774,"circlet_count":0,"master_deck":["AscendersBane","Strike_B","Strike_B","Strike_B","Strike_B","Defend_B","Defend_B","Defend_B","Defend_B","Zap+1","Dualcast","Gash","Core Surge","Rebound","Go for the Eyes+1","Steam","Glacier","Reprogram","Rip and Tear","BootSequence","Creative AI+1","Steam+1","Storm","Gash","Steam","Go for the Eyes+1","Turbo","Hologram+1","BootSequence+1","White Noise","Tempest","Hello World+1"],"special_seed":0,"relics":["White Beast Statue","Girya","Prayer Wheel","Coffee Dripper","Cables","Nunchaku"],"potions_floor_usage":[28],"damage_taken":[{"damage":1.0,"enemies":"Cultist","floor":1.0,"turns":4.0},{"damage":0.0,"enemies":"Jaw Worm","floor":3.0,"turns":3.0},{"damage":5.0,"enemies":"Small Slimes","floor":4.0,"turns":3.0},{"damage":27.0,"enemies":"Exordium Thugs","floor":5.0,"turns":6.0},{"damage":10.0,"enemies":"3 Sentries","floor":7.0,"turns":6.0},{"damage":0.0,"enemies":"Blue Slaver","floor":12.0,"turns":3.0},{"damage":4.0,"enemies":"Large Slime","floor":14.0,"turns":4.0},{"damage":8.0,"enemies":"Hexaghost","floor":16.0,"turns":7.0},{"damage":5.0,"enemies":"Chosen","floor":18.0,"turns":4.0},{"damage":8.0,"enemies":"3 Byrds","floor":20.0,"turns":4.0},{"damage":14.0,"enemies":"Snake Plant","floor":21.0,"turns":2.0},{"damage":9.0,"enemies":"Centurion and Healer","floor":22.0,"turns":5.0},{"damage":4.0,"enemies":"Slavers","floor":27.0,"turns":6.0},{"damage":32,"enemies":"Cultist and Chosen","floor":28,"turns":7},{"damage":14,"enemies":"Snake Plant","floor":29,"turns":2}],"seed_played":"-7776169790699237159","potions_obtained":[{"floor":1.0,"key":"Block Potion"},{"floor":3.0,"key":"Poison Potion"},{"floor":4.0,"key":"SpeedPotion"},{"floor":5.0,"key":"Dexterity Potion"},{"floor":7.0,"key":"Swift Potion"},{"floor":12.0,"key":"SteroidPotion"},{"floor":14.0,"key":"LiquidBronze"},{"floor":16.0,"key":"Swift Potion"},{"floor":18.0,"key":"Poison Potion"},{"floor":20.0,"key":"FearPotion"},{"floor":21.0,"key":"Dexterity Potion"},{"floor":22.0,"key":"SpeedPotion"},{"floor":27.0,"key":"Regen Potion"},{"floor":28,"key":"Ancient Potion"}],"is_trial":false,"path_per_floor":["M","$","M","M","M","R","E","R","T","R","$","M","R","M","R","B",null,"M","$","M","M","M","R","$","R","T","E","M","M"],"character_chosen":"DEFECT","items_purchased":["Core Surge","Glacier","Storm","Regen Potion"],"campfire_rested":0,"item_purchase_floors":[2,11,19,24],"current_hp_per_floor":[63,63,63,58,31,31,21,21,21,21,21,21,21,17,17,9,56,51,51,43,29,20,20,20,20,20,31,14,0],"gold":71,"neow_bonus":"BOSS_RELIC","is_prod":false,"is_daily":false,"chose_seed":false,"campfire_upgraded":4,"win_rate":0,"timestamp":1552432566,"path_taken":["M","$","M","M","M","R","E","R","T","R","$","M","R","?","R","BOSS","M","$","M","M","M","R","$","R","T","E","M","?"],"build_version":"2019-01-23","purchased_purges":0,"victory":false,"max_hp_per_floor":[71,71,71,71,71,71,71,71,71,71,71,71,71,71,71,71,71,71,71,71,71,71,71,71,71,71,71,71,71],"card_choices":[{"not_picked":["Chaos","Aggregate"],"picked":"Gash","floor":1.0},{"not_picked":["Turbo","Consume"],"picked":"Rebound","floor":3.0},{"not_picked":["Coolheaded","Stack","Lockon"],"picked":"SKIP","floor":4.0},{"not_picked":["Barrage","Reinforced Body"],"picked":"Go for the Eyes","floor":5.0},{"not_picked":["Genetic Algorithm","Hologram"],"picked":"Steam","floor":7.0},{"not_picked":["Compile Driver","Recycle"],"picked":"Reprogram","floor":12.0},{"not_picked":["Redo","Defragment"],"picked":"Rip and Tear","floor":12.0},{"not_picked":["Reprogram","Skim"],"picked":"BootSequence","floor":14.0},{"not_picked":["Genetic Algorithm","Barrage","Streamline"],"picked":"SKIP","floor":14.0},{"not_picked":["Amplify","Rainbow"],"picked":"Creative AI","floor":16.0},{"not_picked":["Hologram","Compile Driver"],"picked":"Steam+1","floor":18.0},{"not_picked":["Sweeping Beam","Ball Lightning","Reprogram"],"picked":"SKIP","floor":18.0},{"not_picked":["Thunder Strike","Turbo"],"picked":"Gash","floor":20.0},{"not_picked":["Turbo","BootSequence"],"picked":"Steam","floor":20.0},{"not_picked":["Coolheaded+1","Heatsinks"],"picked":"Go for the Eyes","floor":21.0},{"not_picked":["Doom and Gloom","Rebound+1"],"picked":"Turbo","floor":21.0},{"not_picked":["Redo","Streamline"],"picked":"Hologram+1","floor":22.0},{"not_picked":["Conserve Battery","Fission"],"picked":"BootSequence+1","floor":22.0},{"not_picked":["Turbo+1","Compile Driver"],"picked":"White Noise","floor":27.0},{"not_picked":["Genetic Algorithm+1","Turbo"],"picked":"Tempest","floor":28},{"not_picked":["Capacitor","Loop"],"picked":"Hello World+1","floor":28}],"player_experience":528562,"relics_obtained":[{"floor":7.0,"key":"Girya"},{"floor":9.0,"key":"Prayer Wheel"},{"floor":26.0,"key":"Cables"},{"floor":27.0,"key":"Nunchaku"}],"event_choices":[],"is_beta":false,"boss_relics":[{"not_picked":["Velvet Choker","Eternal Feather"],"picked":"Coffee Dripper"}],"items_purged_floors":[],"is_endless":false,"potions_floor_spawned":[1,3,4,5,7,12,14,16,18,20,21,22,27,28],"killed_by":"Snake Plant","ascension_level":16}