{"gold_per_floor":[119,119,130,130,55,99,115,133,133,176,176,176,219,232,232,322,322,343,48,62,75,75,75,89,89,89,104,143,158,158],"floor_reached":30,"playtime":1188,"items_purged":["Strike_B"],"score":544,"play_id":"925a4515-2fb8-4d57-aaed-2317fcf457db","local_time":"20181111101114","is_ascension_mode":true,"campfire_choices":[{"floor":12.0,"key":"REST"},{"data":"Zap","floor":15.0,"key":"SMITH"},{"data":"Biased Cognition","floor":23.0,"key":"SMITH"},{"data":"Coolheaded","floor":25.0,"key":"SMITH"}],"neow_cost":"NONE","seed_source_timestamp":84368818796134,"circlet_count":0,"master_deck":["AscendersBane","Strike_B","Defend_B","Defend_B","Defend_B","Zap+1","Dualcast","Coolheaded+1","Cold Snap","Ball Lightning","Genetic Algorithm","Genetic Algorithm+1","Capacitor","Biased Cognition+1","Compile Driver","Reinforced Body","Glacier+1","Glacier"],"special_seed":0,"relics":["Cracked Core","Golden Idol","Lantern","Cables","Emotion Chip","Happy Flower","Meat on the Bone","Sozu","Tiny Chest","Pantograph","War Paint"],"potions_floor_usage":[],"damage_taken":[{"damage":2.0,"enemies":"Small Slimes","floor":1.0,"turns":3.0},{"damage":2.0,"enemies":"Jaw Worm","floor":3.0,"turns":5.0},{"damage":19.0,"enemies":"Gremlin Nob","floor":6.0,"turns":4.0},{"damage":0.0,"enemies":"2 Louse","floor":7.0,"turns":1.0},{"damage":3.0,"enemies":"Large Slime","floor":8.0,"turns":4.0},{"damage":17.0,"enemies":"3 Sentries","floor":10.0,"turns":10.0},{"damage":16.0,"enemies":"Lagavulin","floor":13.0,"turns":5.0},{"damage":3.0,"enemies":"2 Fungi Beasts","floor":14.0,"turns":3.0},{"damage":24.0,"enemies":"Slime Boss","floor":16.0,"turns":8.0},{"damage":0.0,"enemies":"Chosen","floor":18.0,"turns":4.0},{"damage":38.0,"enemies":"3 Byrds","floor":20.0,"turns":5.0},{"damage":9.0,"enemies":"Snake Plant","floor":21.0,"turns":2.0},{"damage":0.0,"enemies":"Sentry and Sphere","floor":24.0,"turns":6.0},{"damage":0.0,"enemies":"Snecko","floor":27.0,"turns":5.0},{"damage":16.0,"enemies":"Slavers","floor":28.0,"turns":5.0},{"damage":5.0,"enemies":"Shelled Parasite and Fungi","floor":29.0,"turns":5.0},{"damage":58,"enemies":"Gremlin Leader","floor":30,"turns":10}],"seed_played":"-9053069948235929428","potions_obtained":[{"floor":3.0,"key":"Swift Potion"},{"floor":6.0,"key":"GamblersBrew"},{"floor":13.0,"key":"Fire Potion"},{"floor":16.0,"key":"GamblersBrew"}],"is_trial":false,"path_per_floor":["M","?","M","?","?","E","M","M","T","E","T","R","E","M","R","B",null,"M","$","M","M","?","R","M","R","T","M","E","M","E"],"character_chosen":"DEFECT","items_purchased":["Reinforced Body","Tiny Chest"],"campfire_rested":1,"item_purchase_floors":[19,19],"current_hp_per_floor":[62,55,53,53,53,34,34,31,31,14,14,33,17,26,26,14,52,52,52,26,29,29,29,41,41,41,41,37,44,0],"gold":158,"neow_bonus":"TRANSFORM_CARD","is_prod":false,"is_daily":false,"chose_seed":false,"campfire_upgraded":3,"win_rate":0,"timestamp":1541956274,"path_taken":["M","?","M","?","?","E","?","M","T","E","?","R","E","M","R","BOSS","M","$","M","M","?","R","M","R","T","M","E","M","E"],"build_version":"2018-11-08","purchased_purges":1,"victory":false,"max_hp_per_floor":[71,71,71,64,64,64,64,64,64,64,64,64,64,64,64,64,64,64,64,64,64,64,64,64,64,64,64,64,64,64],"card_choices":[{"not_picked":["Stack","Auto Shields"],"picked":"Cold Snap","floor":1.0},{"not_picked":["Rebound","Coolheaded"],"picked":"Ball Lightning","floor":3.0},{"not_picked":["Loop","Stack"],"picked":"Genetic Algorithm","floor":6.0},{"not_picked":["Cold Snap","Stack"],"picked":"Genetic Algorithm","floor":7.0},{"not_picked":["Rebound","Thunder Strike","Chaos"],"picked":"SKIP","floor":8.0},{"not_picked":["Stack","Go for the Eyes","Barrage"],"picked":"SKIP","floor":10.0},{"not_picked":["Heatsinks","Double Energy","Undo"],"picked":"SKIP","floor":13.0},{"not_picked":["Cold Snap","Skim"],"picked":"Capacitor","floor":14.0},{"not_picked":["All For One","Creative AI"],"picked":"Biased Cognition","floor":16.0},{"not_picked":["Barrage","Turbo"],"picked":"Compile Driver","floor":18.0},{"not_picked":["Coolheaded","Leap","Sweeping Beam"],"picked":"SKIP","floor":20.0},{"not_picked":["Coolheaded","Barrage+1","Blizzard"],"picked":"SKIP","floor":21.0},{"not_picked":["Beam Cell","Storm","Leap"],"picked":"SKIP","floor":24.0},{"not_picked":["Aggregate","Steam Power","Sweeping Beam"],"picked":"SKIP","floor":27.0},{"not_picked":["Barrage","Melter","Redo"],"picked":"SKIP","floor":28.0},{"not_picked":["Lockon","Buffer"],"picked":"Glacier","floor":29.0}],"player_experience":617445,"relics_obtained":[{"floor":6.0,"key":"Lantern"},{"floor":9.0,"key":"Cables"},{"floor":10.0,"key":"Emotion Chip"},{"floor":11.0,"key":"Happy Flower"},{"floor":13.0,"key":"Meat on the Bone"},{"floor":26.0,"key":"Pantograph"},{"floor":28.0,"key":"War Paint"}],"event_choices":[{"cards_removed":["Strike_B"],"damage_healed":0.0,"max_hp_gain":0.0,"max_hp_loss":0.0,"gold_gain":0.0,"event_name":"Golden Wing","player_choice":"Card Removal","floor":2.0,"gold_loss":0.0,"damage_taken":7.0},{"damage_healed":0.0,"max_hp_gain":0.0,"max_hp_loss":7.0,"gold_gain":0.0,"event_name":"Golden Idol","player_choice":"Lose Max HP","floor":4.0,"gold_loss":0.0,"damage_taken":0.0,"relics_obtained":["Golden Idol"]},{"cards_removed":["Defend_B"],"damage_healed":0.0,"max_hp_gain":0.0,"max_hp_loss":0.0,"gold_gain":0.0,"event_name":"The Cleric","player_choice":"Card Removal","floor":5.0,"gold_loss":75.0,"damage_taken":0.0},{"damage_healed":0.0,"max_hp_gain":0.0,"max_hp_loss":0.0,"gold_gain":0.0,"event_name":"The Library","player_choice":"Read","floor":22.0,"gold_loss":0.0,"damage_taken":0.0,"cards_obtained":["Glacier"]}],"is_beta":false,"boss_relics":[{"not_picked":["Runic Dome","Nuclear Battery"],"picked":"Sozu"}],"items_purged_floors":[19],"is_endless":false,"potions_floor_spawned":[3,6,13,16,24,28],"killed_by":"Gremlin Leader","ascension_level":20}