{"gold_per_floor":[110,110,130,144,156,156,190,200,200,200,215,231,261,57,57,134,134,148,160,175,175],"floor_reached":21,"playtime":937,"items_purged":["Strike_G"],"score":390,"play_id":"9390a51b-aa83-452a-8094-e57ac930c018","local_time":"20181106190256","is_ascension_mode":true,"campfire_choices":[{"data":"Neutralize","floor":6,"key":"SMITH"},{"data":"Envenom","floor":10,"key":"SMITH"},{"data":"Cloak And Dagger","floor":15,"key":"SMITH"}],"neow_cost":"NONE","seed_source_timestamp":2318730740839322,"circlet_count":0,"master_deck":["AscendersBane","Defend_G","Defend_G","Defend_G","Defend_G","Defend_G","Strike_G","Strike_G","Strike_G","Strike_G","Survivor","Neutralize+1","Quick Slash","Dagger Throw","Cloak And Dagger+1","Caltrops","Envenom+1","Blade Dance","Backstab","Noxious Fumes","Infinite Blades","Dagger Spray","Calculated Gamble+1"],"relics":["Ring of the Snake","Lantern","PreservedInsect","Regal Pillow","Runic Pyramid"],"potions_floor_usage":[7,16,21],"damage_taken":[{"damage":1,"enemies":"2 Louse","floor":1,"turns":5},{"damage":3,"enemies":"Cultist","floor":3,"turns":4},{"damage":11,"enemies":"Jaw Worm","floor":4,"turns":7},{"damage":4,"enemies":"Blue Slaver","floor":5,"turns":6},{"damage":10,"enemies":"Lagavulin","floor":7,"turns":5},{"damage":6,"enemies":"Looter","floor":8,"turns":4},{"damage":2,"enemies":"Red Slaver","floor":11,"turns":3},{"damage":0,"enemies":"Gremlin Gang","floor":12,"turns":6},{"damage":5,"enemies":"Gremlin Nob","floor":13,"turns":3},{"damage":24,"enemies":"The Guardian","floor":16,"turns":11},{"damage":20,"enemies":"2 Thieves","floor":18,"turns":4},{"damage":4,"enemies":"Chosen","floor":19,"turns":6},{"damage":35,"enemies":"Shelled Parasite and Fungi","floor":20,"turns":9},{"damage":11,"enemies":"3 Cultists","floor":21,"turns":3}],"seed_played":"2927956417442265762","potions_obtained":[{"floor":3,"key":"Strength Potion"},{"floor":5,"key":"Block Potion"},{"floor":12,"key":"Dexterity Potion"},{"floor":16,"key":"Block Potion"}],"is_trial":false,"path_per_floor":["M","?","M","M","M","R","E","M","T","R","M","M","E","$","R","B",null,"M","M","M","M"],"character_chosen":"THE_SILENT","items_purchased":["Infinite Blades","Dagger Spray"],"campfire_rested":0,"item_purchase_floors":[14,14],"current_hp_per_floor":[58,76,73,62,58,58,48,42,42,42,40,40,35,35,35,11,60,40,36,1,0],"gold":175,"neow_bonus":"ONE_RANDOM_RARE_CARD","is_prod":false,"is_daily":false,"chose_seed":false,"campfire_upgraded":3,"win_rate":0,"timestamp":1541556176,"path_taken":["M","?","M","?","?","R","E","M","T","R","M","M","E","$","R","BOSS","M","?","M","M"],"build_version":"2018-11-01","purchased_purges":1,"victory":false,"max_hp_per_floor":[66,76,76,76,76,76,76,76,76,76,76,76,76,76,76,76,76,76,76,76,76],"card_choices":[{"not_picked":["Poisoned Stab","Bane"],"picked":"Quick Slash","floor":1},{"not_picked":["Poisoned Stab","Outmaneuver"],"picked":"Dagger Throw","floor":3},{"not_picked":["Dodge and Roll","Poisoned Stab"],"picked":"Cloak And Dagger","floor":4},{"not_picked":["Bane","Calculated Gamble"],"picked":"Caltrops","floor":5},{"not_picked":["Underhanded Strike","PiercingWail"],"picked":"Envenom","floor":7},{"not_picked":["Catalyst","Setup"],"picked":"Blade Dance","floor":8},{"not_picked":["Flying Knee","Dagger Spray"],"picked":"Backstab","floor":11},{"not_picked":["Deadly Poison","Quick Slash"],"picked":"Noxious Fumes","floor":12},{"not_picked":["Crippling Poison","Deadly Poison","Eviscerate"],"picked":"SKIP","floor":13},{"not_picked":["Acrobatics","Poisoned Stab+1","Deadly Poison"],"picked":"SKIP","floor":18},{"not_picked":["Concentrate","PiercingWail"],"picked":"Calculated Gamble+1","floor":19},{"not_picked":["Terror","Masterful Stab","Underhanded Strike"],"picked":"SKIP","floor":20}],"player_experience":595085,"relics_obtained":[{"floor":7,"key":"Lantern"},{"floor":9,"key":"PreservedInsect"},{"floor":13,"key":"Regal Pillow"}],"event_choices":[{"cards_removed":["Bullet Time"],"damage_healed":8,"gold_gain":0,"player_choice":"Offered Rare","damage_taken":0,"max_hp_gain":10,"max_hp_loss":0,"event_name":"Bonfire Elementals","floor":2,"gold_loss":0}],"is_beta":false,"boss_relics":[{"not_picked":["Lizard Tail","WristBlade"],"picked":"Runic Pyramid"}],"items_purged_floors":[14],"is_endless":false,"potions_floor_spawned":[3,5,12,16,19],"killed_by":"3 Cultists","ascension_level":20}