{"gold_per_floor":[112,130,130,130,230,230,250,250,276,276,299,311,370,402,402,507,507,522,522,542,552,566,566],"floor_reached":23,"playtime":1038,"items_purged":[],"score":239,"play_id":"2d9df9c6-f089-42cb-a2ba-ee1d2e7cf6ee","local_time":"20190404034536","is_ascension_mode":true,"campfire_choices":[{"data":"Mind Blast","floor":6,"key":"SMITH"},{"data":"Demon Form","floor":8,"key":"SMITH"},{"floor":15,"key":"REST"}],"neow_cost":"CURSE","seed_source_timestamp":1436540980160100,"circlet_count":0,"master_deck":["Strike_R+1","Strike_R+1","Strike_R+1","Strike_R+1","Strike_R+1","Defend_R+1","Defend_R+1","Defend_R+1","Defend_R+1","Bash","Good Instincts","Mind Blast+1","Pommel Strike","Headbutt","Demon Form+1","Thunderclap","Pommel Strike","Limit Break","Reaper","Flex","Dual Wield","Headbutt","Cleave","Seeing Red","Double Tap","Flex","Iron Wave","Heavy Blade+1","Rage","Flex","Heavy Blade","Ghostly Armor+1"],"relics":["Burning Blood","PreservedInsect","Bronze Scales","Odd Mushroom","Prayer Wheel","Bag of Marbles","Orrery"],"potions_floor_usage":[13,13,16,20],"damage_taken":[{"damage":17,"enemies":"2 Louse","floor":1,"turns":3},{"damage":1,"enemies":"Cultist","floor":2,"turns":3},{"damage":0,"enemies":"Jaw Worm","floor":7,"turns":3},{"damage":33,"enemies":"The Mushroom Lair","floor":11,"turns":5},{"damage":0,"enemies":"Large Slime","floor":12,"turns":4},{"damage":20,"enemies":"Lagavulin Event","floor":13,"turns":3},{"damage":8,"enemies":"Gremlin Nob","floor":14,"turns":3},{"damage":18,"enemies":"Slime Boss","floor":16,"turns":6},{"damage":7,"enemies":"Chosen","floor":18,"turns":4},{"damage":18,"enemies":"Spheric Guardian","floor":20,"turns":4},{"damage":16,"enemies":"Chosen and Byrds","floor":21,"turns":4},{"damage":30,"enemies":"Centurion and Healer","floor":22,"turns":5},{"damage":42,"enemies":"Gremlin Leader","floor":23,"turns":4}],"seed_played":"43393558120983903","potions_obtained":[{"floor":11,"key":"AttackPotion"},{"floor":12,"key":"GamblersBrew"},{"floor":14,"key":"SpeedPotion"},{"floor":18,"key":"Dexterity Potion"}],"is_trial":false,"path_per_floor":["M","M","?","?","?","R","M","R","T","?","?","M","?","E","R","B",null,"M","?","M","M","M","E"],"character_chosen":"IRONCLAD","items_purchased":[],"campfire_rested":1,"item_purchase_floors":[],"current_hp_per_floor":[69,74,79,72,72,72,78,78,78,66,39,45,31,29,54,42,74,73,73,61,57,33,0],"gold":566,"neow_bonus":"RANDOM_COLORLESS_2","is_prod":false,"is_daily":false,"chose_seed":false,"campfire_upgraded":2,"win_rate":0,"timestamp":1554363936,"path_taken":["M","M","?","?","?","R","?","R","T","?","?","?","?","E","R","BOSS","M","?","M","M","M","E"],"build_version":"2019-03-15","purchased_purges":0,"victory":false,"max_hp_per_floor":[80,80,85,85,85,85,85,85,85,85,85,85,85,85,85,85,85,85,85,85,85,85,85],"card_choices":[{"not_picked":["True Grit","Warcry"],"picked":"Pommel Strike","floor":1},{"not_picked":["Shrug It Off","Clash"],"picked":"Headbutt","floor":2},{"not_picked":["Perfected Strike","Cleave"],"picked":"Demon Form","floor":7},{"not_picked":["Warcry","Sword Boomerang"],"picked":"Thunderclap","floor":11},{"not_picked":["Reckless Charge","Rupture"],"picked":"Pommel Strike","floor":12},{"not_picked":["Pommel Strike","Warcry"],"picked":"Limit Break","floor":14},{"not_picked":["Impervious","Brutality"],"picked":"Reaper","floor":16},{"not_picked":["Metallicize","Fire Breathing"],"picked":"Flex","floor":17},{"not_picked":["Havoc","Reckless Charge"],"picked":"Dual Wield","floor":17},{"not_picked":["Havoc","Armaments"],"picked":"Headbutt","floor":17},{"not_picked":["Clash","Evolve"],"picked":"Cleave","floor":17},{"not_picked":["Anger","Thunderclap"],"picked":"Seeing Red","floor":17},{"not_picked":["Clash","Pommel Strike"],"picked":"Double Tap","floor":18},{"not_picked":["Inflame","Clothesline"],"picked":"Flex","floor":18},{"not_picked":["Clash","Fire Breathing"],"picked":"Iron Wave","floor":20},{"not_picked":["Bloodletting","Disarm","Heavy Blade+1"],"picked":"SKIP","floor":20},{"not_picked":["Bloodletting","Disarm"],"picked":"Heavy Blade+1","floor":20},{"not_picked":["Cleave","Wild Strike"],"picked":"Rage","floor":21},{"not_picked":["Clash","Shrug It Off"],"picked":"Flex","floor":21},{"not_picked":["Bloodletting+1","Blood for Blood+1"],"picked":"Heavy Blade","floor":22},{"not_picked":["Anger","Pommel Strike"],"picked":"Ghostly Armor+1","floor":22}],"player_experience":752919,"relics_obtained":[{"floor":9,"key":"PreservedInsect"},{"floor":11,"key":"Odd Mushroom"},{"floor":14,"key":"Bag of Marbles"}],"event_choices":[{"damage_healed":0,"gold_gain":0,"player_choice":"Donut","damage_taken":0,"max_hp_gain":5,"max_hp_loss":0,"event_name":"Big Fish","floor":3,"gold_loss":0},{"cards_removed":["Injury"],"damage_healed":0,"gold_gain":0,"player_choice":"Card Removal","damage_taken":7,"max_hp_gain":0,"max_hp_loss":0,"event_name":"Golden Wing","floor":4,"gold_loss":0},{"damage_healed":0,"gold_gain":100,"player_choice":"Pray","damage_taken":0,"max_hp_gain":0,"max_hp_loss":0,"event_name":"Golden Shrine","floor":5,"gold_loss":0},{"damage_healed":0,"gold_gain":0,"player_choice":"Success","damage_taken":12,"relics_obtained":["Bronze Scales"],"max_hp_gain":0,"max_hp_loss":0,"event_name":"Scrap Ooze","floor":10,"gold_loss":0},{"damage_healed":0,"gold_gain":0,"player_choice":"Fought Mushrooms","damage_taken":0,"max_hp_gain":0,"max_hp_loss":0,"event_name":"Mushrooms","floor":11,"gold_loss":0},{"damage_healed":0,"gold_gain":0,"player_choice":"Searched \u00272\u0027 times","damage_taken":0,"relics_obtained":["Prayer Wheel"],"max_hp_gain":0,"max_hp_loss":0,"event_name":"Dead Adventurer","floor":13,"gold_loss":0},{"damage_healed":0,"gold_gain":0,"player_choice":"Simplicity","damage_taken":0,"max_hp_gain":0,"max_hp_loss":0,"event_name":"Back to Basics","floor":19,"gold_loss":0,"cards_upgraded":["Strike_R","Strike_R","Strike_R","Strike_R","Strike_R","Defend_R","Defend_R","Defend_R","Defend_R"]}],"is_beta":true,"boss_relics":[{"not_picked":["Coffee Dripper","Black Star"],"picked":"Orrery"}],"items_purged_floors":[],"is_endless":false,"potions_floor_spawned":[11,12,14,18],"killed_by":"Gremlin Leader","ascension_level":5}