{"path_per_floor":["M","$","?","?","M","R","$","E","T","M","E","?","M","M","R","B",null,"M","?","?","M","M","R","M","M","T","?","R","M","R","M","R","B",null,"M","M","?","M"],"character_chosen":"IRONCLAD","items_purchased":["Rampage"],"gold_per_floor":[117,46,46,46,58,58,58,86,86,103,131,161,176,193,193,292,292,305,305,305,318,334,334,350,363,363,363,363,378,378,393,393,489,489,505,521,521,534],"floor_reached":39,"campfire_rested":3,"playtime":2049,"current_hp_per_floor":[80,80,85,85,85,85,85,85,85,85,82,75,77,85,85,41,85,73,73,73,82,56,81,61,67,67,67,85,73,73,68,85,15,85,43,15,15,46],"items_purged":[],"gold":534,"score":420,"play_id":"c05ed7ec-b42a-4794-be62-355df1e8b3a3","local_time":"20180321035806","is_prod":false,"is_daily":false,"is_ascension_mode":false,"campfire_upgraded":3,"timestamp":1521619086,"path_taken":["M","$","?","?","?","R","$","E","T","?","E","?","M","M","R","BOSS","M","?","?","M","M","R","M","M","T","?","R","?","R","?","R","BOSS","M","M","?","M","?"],"build_version":"2018-03-15v3","purchased_purges":0,"victory":false,"master_deck":["Strike_R","Strike_R","Strike_R","Defend_R","Bash","Rage+1","Rampage+1","Impervious","Pommel Strike","Clash","Clash","Anger","Impervious","Blood for Blood+1","Whirlwind+1","Headbutt+1","Anger","Rampage+1","Impervious","Body Slam","Anger"],"max_hp_per_floor":[80,80,85,85,85,85,85,85,85,85,85,85,85,85,85,85,85,85,85,85,85,85,85,85,85,85,85,85,85,85,85,85,85,85,85,85,85,85],"relics":["Burning Blood","NeowsBlessing","Paper Frog","Magic Flower","Smiling Mask","Odd Mushroom","Astrolabe","Ancient Tea Set","Lizard Tail"],"card_choices":[{"not_picked":["Iron Wave","Burning Pact"],"picked":"Rage"},{"not_picked":["Blood for Blood","Body Slam"],"picked":"Pommel Strike"},{"not_picked":["Warcry","Body Slam"],"picked":"Clash"},{"not_picked":["Brutality","Body Slam"],"picked":"Clash"},{"not_picked":["Shrug It Off","Body Slam"],"picked":"Anger"},{"not_picked":["Barricade","Brutality"],"picked":"Impervious"},{"not_picked":["Searing Blow","Iron Wave"],"picked":"Anger"},{"not_picked":["Wild Strike","Whirlwind"],"picked":"Rampage"},{"not_picked":["Demon Form","Immolate"],"picked":"Impervious"},{"not_picked":["Clothesline","Ghostly Armor"],"picked":"Body Slam"},{"not_picked":["Disarm","Headbutt"],"picked":"Anger"}],"player_experience":504672,"potions_floor_usage":[11,11,21,22,24,33,33,39],"damage_taken":[{"damage":0,"enemies":"Jaw Worm","floor":1,"turns":1},{"damage":0,"enemies":"Small Slimes","floor":5,"turns":1},{"damage":0,"enemies":"Lagavulin","floor":8,"turns":1},{"damage":0,"enemies":"Cultist","floor":10,"turns":4},{"damage":12,"enemies":"Gremlin Nob","floor":11,"turns":4},{"damage":16,"enemies":"The Mushroom Lair","floor":12,"turns":5},{"damage":7,"enemies":"Large Slime","floor":13,"turns":5},{"damage":0,"enemies":"Exordium Thugs","floor":14,"turns":4},{"damage":53,"enemies":"The Guardian","floor":16,"turns":11},{"damage":21,"enemies":"Shell Parasite","floor":18,"turns":5},{"damage":0,"enemies":"3 Byrds","floor":21,"turns":4},{"damage":35,"enemies":"Sentry and Sphere","floor":22,"turns":7},{"damage":29,"enemies":"Cultist and Chosen","floor":24,"turns":6},{"damage":3,"enemies":"Snecko","floor":25,"turns":4},{"damage":21,"enemies":"Snake Plant","floor":29,"turns":3},{"damage":14,"enemies":"Slaver and Parasite","floor":31,"turns":3},{"damage":79,"enemies":"Collector","floor":33,"turns":9},{"damage":51,"enemies":"3 Shapes","floor":35,"turns":4},{"damage":37,"enemies":"3 Darklings","floor":36,"turns":7},{"damage":52,"enemies":"Sphere and 2 Shapes","floor":38,"turns":7},{"damage":63,"enemies":"4 Shapes","floor":39,"turns":16}],"event_choices":[{"event_name":"Big Fish","player_choice":"Donut","floor":3,"damage_taken":0},{"event_name":"Transmorgrifier","player_choice":"Transform","floor":4,"damage_taken":0},{"event_name":"Mushrooms","player_choice":"Fought Mushrooms","floor":12,"damage_taken":0},{"event_name":"The Mausoleum","player_choice":"No","floor":19,"damage_taken":0},{"event_name":"Addict","player_choice":"Ignored","floor":20,"damage_taken":0},{"event_name":"Back to Basics","player_choice":"Elegance","floor":27,"damage_taken":0},{"event_name":"Mysterious Sphere","player_choice":"Ignore","floor":37,"damage_taken":0}],"boss_relics":[{"not_picked":["Sozu","Philosopher\u0027s Stone"],"picked":"Astrolabe"},{"not_picked":["Snecko Eye","Runic Pyramid"],"picked":"Lizard Tail"}],"potions_floor_spawned":[5,10,13,14,18,22,24,38],"seed_played":"-8629892822467782948","killed_by":"4 Shapes","ascension_level":0,"is_trial":false}