{"gold_per_floor":[115,127,138,138,138,138,138,138,162,176,176,187,187,206,206,206],"floor_reached":16,"playtime":748,"items_purged":[],"score":92,"play_id":"daac5e38-b272-4c82-9f58-c303fd1995d5","local_time":"20190623234845","is_ascension_mode":false,"campfire_choices":[{"floor":6,"key":"RECALL"},{"data":"Aggregate","floor":8,"key":"SMITH"},{"data":"Zap","floor":11,"key":"SMITH"},{"floor":15,"key":"REST"}],"neow_cost":"NONE","seed_source_timestamp":212396080371000,"circlet_count":0,"master_deck":["Strike_B","Strike_B","Strike_B","Strike_B","Defend_B","Defend_B","Defend_B","Defend_B","Zap+1","Dualcast","Redo","Beam Cell+1","Sunder","Beam Cell","Redo","Aggregate+1","Double Energy","Cold Snap","Amplify","Hologram+1","Consume"],"relics":["Orrery","The Courier"],"potions_floor_usage":[10,10,16,16],"damage_taken":[{"damage":0,"enemies":"Cultist","floor":1,"turns":2},{"damage":0,"enemies":"2 Louse","floor":2,"turns":1},{"damage":6,"enemies":"Jaw Worm","floor":3,"turns":3},{"damage":11,"enemies":"Exordium Wildlife","floor":10,"turns":3},{"damage":15,"enemies":"Looter","floor":12,"turns":3},{"damage":16,"enemies":"Exordium Thugs","floor":14,"turns":3},{"damage":43,"enemies":"The Guardian","floor":16,"turns":8}],"seed_played":"2319262269401498489","potions_obtained":[{"floor":1,"key":"LiquidBronze"},{"floor":2,"key":"LiquidBronze"},{"floor":3,"key":"SneckoOil"},{"floor":14,"key":"FearPotion"}],"is_trial":false,"path_per_floor":["M","M","M","?","$","R","T","R","T","M","R","M","?","M","R","B"],"character_chosen":"DEFECT","items_purchased":[],"campfire_rested":1,"item_purchase_floors":[],"current_hp_per_floor":[75,75,69,74,74,74,74,74,74,63,63,48,32,16,40,0],"gold":206,"neow_bonus":"BOSS_RELIC","is_prod":false,"is_daily":false,"chose_seed":false,"campfire_upgraded":2,"win_rate":0,"timestamp":1561348125,"path_taken":["M","?","M","?","$","R","?","R","T","?","R","M","?","M","R","BOSS"],"build_version":"2019-06-21","purchased_purges":0,"victory":false,"max_hp_per_floor":[75,75,75,80,80,80,80,80,80,80,80,80,80,80,80,80],"card_choices":[{"not_picked":["Barrage","Rebound"],"picked":"Redo","floor":0},{"not_picked":["Hello World","Reinforced Body"],"picked":"Beam Cell","floor":0},{"not_picked":["Stack","Doom and Gloom"],"picked":"Sunder","floor":0},{"not_picked":["Rebound","Genetic Algorithm"],"picked":"Beam Cell","floor":0},{"not_picked":["Go for the Eyes","Coolheaded"],"picked":"Redo","floor":0},{"not_picked":["Recycle","Reinforced Body"],"picked":"Aggregate","floor":1},{"not_picked":["Melter","Streamline"],"picked":"Double Energy","floor":2},{"not_picked":["Leap","Chaos"],"picked":"Cold Snap","floor":3},{"not_picked":["Capacitor","Go for the Eyes"],"picked":"Amplify","floor":10},{"not_picked":["Cold Snap","Sweeping Beam"],"picked":"Hologram","floor":12},{"not_picked":["Leap","Force Field"],"picked":"Consume","floor":14}],"player_experience":1122779,"relics_obtained":[{"floor":7,"key":"The Courier"}],"event_choices":[{"damage_healed":0,"gold_gain":0,"player_choice":"Donut","damage_taken":0,"max_hp_gain":5,"max_hp_loss":0,"event_name":"Big Fish","floor":4,"gold_loss":0},{"damage_healed":0,"gold_gain":0,"player_choice":"Entered Light","damage_taken":16,"max_hp_gain":0,"max_hp_loss":0,"event_name":"Shining Light","floor":13,"gold_loss":0,"cards_upgraded":["Hologram","Beam Cell"]}],"is_beta":true,"boss_relics":[],"items_purged_floors":[],"is_endless":false,"potions_floor_spawned":[1,2,3,14],"killed_by":"The Guardian","ascension_level":0}