{"gold_per_floor":[118,128,128,143,318,343,353,353,380,468,468,468,63,96,96,197,197,209,308,322,337,26,26],"floor_reached":23,"playtime":1797,"items_purged":["Regret"],"score":224,"play_id":"2570c50a-fba8-4009-9253-d9e857f736ea","local_time":"20190706135727","is_ascension_mode":false,"campfire_choices":[{"data":"Hologram","floor":8,"key":"SMITH"},{"floor":12,"key":"REST"},{"floor":15,"key":"REST"}],"neow_cost":"NONE","seed_source_timestamp":875835874687076,"circlet_count":0,"master_deck":["Strike_B","Strike_B","Strike_B","Strike_B","Defend_B","Defend_B","Defend_B","Defend_B","Zap","Dualcast","Hologram","Coolheaded","Go for the Eyes","Doubt","Hologram+1","Rainbow","Cold Snap","Gash","Hyperbeam","Decay","Injury","Gash+1","White Noise","Barrage","Enlightenment"],"relics":["Cracked Core","NeowsBlessing","WarpedTongs","Regal Pillow","Happy Flower","Tiny Chest","Letter Opener","PreservedInsect","Pantograph","Calling Bell","Strawberry","Pear","Unceasing Top","Anchor"],"potions_floor_usage":[16,16,16],"damage_taken":[{"damage":0,"enemies":"Jaw Worm","floor":1,"turns":1},{"damage":0,"enemies":"Cultist","floor":2,"turns":1},{"damage":0,"enemies":"2 Louse","floor":4,"turns":1},{"damage":16,"enemies":"Lagavulin","floor":6,"turns":9},{"damage":6,"enemies":"Large Slime","floor":7,"turns":6},{"damage":47,"enemies":"Gremlin Nob","floor":10,"turns":5},{"damage":6,"enemies":"3 Sentries","floor":14,"turns":5},{"damage":29,"enemies":"Hexaghost","floor":16,"turns":6},{"damage":9,"enemies":"Chosen","floor":18,"turns":5},{"damage":30,"enemies":"Shell Parasite","floor":20,"turns":7},{"damage":36,"enemies":"3 Cultists","floor":21,"turns":7},{"damage":17,"enemies":"Snake Plant","floor":23,"turns":3}],"seed_played":"5695433339541927550","potions_obtained":[{"floor":1,"key":"Strength Potion"},{"floor":4,"key":"AttackPotion"},{"floor":10,"key":"FearPotion"},{"floor":16,"key":"AttackPotion"}],"is_trial":false,"path_per_floor":["M","M","?","M","?","E","M","R","T","?","?","R","$","E","R","B",null,"M","?","M","M","$","M"],"character_chosen":"DEFECT","items_purchased":["Letter Opener","PreservedInsect","Anchor","Enlightenment"],"campfire_rested":2,"item_purchase_floors":[13,13,22,22],"current_hp_per_floor":[75,75,75,75,75,59,53,53,53,6,6,43,43,37,74,46,92,83,83,53,17,17,0],"gold":26,"neow_bonus":"THREE_ENEMY_KILL","is_prod":false,"is_daily":false,"chose_seed":false,"campfire_upgraded":1,"win_rate":0.0,"timestamp":1562435847,"path_taken":["M","M","?","?","?","E","M","R","T","?","?","R","?","E","R","BOSS","M","?","M","M","$","M"],"build_version":"2019-07-05","purchased_purges":1,"victory":false,"max_hp_per_floor":[75,75,75,75,75,75,75,75,75,75,75,75,75,75,75,75,92,92,92,92,92,92,92],"card_choices":[{"not_picked":["Steam Power","Gash"],"picked":"Hologram","floor":1},{"not_picked":["Self Repair","Steam Power"],"picked":"Coolheaded","floor":2},{"not_picked":["Redo","Melter"],"picked":"Go for the Eyes","floor":4},{"not_picked":["Stack","Self Repair"],"picked":"Hologram","floor":6},{"not_picked":["Steam Power","Redo"],"picked":"Rainbow","floor":7},{"not_picked":["Redo","Streamline"],"picked":"Cold Snap","floor":10},{"not_picked":["Chaos","Leap"],"picked":"Gash","floor":14},{"not_picked":["Amplify","Fission"],"picked":"Hyperbeam","floor":16},{"not_picked":["Redo","Ball Lightning+1"],"picked":"Gash+1","floor":18},{"not_picked":["Blizzard","Redo"],"picked":"White Noise","floor":20},{"not_picked":["Rebound","Sweeping Beam"],"picked":"Barrage","floor":21}],"player_experience":63935,"relics_obtained":[{"floor":6,"key":"Regal Pillow"},{"floor":9,"key":"Happy Flower"},{"floor":10,"key":"Tiny Chest"},{"floor":14,"key":"Pantograph"},{"floor":17,"key":"Strawberry"},{"floor":17,"key":"Pear"},{"floor":17,"key":"Unceasing Top"}],"event_choices":[{"damage_healed":0,"gold_gain":0,"player_choice":"Rummage","damage_taken":0,"relics_obtained":["WarpedTongs"],"max_hp_gain":0,"max_hp_loss":0,"event_name":"Accursed Blacksmith","floor":3,"gold_loss":0,"cards_obtained":["Pain"]},{"damage_healed":0,"gold_gain":175,"player_choice":"AGREE","damage_taken":0,"max_hp_gain":0,"max_hp_loss":0,"event_name":"Liars Game","floor":5,"gold_loss":0,"cards_obtained":["Doubt"]},{"damage_healed":0,"gold_gain":0,"player_choice":"Searched \u00271\u0027 times","damage_taken":0,"max_hp_gain":0,"max_hp_loss":0,"event_name":"Dead Adventurer","floor":10,"gold_loss":0},{"cards_removed":["Pain"],"damage_healed":0,"gold_gain":0,"player_choice":"Forget","damage_taken":0,"max_hp_gain":0,"max_hp_loss":0,"event_name":"Living Wall","floor":11,"gold_loss":0},{"damage_healed":0,"gold_gain":99,"player_choice":"Stole From Cult","damage_taken":0,"max_hp_gain":0,"max_hp_loss":0,"event_name":"Nest","floor":19,"gold_loss":0}],"is_beta":false,"boss_relics":[{"not_picked":["Runic Pyramid","Busted Crown"],"picked":"Calling Bell"}],"items_purged_floors":[22],"is_endless":false,"potions_floor_spawned":[1,4,10,16],"killed_by":"Snake Plant","ascension_level":0}