{"path_per_floor":["M","M","?","$","M","R","E","R","T","M","M","M","?","M","R","B",null,"M","M","M","M","M","$","R","?","T","R","M","M","E","?","R","B",null,"M","$","M","?","M","E","R","M","T","?","M","R","M","M","R"],"character_chosen":"THE_SILENT","items_purchased":["Mind Blast","Blood Vial","Jack Of All Trades","Noxious Fumes","Bandage Up","Fire Potion","Block Potion"],"gold_per_floor":[114,129,129,34,49,49,79,79,104,119,134,149,149,164,164,264,264,279,294,309,324,339,14,14,14,89,89,104,119,149,149,149,249,249,264,58,73,73,88,118,118,133,183,183,198,198,213,228,228],"floor_reached":50,"campfire_rested":2,"playtime":3542,"current_hp_per_floor":[68,67,66,65,64,63,56,56,56,56,56,56,56,55,54,28,52,45,45,26,21,10,10,35,35,35,42,41,40,39,38,37,4,35,34,33,19,27,21,1,28,8,8,8,8,23,22,5,20],"items_purged":[],"gold":228,"score":577,"play_id":"ee6e9cb8-e3cd-46ab-b0f7-fef92acccfd8","local_time":"20180311172820","daily_mods":["Shiny","Uncertain Future","Terminal"],"is_prod":false,"is_daily":true,"is_ascension_mode":false,"campfire_upgraded":7,"timestamp":1520803700,"path_taken":["M","M","?","$","M","R","E","R","T","?","M","M","?","M","R","BOSS","M","M","M","M","M","$","R","?","T","R","M","?","E","?","R","BOSS","M","$","M","?","M","E","R","M","T","?","?","R","M","M","R","BOSS"],"build_version":"2018-03-09","purchased_purges":0,"victory":false,"master_deck":["Defend_G+1","Defend_G+1","Defend_G+1","Defend_G+1","Defend_G+1","Strike_G+1","Strike_G+1","Strike_G+1","Strike_G+1","Strike_G+1","Survivor","Neutralize","Die Die Die+1","Backflip","Backflip","Mind Blast+1","Finisher","Adrenaline","Poisoned Stab","Footwork","Outmaneuver","Envenom+1","Envenom+1","Flying Knee","Flying Knee","Bane","Flying Knee+1","Jack Of All Trades","Noxious Fumes","Bouncing Flask+1","Burst+1","Outmaneuver","Corpse Explosion+1","Bane+1","Bandage Up","Noxious Fumes+1","Writhe","Catalyst+1","Poisoned Stab+1","Footwork+1","Poisoned Stab","Adrenaline+1","Deadly Poison"],"max_hp_per_floor":[68,67,66,65,64,63,62,61,60,59,58,57,56,55,54,53,52,51,50,49,48,47,46,45,44,43,42,41,40,39,38,37,36,35,34,33,32,31,30,29,28,27,26,25,24,23,22,21,20],"relics":["Ring of the Snake","Anchor","Art of War","Eternal Feather","Blood Vial","Mummified Hand","Snake Skull","The Specimen","Regal Pillow","Ancient Tea Set"],"card_choices":[{"not_picked":["Skewer","Poisoned Stab"],"picked":"Backflip"},{"not_picked":["Acrobatics","Blade Dance"],"picked":"Backflip"},{"not_picked":["Heel Hook","Acrobatics"],"picked":"Finisher"},{"not_picked":["Backstab","Flying Knee"],"picked":"Adrenaline"},{"not_picked":["Acrobatics","Setup"],"picked":"Poisoned Stab"},{"not_picked":["Underhanded Strike","Setup"],"picked":"Footwork"},{"not_picked":["Cloak And Dagger","Setup"],"picked":"Outmaneuver"},{"not_picked":["Terror","Deadly Poison"],"picked":"Envenom"},{"not_picked":["Night Terror","Tactician"],"picked":"Envenom"},{"not_picked":["Backflip","Accuracy"],"picked":"Flying Knee"},{"not_picked":["Riddle With Holes","PiercingWail"],"picked":"Deadly Poison"},{"not_picked":["Crippling Poison","Reflex"],"picked":"Flying Knee"},{"not_picked":["Escape Plan","Backflip"],"picked":"Bane"},{"not_picked":["Infinite Blades","Acrobatics"],"picked":"Flying Knee"},{"not_picked":["Choke","Caltrops"],"picked":"Bouncing Flask"},{"not_picked":["Dagger Throw","Poisoned Stab"],"picked":"Burst"},{"not_picked":["Quick Slash","Blur"],"picked":"Outmaneuver"},{"not_picked":["A Thousand Cuts","Glass Knife"],"picked":"Corpse Explosion"},{"not_picked":["Dagger Throw","Choke"],"picked":"Bane"},{"not_picked":["Sucker Punch","Skewer"],"picked":"Noxious Fumes"},{"not_picked":["Bullet Time","Dagger Throw"],"picked":"Catalyst"},{"not_picked":["Malaise","Deflect"],"picked":"Poisoned Stab"},{"not_picked":["Dodge and Roll","Slice"],"picked":"Footwork"},{"not_picked":["Slice","Dagger Spray"],"picked":"Poisoned Stab"},{"not_picked":["Acrobatics","Sucker Punch"],"picked":"Adrenaline"},{"not_picked":["Slice","Sucker Punch"],"picked":"Deadly Poison"}],"player_experience":392884,"potions_floor_usage":[2,16,18,18,21,21,33,33,33,37,39,40,40,45,50],"damage_taken":[{"damage":0,"enemies":"Cultist","floor":1,"turns":3},{"damage":0,"enemies":"2 Louse","floor":2,"turns":1},{"damage":0,"enemies":"Small Slimes","floor":5,"turns":2},{"damage":7,"enemies":"Gremlin Nob","floor":7,"turns":4},{"damage":0,"enemies":"Gremlin Gang","floor":10,"turns":3},{"damage":0,"enemies":"Exordium Wildlife","floor":11,"turns":1},{"damage":0,"enemies":"Blue Slaver","floor":12,"turns":2},{"damage":0,"enemies":"Looter","floor":14,"turns":2},{"damage":26,"enemies":"Slime Boss","floor":16,"turns":15},{"damage":7,"enemies":"2 Thieves","floor":18,"turns":4},{"damage":0,"enemies":"Spheric Guardian","floor":19,"turns":1},{"damage":19,"enemies":"Centurion and Healer","floor":20,"turns":6},{"damage":5,"enemies":"Snake Plant","floor":21,"turns":4},{"damage":11,"enemies":"3 Cultists","floor":22,"turns":6},{"damage":0,"enemies":"Centurion and Healer","floor":28,"turns":4},{"damage":0,"enemies":"Snake Plant","floor":29,"turns":3},{"damage":0,"enemies":"Book of Stabbing","floor":30,"turns":4},{"damage":33,"enemies":"Automaton","floor":33,"turns":9},{"damage":0,"enemies":"Orb Walker","floor":35,"turns":3},{"damage":14,"enemies":"3 Darklings","floor":37,"turns":3},{"damage":10,"enemies":"4 Shapes","floor":39,"turns":5},{"damage":29,"enemies":"Giant Head","floor":40,"turns":7},{"damage":20,"enemies":"Maw","floor":42,"turns":4},{"damage":6,"enemies":"Sphere and 2 Shapes","floor":45,"turns":9},{"damage":1,"enemies":"3 Darklings","floor":47,"turns":4},{"damage":17,"enemies":"Maw","floor":48,"turns":5},{"damage":29,"enemies":"Donu and Deca","floor":50,"turns":3}],"event_choices":[{"event_name":"The Cleric","player_choice":"Leave","floor":3,"damage_taken":0},{"event_name":"Golden Idol","player_choice":"Ignored","floor":13,"damage_taken":0},{"event_name":"Back to Basics","player_choice":"Simplicity","floor":25,"damage_taken":0},{"event_name":"Drug Dealer","player_choice":"Ignored","floor":31,"damage_taken":0},{"event_name":"Winding Halls","player_choice":"Writhe","floor":38,"damage_taken":0}],"boss_relics":[{"not_picked":["Sozu","Ectoplasm"],"picked":"Eternal Feather"},{"not_picked":["Lizard Tail","Snecko Eye"],"picked":"The Specimen"}],"potions_floor_spawned":[1,5,11,12,16,20,28,29,30,33,39,42,48],"seed_played":"4792185374842203756","killed_by":"Donu and Deca","ascension_level":0,"is_trial":false}