{"gold_per_floor":[12,24,99,118,118,118,144,144,167,167,195,207,270,280,280,379,379,390,400,19,31,54,54,67,67,67,4,24,24,24],"floor_reached":30,"playtime":1080,"items_purged":[],"score":363,"play_id":"57913fbf-547b-4024-b561-13dd8569c107","local_time":"20190620065002","is_ascension_mode":true,"campfire_choices":[{"floor":6,"key":"REST"},{"floor":8,"key":"REST"},{"floor":10,"key":"REST"},{"floor":15,"key":"REST"},{"floor":23,"key":"REST"},{"data":"Ghostly","floor":29,"key":"SMITH"}],"neow_cost":"NO_GOLD","seed_source_timestamp":35050060478800,"circlet_count":0,"master_deck":["Strike_B","Strike_B","Strike_B","Strike_B+1","Defend_B","Defend_B","Defend_B","Defend_B","Zap","Dualcast","Storm","Ball Lightning+1","Genetic Algorithm","Self Repair","Hologram","Glacier","Defragment","BootSequence","Electrodynamics","Tempest","Reprogram","Thunder Strike","Hologram","Glacier","Glacier","Melter","Turbo","Auto Shields","Cold Snap","Ghostly+1","Ghostly","Ghostly","Ghostly","Ghostly","White Noise","Heatsinks"],"relics":["Cracked Core","Ginger","The Courier","Dream Catcher","Whetstone","Bag of Marbles","Tiny Chest","Lizard Tail","Regal Pillow","HandDrill","Strawberry","Boot"],"potions_floor_usage":[4,13,16,16,19,21,30],"damage_taken":[{"damage":1,"enemies":"Cultist","floor":1,"turns":3},{"damage":2,"enemies":"Jaw Worm","floor":2,"turns":3},{"damage":17,"enemies":"Small Slimes","floor":4,"turns":3},{"damage":39,"enemies":"3 Sentries","floor":7,"turns":7},{"damage":17,"enemies":"Gremlin Nob","floor":11,"turns":4},{"damage":4,"enemies":"Blue Slaver","floor":12,"turns":4},{"damage":10,"enemies":"3 Sentries","floor":13,"turns":5},{"damage":34,"enemies":"Gremlin Gang","floor":14,"turns":5},{"damage":48,"enemies":"Hexaghost","floor":16,"turns":13},{"damage":28,"enemies":"Spheric Guardian","floor":18,"turns":4},{"damage":33,"enemies":"Shell Parasite","floor":19,"turns":5},{"damage":29,"enemies":"Chosen and Byrds","floor":21,"turns":7},{"damage":9,"enemies":"Snake Plant","floor":24,"turns":3},{"damage":0,"enemies":"Snecko","floor":28,"turns":7},{"damage":42,"enemies":"Slavers","floor":30,"turns":3}],"seed_played":"-8512581556136035875","potions_obtained":[{"floor":1,"key":"Regen Potion"},{"floor":7,"key":"Dexterity Potion"},{"floor":11,"key":"Strength Potion"},{"floor":12,"key":"Fire Potion"},{"floor":16,"key":"Explosive Potion"},{"floor":19,"key":"AttackPotion"},{"floor":28,"key":"Swift Potion"}],"is_trial":false,"path_per_floor":["M","M","?","M","T","R","E","R","T","R","E","M","E","M","R","B",null,"M","M","$","M","T","R","M","?","T","$","M","R","E"],"character_chosen":"DEFECT","items_purchased":["Regal Pillow","Glacier","HandDrill","Melter","White Noise"],"campfire_rested":5,"item_purchase_floors":[20,20,20,20,27],"current_hp_per_floor":[74,72,61,53,53,75,36,58,58,75,65,68,65,31,53,12,59,38,5,5,23,30,69,67,41,41,41,41,41,0],"gold":24,"neow_bonus":"ONE_RARE_RELIC","is_prod":false,"is_daily":false,"chose_seed":false,"campfire_upgraded":1,"win_rate":0,"timestamp":1561027802,"path_taken":["M","?","?","M","?","R","E","R","T","R","E","M","E","?","R","BOSS","M","M","$","M","?","R","M","?","T","?","M","R","E"],"build_version":"2019-06-19","purchased_purges":0,"victory":false,"max_hp_per_floor":[75,75,75,75,75,75,75,75,75,75,75,75,75,75,75,75,75,75,75,75,75,82,82,82,41,41,41,41,41,41],"card_choices":[{"not_picked":["Rebound","Turbo"],"picked":"Storm","floor":1},{"not_picked":["Go for the Eyes","Barrage"],"picked":"Ball Lightning","floor":2},{"not_picked":["Turbo","Loop"],"picked":"Genetic Algorithm","floor":4},{"not_picked":["Ball Lightning","Conserve Battery"],"picked":"Self Repair","floor":7},{"not_picked":["Barrage","Rebound"],"picked":"Hologram","floor":8},{"not_picked":["Rainbow","Sunder"],"picked":"Glacier","floor":10},{"not_picked":["Beam Cell","Tempest"],"picked":"Defragment","floor":11},{"not_picked":["Rebound","Gash"],"picked":"BootSequence","floor":12},{"not_picked":["Coolheaded","Cold Snap"],"picked":"Electrodynamics","floor":13},{"not_picked":["BootSequence","Compile Driver"],"picked":"Tempest","floor":14},{"not_picked":["Doom and Gloom","Barrage"],"picked":"Reprogram","floor":15},{"not_picked":["Meteor Strike","Core Surge"],"picked":"Thunder Strike","floor":16},{"not_picked":["Barrage","Leap"],"picked":"Hologram","floor":18},{"not_picked":["Sweeping Beam+1","Fusion"],"picked":"Glacier","floor":19},{"not_picked":["Redo","Stack"],"picked":"Turbo","floor":21},{"not_picked":["Stack","Go for the Eyes"],"picked":"Auto Shields","floor":23},{"not_picked":["Rebound","Barrage"],"picked":"Cold Snap","floor":24},{"not_picked":["Rebound","Streamline"],"picked":"Heatsinks","floor":28}],"player_experience":1096592,"relics_obtained":[{"floor":5,"key":"The Courier"},{"floor":7,"key":"Dream Catcher"},{"floor":9,"key":"Whetstone"},{"floor":11,"key":"Bag of Marbles"},{"floor":13,"key":"Tiny Chest"},{"floor":22,"key":"Strawberry"},{"floor":26,"key":"Boot"}],"event_choices":[{"damage_healed":0,"gold_gain":75,"player_choice":"Gather Gold","damage_taken":11,"max_hp_gain":0,"max_hp_loss":0,"event_name":"World of Goop","floor":3,"gold_loss":0},{"damage_healed":0,"gold_gain":0,"player_choice":"Became a Ghost","damage_taken":0,"max_hp_gain":0,"max_hp_loss":41,"event_name":"Ghosts","floor":25,"gold_loss":0,"cards_obtained":["Ghostly","Ghostly","Ghostly","Ghostly","Ghostly"]}],"is_beta":true,"boss_relics":[{"not_picked":["Coffee Dripper","Tiny House"],"picked":"Lizard Tail"}],"items_purged_floors":[],"is_endless":false,"potions_floor_spawned":[1,7,11,12,16,19,28],"killed_by":"Slavers","ascension_level":5}