{"gold_per_floor":[113,124,137,153,140,140,171,188,213,213,226,226,226,244,244,342,342,352,368,10,21,21,21,48,67,67,86,86,102,128,179,179,279,279,294,311,327,327,339,367,367,367,415,415,118,144,144],"floor_reached":47,"playtime":3472,"items_purged":["True Grit"],"score":531,"play_id":"0a128a50-7474-4356-86e5-a78713b86da4","local_time":"20190613150419","is_ascension_mode":false,"campfire_choices":[{"data":"Body Slam","floor":6.0,"key":"SMITH"},{"floor":10.0,"key":"REST"},{"data":"Shrug It Off","floor":13.0,"key":"SMITH"},{"data":"Armaments","floor":15.0,"key":"SMITH"},{"floor":23.0,"key":"REST"},{"floor":28.0,"key":"REST"},{"floor":32.0,"key":"REST"},{"floor":42.0,"key":"REST"},{"floor":44.0,"key":"REST"}],"neow_cost":"NONE","seed_source_timestamp":7909345619200,"circlet_count":0,"master_deck":["Strike_R","Strike_R","Strike_R","Strike_R+1","Strike_R","Defend_R","Defend_R","Defend_R","Defend_R","Bash","Body Slam+1","Armaments+1","Shrug It Off+1","Iron Wave","Entrench+1","Heavy Blade","Pommel Strike+1","Demon Form","Power Through","Limit Break","Flex","Cleave+1","Dropkick","Body Slam+1","Limit Break","Second Wind","Shrug It Off+1","Shrug It Off+1","Parasite","Power Through","Flex","PanicButton"],"special_seed":0,"relics":["Black Blood","Vajra","Art of War","Fusion Hammer","Strange Spoon","Anchor","Lantern","Ancient Tea Set","Whetstone","Blood Vial","Orichalcum","Dream Catcher"],"potions_floor_usage":[46,46,46],"damage_taken":[{"damage":9.0,"enemies":"Cultist","floor":1.0,"turns":4.0},{"damage":10.0,"enemies":"Jaw Worm","floor":2.0,"turns":4.0},{"damage":4.0,"enemies":"2 Louse","floor":3.0,"turns":3.0},{"damage":3.0,"enemies":"Red Slaver","floor":4.0,"turns":5.0},{"damage":19.0,"enemies":"Exordium Thugs","floor":5.0,"turns":4.0},{"damage":46.0,"enemies":"Gremlin Nob","floor":7.0,"turns":6.0},{"damage":1.0,"enemies":"Large Slime","floor":8.0,"turns":7.0},{"damage":0.0,"enemies":"Blue Slaver","floor":11.0,"turns":3.0},{"damage":14.0,"enemies":"Exordium Thugs","floor":14.0,"turns":7.0},{"damage":24.0,"enemies":"The Guardian","floor":16.0,"turns":14.0},{"damage":17.0,"enemies":"Spheric Guardian","floor":18.0,"turns":4.0},{"damage":21.0,"enemies":"Shell Parasite","floor":19.0,"turns":9.0},{"damage":5.0,"enemies":"Shelled Parasite and Fungi","floor":21.0,"turns":6.0},{"damage":28.0,"enemies":"Book of Stabbing","floor":24.0,"turns":7.0},{"damage":32.0,"enemies":"3 Cultists","floor":25.0,"turns":6.0},{"damage":12.0,"enemies":"Centurion and Healer","floor":27.0,"turns":6.0},{"damage":13.0,"enemies":"Snake Plant","floor":29.0,"turns":4.0},{"damage":17.0,"enemies":"Slavers","floor":30.0,"turns":5.0},{"damage":54.0,"enemies":"Champ","floor":33.0,"turns":10.0},{"damage":0.0,"enemies":"3 Shapes","floor":35.0,"turns":5.0},{"damage":0.0,"enemies":"Orb Walker","floor":36.0,"turns":2.0},{"damage":27.0,"enemies":"Transient","floor":37.0,"turns":5.0},{"damage":5.0,"enemies":"Writhing Mass","floor":39.0,"turns":6.0},{"damage":55.0,"enemies":"Nemesis","floor":40.0,"turns":7.0},{"damage":85,"enemies":"Reptomancer","floor":46,"turns":6},{"damage":21,"enemies":"4 Shapes","floor":47,"turns":8}],"seed_played":"6378739154505896386","potions_obtained":[{"floor":4.0,"key":"Block Potion"},{"floor":5.0,"key":"Dexterity Potion"},{"floor":7.0,"key":"GamblersBrew"},{"floor":8.0,"key":"Block Potion"},{"floor":25.0,"key":"SpeedPotion"},{"floor":27.0,"key":"Ancient Potion"},{"floor":29.0,"key":"Weak Potion"},{"floor":30.0,"key":"SteroidPotion"},{"floor":33.0,"key":"Fruit Juice"},{"floor":36.0,"key":"Strength Potion"},{"floor":46,"key":"SkillPotion"}],"is_trial":false,"path_per_floor":["M","M","M","M","M","R","E","M","T","R","M","?","R","M","R","B",null,"M","M","$","M","?","R","E","M","T","M","R","M","E","T","R","B",null,"M","M","M","?","M","E","?","R","T","R","$","E","M"],"character_chosen":"IRONCLAD","items_purchased":["Limit Break","Strange Spoon","Flex","PanicButton","EssenceOfSteel"],"campfire_rested":6,"item_purchase_floors":[20,20,45,45,45],"current_hp_per_floor":[85,81,83,86,73,73,33,38,38,64,70,70,70,62,62,44,88,77,62,62,63,55,81,59,33,33,27,53,46,35,35,61,13,88,88,93,76,76,81,36,36,63,63,90,90,17,0],"gold":144,"neow_bonus":"TEN_PERCENT_HP_BONUS","is_prod":false,"is_daily":false,"chose_seed":false,"campfire_upgraded":3,"win_rate":0,"timestamp":1560456259,"path_taken":["M","M","M","M","?","R","E","M","T","R","M","?","R","?","R","BOSS","M","M","$","M","?","R","E","?","T","M","R","M","E","?","R","BOSS","M","M","M","?","M","E","?","R","T","R","$","E","?"],"build_version":"2019-01-23","purchased_purges":1,"victory":false,"max_hp_per_floor":[88,88,88,88,88,88,88,88,88,88,88,88,88,88,88,88,88,88,88,88,88,88,88,88,88,88,88,88,88,88,88,88,88,88,88,93,93,93,93,93,93,93,93,93,93,93,93],"card_choices":[{"not_picked":["True Grit","Sever Soul"],"picked":"Body Slam","floor":1.0},{"not_picked":["Shockwave","Bloodletting"],"picked":"Armaments","floor":2.0},{"not_picked":["Carnage","Clash"],"picked":"Shrug It Off","floor":3.0},{"not_picked":["Heavy Blade","Bludgeon"],"picked":"Iron Wave","floor":4.0},{"not_picked":["Pommel Strike","Headbutt"],"picked":"Entrench","floor":5.0},{"not_picked":["Sword Boomerang","Armaments"],"picked":"Heavy Blade","floor":7.0},{"not_picked":["Sword Boomerang","Whirlwind"],"picked":"Pommel Strike","floor":8.0},{"not_picked":["Flame Barrier","Anger","Thunderclap"],"picked":"SKIP","floor":11.0},{"not_picked":["Metallicize","Perfected Strike","Armaments"],"picked":"SKIP","floor":14.0},{"not_picked":["Reaper","Exhume"],"picked":"Demon Form","floor":16.0},{"not_picked":["Battle Trance","Rampage"],"picked":"True Grit","floor":18.0},{"not_picked":["Seeing Red","Flex"],"picked":"Power Through","floor":19.0},{"not_picked":["Headbutt","Iron Wave","Perfected Strike+1"],"picked":"SKIP","floor":21.0},{"not_picked":["Anger","Combust"],"picked":"Flex","floor":24.0},{"not_picked":["Thunderclap+1","Havoc"],"picked":"Cleave+1","floor":25.0},{"not_picked":["Twin Strike","Sword Boomerang"],"picked":"Dropkick","floor":27.0},{"not_picked":["Wild Strike","Armaments"],"picked":"Body Slam+1","floor":29.0},{"not_picked":["Fire Breathing","Havoc+1","Bloodletting"],"picked":"SKIP","floor":30.0},{"not_picked":["Brutality","Reaper"],"picked":"Limit Break","floor":33.0},{"not_picked":["True Grit","Sentinel"],"picked":"Second Wind","floor":35.0},{"not_picked":["Havoc","Clash+1"],"picked":"Shrug It Off+1","floor":36.0},{"not_picked":["Havoc+1","Clash+1"],"picked":"Shrug It Off+1","floor":37.0},{"not_picked":["Spot Weakness","Whirlwind"],"picked":"Power Through","floor":39.0},{"not_picked":["Feel No Pain","Hemokinesis","Berserk"],"picked":"SKIP","floor":40.0},{"not_picked":["Rupture","Wild Strike","Bloodletting+1"],"picked":"SKIP","floor":46}],"player_experience":365240,"relics_obtained":[{"floor":7.0,"key":"Vajra"},{"floor":9.0,"key":"Art of War"},{"floor":24.0,"key":"Anchor"},{"floor":26.0,"key":"Lantern"},{"floor":30.0,"key":"Ancient Tea Set"},{"floor":31.0,"key":"Whetstone"},{"floor":40.0,"key":"Blood Vial"},{"floor":43.0,"key":"Orichalcum"},{"floor":46,"key":"Dream Catcher"}],"event_choices":[{"damage_healed":0.0,"max_hp_gain":0.0,"max_hp_loss":0.0,"gold_gain":0.0,"event_name":"Accursed Blacksmith","player_choice":"Forge","floor":12.0,"gold_loss":0.0,"damage_taken":0.0,"cards_upgraded":["Entrench"]},{"damage_healed":0.0,"max_hp_gain":0.0,"max_hp_loss":0.0,"gold_gain":0.0,"event_name":"Wheel of Change","player_choice":"Damaged","floor":22.0,"gold_loss":0.0,"damage_taken":8.0},{"damage_healed":0.0,"max_hp_gain":0.0,"max_hp_loss":0.0,"gold_gain":0.0,"event_name":"Tomb of Lord Red Mask","player_choice":"Ignored","floor":38.0,"gold_loss":0.0,"damage_taken":0.0},{"damage_healed":0.0,"max_hp_gain":0.0,"max_hp_loss":0.0,"gold_gain":0.0,"event_name":"SecretPortal","player_choice":"Ignored","floor":41.0,"gold_loss":0.0,"damage_taken":0.0}],"is_beta":false,"boss_relics":[{"not_picked":["Runic Dome","Sozu"],"picked":"Fusion Hammer"},{"not_picked":["Busted Crown","Tiny House"],"picked":"Black Blood"}],"items_purged_floors":[45],"is_endless":false,"potions_floor_spawned":[4,5,7,8,11,25,27,29,30,33,36,40,46],"killed_by":"4 Shapes","ascension_level":0}