{"gold_per_floor":[117,77,38,55,5,5,59,59,59,59,59,70,102,114,126,239,251,279,291,322,334,358,370],"floor_reached":23,"playtime":873,"items_purged":[],"score":297,"play_id":"23069750-d713-49cf-b6fe-b8b5b293b94f","local_time":"20190703142854","is_ascension_mode":true,"campfire_choices":[{"floor":6.0,"key":"DIG"},{"floor":8.0,"key":"DIG"},{"floor":10.0,"key":"DIG"},{"floor":15.0,"key":"DIG"}],"neow_cost":"CURSE","seed_source_timestamp":0,"circlet_count":0,"master_deck":["Strike_R","Strike_R","Strike_R","Strike_R","Defend_R","Defend_R","Defend_R","Defend_R","Bash","Dropkick","Flex","Ghostly Armor+1","Headbutt","Feed","Dual Wield+1","Writhe","Rage+1","Spot Weakness+1","Heavy Blade"],"special_seed":0,"relics":["Burning Blood","Shovel","PreservedInsect","Dream Catcher","WingedGreaves","Ornamental Fan","Sundial","Toxic Egg 2","MawBank","Bronze Scales","Cursed Key","Bag of Preparation"],"potions_floor_usage":[16,18,20,22],"damage_taken":[{"damage":6.0,"enemies":"2 Louse","floor":1.0,"turns":3.0},{"damage":4.0,"enemies":"Cultist","floor":4.0,"turns":3.0},{"damage":7.0,"enemies":"Jaw Worm","floor":12.0,"turns":2.0},{"damage":0.0,"enemies":"Gremlin Nob","floor":13.0,"turns":2.0},{"damage":45,"enemies":"The Guardian","floor":16,"turns":13},{"damage":2,"enemies":"3 Byrds","floor":18,"turns":2},{"damage":18,"enemies":"2 Thieves","floor":20,"turns":5},{"damage":55,"enemies":"Centurion and Healer","floor":22,"turns":9},{"damage":30,"enemies":"Book of Stabbing","floor":23,"turns":4}],"seed_played":"-6283402827092745129","potions_obtained":[{"floor":2.0,"key":"SmokeBomb"},{"floor":2.0,"key":"AttackPotion"},{"floor":2.0,"key":"Explosive Potion"},{"floor":4.0,"key":"AttackPotion"},{"floor":13.0,"key":"Explosive Potion"},{"floor":16,"key":"PowerPotion"},{"floor":18,"key":"PowerPotion"},{"floor":20,"key":"Regen Potion"}],"is_trial":false,"path_per_floor":["M","?","$","M","?","R","T","R","T","R","?","M","E","?","R","B",null,"M","?","M","?","M","E"],"character_chosen":"IRONCLAD","items_purchased":["Dropkick"],"campfire_rested":0,"item_purchase_floors":[3],"current_hp_per_floor":[72,72,72,74,74,74,74,74,74,74,74,73,79,72,72,33,68,72,72,63,63,29,0],"gold":370,"neow_bonus":"ONE_RARE_RELIC","is_prod":false,"is_daily":false,"chose_seed":false,"campfire_upgraded":0,"win_rate":0,"timestamp":1562178534,"path_taken":["M","?","$","?","?","R","?","R","T","R","?","?","E","?","R","BOSS","M","?","M","?","M","E"],"build_version":"2019-06-30","purchased_purges":0,"victory":false,"max_hp_per_floor":[80,80,80,80,80,80,80,80,80,80,80,80,80,80,80,80,80,80,80,83,83,83,83],"card_choices":[{"not_picked":["Pommel Strike","Thunderclap"],"picked":"Disarm","floor":1.0},{"not_picked":["Blood for Blood","Fire Breathing"],"picked":"Flex","floor":4.0},{"not_picked":["Body Slam","Disarm+1"],"picked":"Ghostly Armor+1","floor":12.0},{"not_picked":["Power Through+1","Reckless Charge"],"picked":"Headbutt","floor":13.0},{"not_picked":["Offering+1","Dark Embrace"],"picked":"Feed","floor":16},{"not_picked":["Clothesline","Dropkick"],"picked":"Dual Wield+1","floor":18},{"not_picked":["Sword Boomerang","Rupture"],"picked":"Rage+1","floor":20},{"not_picked":["Whirlwind","True Grit+1"],"picked":"Heavy Blade","floor":22}],"player_experience":1173225,"relics_obtained":[{"floor":6.0,"key":"PreservedInsect"},{"floor":7.0,"key":"Dream Catcher"},{"floor":8.0,"key":"WingedGreaves"},{"floor":9.0,"key":"Ornamental Fan"},{"floor":10.0,"key":"Sundial"},{"floor":13.0,"key":"MawBank"},{"floor":15.0,"key":"Bronze Scales"}],"event_choices":[{"damage_healed":0.0,"max_hp_gain":0.0,"max_hp_loss":0.0,"gold_gain":0.0,"event_name":"The Woman in Blue","player_choice":"Bought 3 Potions","floor":2.0,"gold_loss":0.0,"damage_taken":0.0},{"cards_removed":["Decay"],"damage_healed":0.0,"max_hp_gain":0.0,"max_hp_loss":0.0,"gold_gain":0.0,"event_name":"The Cleric","player_choice":"Card Removal","floor":5.0,"gold_loss":50.0,"damage_taken":0.0},{"cards_removed":["Disarm"],"damage_healed":0.0,"max_hp_gain":0.0,"max_hp_loss":0.0,"gold_gain":0.0,"event_name":"WeMeetAgain","player_choice":"Gave Card","floor":11.0,"gold_loss":0.0,"damage_taken":0.0,"relics_obtained":["Toxic Egg 2"]},{"cards_removed":["Strike_R"],"damage_healed":0.0,"max_hp_gain":0.0,"max_hp_loss":0.0,"gold_gain":0.0,"event_name":"Golden Wing","player_choice":"Card Removal","floor":14.0,"gold_loss":0.0,"damage_taken":7.0},{"damage_healed":0,"gold_gain":0,"player_choice":"Opened","damage_taken":0,"relics_obtained":["Bag of Preparation"],"max_hp_gain":0,"max_hp_loss":0,"event_name":"The Mausoleum","floor":19,"gold_loss":0,"cards_obtained":["Writhe"]},{"damage_healed":0,"gold_gain":0,"player_choice":"Read","damage_taken":0,"max_hp_gain":0,"max_hp_loss":0,"event_name":"The Library","floor":21,"gold_loss":0,"cards_obtained":["Spot Weakness"]}],"is_beta":true,"boss_relics":[{"not_picked":["Snecko Eye","Astrolabe"],"picked":"Cursed Key"}],"items_purged_floors":[],"is_endless":false,"potions_floor_spawned":[4,13,16,18,20],"killed_by":"Book of Stabbing","ascension_level":8}