{"gold_per_floor":[119,129,144,144,159,159,184,200,224,236,304,30,40,68,68,170,170,183,201,211,126,126,126,126,144,144,156,64,76,103,122,122,225,225,238,238,256,256,256,284,284,314,314,340,35,63,63,83,83,83],"floor_reached":50,"playtime":2577,"items_purged":[],"score":789,"play_id":"5136fde5-9ed8-400d-b8cf-08140091b437","local_time":"20190524152623","daily_mods":["Draft"],"is_ascension_mode":false,"campfire_choices":[{"data":"Sunder","floor":6.0,"key":"SMITH"},{"data":"Rip and Tear","floor":15.0,"key":"SMITH"},{"data":"Creative AI","floor":23.0,"key":"SMITH"},{"floor":32.0,"key":"REST"},{"floor":41,"key":"REST"},{"floor":49,"key":"REST"}],"neow_cost":"","seed_source_timestamp":0,"circlet_count":0,"master_deck":["Sunder+1","Steam","Gash+1","Steam","Rip and Tear+1","Blizzard","Rebound","Rebound","Steam","Chill","FTL","Glacier","Coolheaded","Beam Cell","BootSequence","Blizzard","Cold Snap","Darkness","Skim","Streamline","Beam Cell","Gash","Biased Cognition","Leap","Consume+1","Self Repair+1","Creative AI+1","Ball Lightning+1","Rip and Tear","Bandage Up","Beam Cell","FTL+1","Cold Snap","Electrodynamics","Ball Lightning+1","Madness","Madness","Aggregate+1","Bandage Up","Purity","HandOfGreed","White Noise+1","Parasite","Steam+1","Consume+1","White Noise","Lockon+1"],"special_seed":0,"relics":["FrozenCore","Symbiotic Virus","Strawberry","MawBank","Blood Vial","Pear","Bronze Scales","Inserter","Darkstone Periapt","Letter Opener","Bottled Lightning","PreservedInsect","Cables","Whetstone","Gambling Chip","Question Card"],"potions_floor_usage":[40,40,44,44],"damage_taken":[{"damage":0.0,"enemies":"2 Louse","floor":1.0,"turns":2.0},{"damage":0.0,"enemies":"Cultist","floor":2.0,"turns":2.0},{"damage":0.0,"enemies":"Jaw Worm","floor":3.0,"turns":3.0},{"damage":0.0,"enemies":"Exordium Wildlife","floor":5.0,"turns":4.0},{"damage":3.0,"enemies":"3 Sentries","floor":7.0,"turns":7.0},{"damage":0.0,"enemies":"Large Slime","floor":8.0,"turns":5.0},{"damage":1.0,"enemies":"3 Sentries","floor":11.0,"turns":5.0},{"damage":0.0,"enemies":"Looter","floor":13.0,"turns":2.0},{"damage":15.0,"enemies":"Lagavulin","floor":14.0,"turns":4.0},{"damage":45.0,"enemies":"The Guardian","floor":16.0,"turns":10.0},{"damage":20.0,"enemies":"Shell Parasite","floor":18.0,"turns":4.0},{"damage":6.0,"enemies":"3 Byrds","floor":19.0,"turns":4.0},{"damage":0.0,"enemies":"Centurion and Healer","floor":20.0,"turns":3.0},{"damage":27.0,"enemies":"3 Cultists","floor":25.0,"turns":4.0},{"damage":16.0,"enemies":"Cultist and Chosen","floor":27.0,"turns":6.0},{"damage":16.0,"enemies":"Snecko","floor":29.0,"turns":4.0},{"damage":25.0,"enemies":"Slavers","floor":30.0,"turns":4.0},{"damage":0.0,"enemies":"Chosen and Byrds","floor":31.0,"turns":3.0},{"damage":49.0,"enemies":"Collector","floor":33.0,"turns":13.0},{"damage":17.0,"enemies":"Orb Walker","floor":35.0,"turns":4.0},{"damage":0.0,"enemies":"3 Shapes","floor":37.0,"turns":3.0},{"damage":16,"enemies":"Nemesis","floor":40,"turns":7},{"damage":12,"enemies":"Writhing Mass","floor":42,"turns":8},{"damage":17,"enemies":"Reptomancer","floor":44,"turns":7},{"damage":72,"enemies":"Giant Head","floor":46,"turns":10},{"damage":1,"enemies":"Maw","floor":48,"turns":8},{"damage":100,"enemies":"Awakened One","floor":50,"turns":6}],"seed_played":"8996405071044607699","potions_obtained":[{"floor":3.0,"key":"Explosive Potion"},{"floor":7.0,"key":"Poison Potion"},{"floor":11.0,"key":"AttackPotion"},{"floor":13.0,"key":"AttackPotion"},{"floor":20.0,"key":"FocusPotion"},{"floor":27.0,"key":"SkillPotion"},{"floor":30.0,"key":"SkillPotion"},{"floor":31.0,"key":"Fire Potion"},{"floor":33.0,"key":"LiquidBronze"},{"floor":35.0,"key":"Strength Potion"},{"floor":37,"key":"FocusPotion"},{"floor":40,"key":"LiquidBronze"},{"floor":42,"key":"Fire Potion"}],"is_trial":true,"path_per_floor":["M","M","M","?","M","R","E","M","T","?","?","$","M","E","R","B",null,"M","M","M","?","?","R","?","M","T","M","$","M","E","M","R","B",null,"M","?","M","?","?","E","R","M","T","E","$","E","?","M","R","B"],"character_chosen":"DEFECT","items_purchased":["Pear","Streamline","Bandage Up","Gambling Chip"],"campfire_rested":3,"item_purchase_floors":[12,12,28,45],"current_hp_per_floor":[75,75,75,75,75,75,79,79,79,84,83,93,95,82,82,39,97,77,73,75,75,75,75,75,60,60,56,56,56,47,53,82,49,97,80,68,74,64,64,58,87,101,101,100,100,44,44,63,93,0],"gold":83,"neow_bonus":"","is_prod":false,"is_daily":false,"chose_seed":false,"campfire_upgraded":3,"win_rate":0,"timestamp":1558725983,"path_taken":["M","M","M","?","M","R","E","?","T","?","?","?","M","E","R","BOSS","M","M","M","?","?","R","?","?","T","M","$","M","E","M","R","BOSS","M","?","M","?","?","E","R","M","T","E","$","E","?","M","R","BOSS"],"build_version":"2019-05-24","purchased_purges":0,"victory":false,"max_hp_per_floor":[75,75,75,75,75,75,82,82,82,87,87,97,97,97,97,97,97,97,97,97,97,97,97,97,97,97,97,97,97,97,97,97,97,97,97,97,97,97,97,97,97,103,103,103,103,103,103,103,103,103],"card_choices":[{"not_picked":["Streamline","Ball Lightning"],"picked":"Sunder","floor":0.0},{"not_picked":["Ball Lightning","Conserve Battery"],"picked":"Steam","floor":0.0},{"not_picked":["Static Discharge","Coolheaded"],"picked":"Gash","floor":0.0},{"not_picked":["Stack","Storm"],"picked":"Steam","floor":0.0},{"not_picked":["Sweeping Beam","Compile Driver"],"picked":"Rip and Tear","floor":0.0},{"not_picked":["Stack","Sweeping Beam"],"picked":"Blizzard","floor":0.0},{"not_picked":["Heatsinks","Go for the Eyes"],"picked":"Rebound","floor":0.0},{"not_picked":["Stack","Compile Driver"],"picked":"Rebound","floor":0.0},{"not_picked":["Redo","Streamline"],"picked":"Steam","floor":0.0},{"not_picked":["Go for the Eyes","Compile Driver"],"picked":"Steam","floor":0.0},{"not_picked":["Barrage","Gash"],"picked":"Chill","floor":0.0},{"not_picked":["Stack","Beam Cell"],"picked":"FTL","floor":0.0},{"not_picked":["Streamline","Blizzard"],"picked":"Glacier","floor":0.0},{"not_picked":["Tempest","Reinforced Body"],"picked":"Coolheaded","floor":0.0},{"not_picked":["Stack","Go for the Eyes"],"picked":"Beam Cell","floor":0.0},{"not_picked":["Leap","Skim"],"picked":"Consume","floor":1.0},{"not_picked":["Streamline","Reprogram"],"picked":"BootSequence","floor":2.0},{"not_picked":["Lockon","Streamline"],"picked":"Blizzard","floor":3.0},{"not_picked":["Hologram","Sweeping Beam"],"picked":"Cold Snap","floor":5.0},{"not_picked":["Heatsinks","Tempest"],"picked":"Coolheaded","floor":7.0},{"not_picked":["Defragment","Cold Snap"],"picked":"Darkness","floor":8.0},{"not_picked":["Tempest","Steam"],"picked":"Skim","floor":11.0},{"not_picked":["Compile Driver","Tempest"],"picked":"Beam Cell","floor":13.0},{"not_picked":["Sweeping Beam","Beam Cell"],"picked":"Gash","floor":14.0},{"not_picked":["Multi-Cast","Thunder Strike"],"picked":"Biased Cognition","floor":16.0},{"not_picked":["Sweeping Beam","Streamline"],"picked":"Leap","floor":18.0},{"not_picked":["Turbo","Hologram"],"picked":"Consume+1","floor":19.0},{"not_picked":["Turbo","Defragment"],"picked":"Self Repair+1","floor":20.0},{"not_picked":["Melter","Genetic Algorithm"],"picked":"Ball Lightning+1","floor":25.0},{"not_picked":["Stack","Thunder Strike"],"picked":"Rip and Tear","floor":27.0},{"not_picked":["Redo","Ball Lightning"],"picked":"Beam Cell","floor":29.0},{"not_picked":["Compile Driver+1","Melter"],"picked":"FTL","floor":30.0},{"not_picked":["Steam","Redo"],"picked":"Cold Snap","floor":31.0},{"not_picked":["Meteor Strike","Biased Cognition"],"picked":"Electrodynamics","floor":33.0},{"not_picked":["Leap","Steam+1"],"picked":"Ball Lightning+1","floor":35.0},{"not_picked":["Sunder","Stack+1"],"picked":"Aggregate+1","floor":37},{"not_picked":["Finesse","Swift Strike"],"picked":"Bandage Up","floor":38},{"not_picked":["Flash of Steel","Forethought"],"picked":"Purity","floor":38},{"not_picked":["Panacea","PanicButton"],"picked":"HandOfGreed","floor":38},{"not_picked":["Force Field","Melter+1"],"picked":"White Noise+1","floor":40},{"not_picked":["Turbo+1","Cold Snap"],"picked":"Steam+1","floor":42},{"not_picked":["Stack+1","Rebound+1"],"picked":"Consume+1","floor":44},{"not_picked":["Turbo","Reinforced Body"],"picked":"White Noise","floor":46},{"not_picked":["Reinforced Body","Defragment","Redo"],"picked":"Lockon+1","floor":48}],"player_experience":912044,"relics_obtained":[{"floor":7.0,"key":"Strawberry"},{"floor":9.0,"key":"MawBank"},{"floor":11.0,"key":"Blood Vial"},{"floor":14.0,"key":"Bronze Scales"},{"floor":26.0,"key":"Letter Opener"},{"floor":30.0,"key":"Bottled Lightning"},{"floor":40,"key":"PreservedInsect"},{"floor":43,"key":"Cables"},{"floor":44,"key":"Whetstone"},{"floor":46,"key":"Question Card"}],"event_choices":[{"damage_healed":0.0,"max_hp_gain":0.0,"max_hp_loss":0.0,"gold_gain":0.0,"event_name":"WeMeetAgain","player_choice":"Gave Potion","floor":4.0,"gold_loss":0.0,"damage_taken":0.0,"relics_obtained":["Symbiotic Virus"]},{"damage_healed":0.0,"max_hp_gain":5.0,"max_hp_loss":0.0,"gold_gain":0.0,"event_name":"Big Fish","player_choice":"Donut","floor":10.0,"gold_loss":0.0,"damage_taken":0.0},{"damage_healed":0.0,"max_hp_gain":0.0,"max_hp_loss":0.0,"gold_gain":0.0,"event_name":"Dead Adventurer","player_choice":"Searched \u00271\u0027 times","floor":11.0,"gold_loss":0.0,"damage_taken":0.0},{"damage_healed":0.0,"max_hp_gain":0.0,"max_hp_loss":0.0,"gold_gain":0.0,"event_name":"Addict","player_choice":"Obtained Relic","floor":21.0,"gold_loss":85.0,"damage_taken":0.0,"relics_obtained":["Darkstone Periapt"]},{"damage_healed":0.0,"max_hp_gain":0.0,"max_hp_loss":0.0,"gold_gain":0.0,"event_name":"The Library","player_choice":"Read","floor":22.0,"gold_loss":0.0,"damage_taken":0.0,"cards_obtained":["Creative AI"]},{"cards_removed":["Consume"],"damage_healed":0.0,"max_hp_gain":0.0,"max_hp_loss":0.0,"gold_gain":0.0,"event_name":"Back to Basics","player_choice":"Elegance","floor":24.0,"gold_loss":0.0,"damage_taken":0.0},{"damage_healed":0.0,"max_hp_gain":0.0,"max_hp_loss":0.0,"gold_gain":0.0,"event_name":"Winding Halls","player_choice":"Embrace Madness","floor":36.0,"gold_loss":0.0,"damage_taken":12.0,"cards_obtained":["Madness","Madness"]},{"damage_healed":0,"gold_gain":0,"player_choice":"Memory 3","damage_taken":10,"max_hp_gain":0,"max_hp_loss":0,"event_name":"SensoryStone","floor":38,"gold_loss":0},{"cards_removed":["Steam"],"damage_healed":0,"gold_gain":0,"player_choice":"Removed Skill","damage_taken":0,"max_hp_gain":0,"max_hp_loss":0,"event_name":"Falling","floor":39,"gold_loss":0},{"cards_removed":["Coolheaded"],"damage_healed":0,"gold_gain":0,"player_choice":"Purged","damage_taken":0,"max_hp_gain":0,"max_hp_loss":0,"event_name":"Purifier","floor":47,"gold_loss":0}],"is_beta":true,"boss_relics":[{"not_picked":["Runic Pyramid","Cursed Key"],"picked":"Inserter"},{"not_picked":["Astrolabe","Black Star"],"picked":"FrozenCore"}],"items_purged_floors":[],"is_endless":true,"potions_floor_spawned":[3,7,11,13,20,27,30,31,33,35,37,40,42],"killed_by":"Awakened One","ascension_level":0}