{"path_per_floor":["M","?","?","$","?","R","M","M","T","$","M","E","$","M","R","B",null,"M","$","M","?"],"character_chosen":"IRONCLAD","items_purchased":["Inflame","Impervious","Madness"],"gold_per_floor":[115,115,115,40,40,40,55,71,95,23,44,80,12,27,27,147,147,160,1,25,25,25],"floor_reached":22,"campfire_rested":0,"playtime":593,"current_hp_per_floor":[74,71,71,71,71,71,71,77,77,77,73,58,58,59,59,26,80,57,57,27,27,0],"items_purged":["Defend_R","Decay"],"gold":25,"score":184,"play_id":"dd1ddefa-91f2-4719-b28b-cf393702a29c","local_time":"20180415231331","is_prod":false,"is_daily":false,"chose_seed":false,"is_ascension_mode":false,"campfire_upgraded":2,"timestamp":1523848411,"path_taken":["M","?","?","$","?","R","M","M","T","$","M","E","?","M","R","BOSS","M","$","M","?","M"],"build_version":"2018-04-12","seed_source_timestamp":19112645860716,"purchased_purges":2,"victory":false,"master_deck":["Strike_R","Strike_R","Strike_R","Strike_R","Strike_R","Defend_R","Defend_R","Defend_R","Bash+1","Cleave+1","Injury","Reaper","Inflame+1","Cleave","Impervious","Exhume","Clumsy","Doubt","Madness"],"max_hp_per_floor":[80,80,80,80,80,80,80,80,80,80,80,80,80,80,80,80,80,80,80,80,80,80],"relics":["Burning Blood","Du-Vu Doll","Golden Idol","Lantern","Dream Catcher","Calling Bell","Blood Vial","Juzu Bracelet","The Courier"],"card_choices":[{"not_picked":["Corruption","Twin Strike"],"picked":"Cleave","floor":1},{"not_picked":["Pommel Strike","True Grit"],"picked":"Reaper","floor":8},{"not_picked":["Rupture","Body Slam"],"picked":"Cleave","floor":11},{"not_picked":["Brutality","Berserk"],"picked":"Exhume","floor":16}],"player_experience":653417,"potions_floor_usage":[14,16,18],"damage_taken":[{"damage":12,"enemies":"2 Louse","floor":1,"turns":3},{"damage":6,"enemies":"Jaw Worm","floor":7,"turns":2},{"damage":0,"enemies":"Small Slimes","floor":8,"turns":2},{"damage":10,"enemies":"Exordium Wildlife","floor":11,"turns":4},{"damage":31,"enemies":"Lagavulin","floor":12,"turns":5},{"damage":15,"enemies":"Exordium Thugs","floor":14,"turns":4},{"damage":51,"enemies":"Hexaghost","floor":16,"turns":9},{"damage":38,"enemies":"Shell Parasite","floor":18,"turns":5},{"damage":48,"enemies":"3 Byrds","floor":20,"turns":5},{"damage":31,"enemies":"Slaver and Parasite","floor":22,"turns":2}],"event_choices":[{"event_name":"Scrap Ooze","player_choice":"success","floor":2,"damage_taken":3},{"event_name":"Living Wall","player_choice":"Grow","floor":3,"damage_taken":0},{"event_name":"Golden Idol","player_choice":"Take Wound","floor":5,"damage_taken":0},{"event_name":"Beggar","player_choice":"Ignored","floor":21,"damage_taken":0}],"boss_relics":[{"not_picked":["Lizard Tail","Runic Dome"],"picked":"Calling Bell"}],"potions_floor_spawned":[1,12,16],"seed_played":"6084892658971637537","killed_by":"Slaver and Parasite","ascension_level":0,"is_trial":false}