{"path_per_floor":["M","M","?","$","M","R","?","M","T","M","E","T"],"character_chosen":"DEFECT","items_purchased":["White Noise","Melter"],"gold_per_floor":[111,131,131,19,31,31,106,117,187,203,233,313,313],"floor_reached":13,"campfire_rested":0,"playtime":395,"current_hp_per_floor":[75,74,79,79,79,79,68,64,64,60,32,32,0],"items_purged":[],"gold":313,"score":85,"play_id":"3c6517b4-b0f0-40e6-808c-33f1d306b10c","local_time":"20180515111706","is_prod":false,"is_daily":false,"chose_seed":false,"is_ascension_mode":false,"campfire_upgraded":1,"timestamp":1526397426,"path_taken":["M","M","?","$","M","R","?","?","T","M","E","?","?"],"build_version":"2018-05-14v2","seed_source_timestamp":160040775223387,"purchased_purges":0,"victory":false,"master_deck":["Strike_B","Strike_B","Strike_B","Strike_B","Defend_B","Defend_B","Defend_B","Defend_B","Zap","Dualcast","White Noise","Rainbow+1","White Noise","Melter","Redo","Beam Cell","Defragment","Cold Snap"],"max_hp_per_floor":[75,75,80,80,80,80,80,80,80,80,80,80,80],"relics":["Black Star","Darkstone Periapt","DataDisk","Art of War","Matryoshka"],"card_choices":[{"not_picked":["Barrage","Beam Cell"],"picked":"White Noise","floor":1},{"not_picked":["Go for the Eyes","Stack"],"picked":"Rainbow","floor":2},{"not_picked":["Heatsinks","Static Discharge"],"picked":"Redo","floor":5},{"not_picked":["Coolheaded","Streamline"],"picked":"Beam Cell","floor":8},{"not_picked":["Undo","Sweeping Beam"],"picked":"Defragment","floor":10},{"not_picked":["Ball Lightning","Turbo"],"picked":"Cold Snap","floor":11}],"player_experience":270535,"potions_floor_usage":[5,10],"damage_taken":[{"damage":0,"enemies":"2 Louse","floor":1,"turns":3},{"damage":1,"enemies":"Jaw Worm","floor":2,"turns":4},{"damage":0,"enemies":"Small Slimes","floor":5,"turns":3},{"damage":4,"enemies":"Blue Slaver","floor":8,"turns":5},{"damage":4,"enemies":"Red Slaver","floor":10,"turns":3},{"damage":28,"enemies":"Gremlin Nob","floor":11,"turns":5},{"damage":33,"enemies":"Exordium Wildlife","floor":13,"turns":3}],"relics_obtained":[{"floor":9,"key":"Darkstone Periapt"},{"floor":11,"key":"DataDisk"},{"floor":11,"key":"Art of War"},{"floor":12,"key":"Matryoshka"}],"event_choices":[{"event_name":"Big Fish","player_choice":"Donut","floor":3,"damage_taken":0},{"event_name":"World of Goop","player_choice":"Gather Gold","floor":7,"damage_taken":0}],"boss_relics":[],"potions_floor_spawned":[2,8],"seed_played":"-4307792322369055717","killed_by":"Exordium Wildlife","ascension_level":0,"potions_obtained":[{"floor":2,"key":"Energy Potion"},{"floor":8,"key":"Dexterity Potion"}],"is_trial":false}