{"gold_per_floor":[119,119,137,137,20,20,31,31,31,42,56,73,101,117,117,196,196,206,99,118,118,129,159,171],"floor_reached":24,"playtime":711,"items_purged":["Regret"],"score":396,"play_id":"0b279938-f356-48c8-9c9f-0b2a5d1871b5","local_time":"20190317194250","is_ascension_mode":true,"campfire_choices":[{"data":"Doom and Gloom","floor":6.0,"key":"SMITH"},{"data":"Sunder","floor":8.0,"key":"SMITH"},{"data":"Electrodynamics","floor":15.0,"key":"SMITH"}],"neow_cost":"NONE","seed_source_timestamp":388627330023894,"circlet_count":0,"master_deck":["AscendersBane","Strike_B","Strike_B","Strike_B","Strike_B","Defend_B","Defend_B","Defend_B","Defend_B","Zap","Dualcast","Static Discharge","Cold Snap","Doom and Gloom+1","Sunder+1","Reinforced Body","Ball Lightning","Electrodynamics+1","Thunder Strike","Glacier","Leap","Writhe","Thunder Strike"],"special_seed":0,"relics":["White Beast Statue","Potion Belt","Matryoshka","Singing Bowl","Pen Nib","Girya","Busted Crown","Juzu Bracelet","MawBank"],"potions_floor_usage":[16,18,20,22,23,23,24],"damage_taken":[{"damage":8.0,"enemies":"Jaw Worm","floor":1.0,"turns":4.0},{"damage":2.0,"enemies":"2 Louse","floor":3.0,"turns":4.0},{"damage":0.0,"enemies":"Cultist","floor":7.0,"turns":3.0},{"damage":10.0,"enemies":"3 Louse","floor":10.0,"turns":2.0},{"damage":1.0,"enemies":"2 Fungi Beasts","floor":11.0,"turns":3.0},{"damage":9.0,"enemies":"Red Slaver","floor":12.0,"turns":4.0},{"damage":8.0,"enemies":"Lagavulin","floor":13.0,"turns":6.0},{"damage":1.0,"enemies":"3 Louse","floor":14.0,"turns":2.0},{"damage":5,"enemies":"Hexaghost","floor":16,"turns":9},{"damage":23,"enemies":"2 Thieves","floor":18,"turns":3},{"damage":3,"enemies":"Shell Parasite","floor":20,"turns":6},{"damage":14,"enemies":"Centurion and Healer","floor":22,"turns":4},{"damage":12,"enemies":"Book of Stabbing","floor":23,"turns":4},{"damage":15,"enemies":"Shelled Parasite and Fungi","floor":24,"turns":2}],"seed_played":"6430299954981828101","potions_obtained":[{"floor":1.0,"key":"Poison Potion"},{"floor":3.0,"key":"EssenceOfSteel"},{"floor":7.0,"key":"Swift Potion"},{"floor":10.0,"key":"Block Potion"},{"floor":11.0,"key":"Ancient Potion"},{"floor":12.0,"key":"Weak Potion"},{"floor":13.0,"key":"Fire Potion"},{"floor":14.0,"key":"FearPotion"},{"floor":16,"key":"EssenceOfSteel"},{"floor":18,"key":"GamblersBrew"},{"floor":20,"key":"SneckoOil"},{"floor":22,"key":"SteroidPotion"},{"floor":23,"key":"PowerPotion"}],"is_trial":false,"path_per_floor":["M","?","M","?","$","R","M","R","T","M","M","M","E","M","R","B",null,"M","$","M","?","M","E","M"],"character_chosen":"DEFECT","items_purchased":["Doom and Gloom","Glacier","Leap"],"campfire_rested":0,"item_purchase_floors":[5,19,19],"current_hp_per_floor":[56,38,36,36,36,36,36,36,36,28,27,18,10,11,11,6,58,37,37,36,36,24,12,0],"gold":171,"neow_bonus":"BOSS_RELIC","is_prod":false,"is_daily":false,"chose_seed":false,"campfire_upgraded":3,"win_rate":0,"timestamp":1552848170,"path_taken":["M","?","M","?","$","R","M","R","T","M","M","M","E","M","R","BOSS","M","$","M","?","M","E","M"],"build_version":"2019-01-23","purchased_purges":1,"victory":false,"max_hp_per_floor":[71,71,71,71,71,71,71,71,71,73,73,73,73,75,75,75,75,77,77,79,79,81,81,81],"card_choices":[{"not_picked":["Steam Power","Streamline"],"picked":"Static Discharge","floor":1.0},{"not_picked":["Skim","Beam Cell"],"picked":"Cold Snap","floor":3.0},{"not_picked":["FTL","Reinforced Body"],"picked":"Sunder","floor":7.0},{"not_picked":["BootSequence","Compile Driver","Turbo"],"picked":"Singing Bowl","floor":10.0},{"not_picked":["White Noise","Steam"],"picked":"Reinforced Body","floor":11.0},{"not_picked":["Cold Snap","Conserve Battery"],"picked":"Ball Lightning","floor":12.0},{"not_picked":["Redo","Recycle"],"picked":"Electrodynamics","floor":13.0},{"not_picked":["Steam Power","Cold Snap","Conserve Battery"],"picked":"Singing Bowl","floor":14.0},{"not_picked":["All For One","Machine Learning"],"picked":"Thunder Strike","floor":16},{"not_picked":["Scrape+1"],"picked":"Singing Bowl","floor":18},{"not_picked":["Darkness"],"picked":"Singing Bowl","floor":20},{"not_picked":["Hello World"],"picked":"Singing Bowl","floor":22},{"not_picked":[],"picked":"Thunder Strike","floor":23}],"player_experience":530727,"relics_obtained":[{"floor":9.0,"key":"Singing Bowl"},{"floor":9.0,"key":"Pen Nib"},{"floor":13.0,"key":"Girya"},{"floor":23,"key":"MawBank"}],"event_choices":[{"damage_healed":0.0,"max_hp_gain":0.0,"max_hp_loss":0.0,"gold_gain":0.0,"event_name":"Scrap Ooze","player_choice":"Success","floor":2.0,"gold_loss":0.0,"damage_taken":18.0,"relics_obtained":["Potion Belt"]},{"damage_healed":0.0,"max_hp_gain":0.0,"max_hp_loss":0.0,"gold_gain":0.0,"event_name":"Big Fish","player_choice":"Box","floor":4.0,"gold_loss":0.0,"damage_taken":0.0,"relics_obtained":["Matryoshka"],"cards_obtained":["Regret"]},{"damage_healed":0,"gold_gain":0,"player_choice":"Opened","damage_taken":0,"relics_obtained":["Juzu Bracelet"],"max_hp_gain":0,"max_hp_loss":0,"event_name":"The Mausoleum","floor":21,"gold_loss":0,"cards_obtained":["Writhe"]}],"is_beta":false,"boss_relics":[{"not_picked":["Calling Bell","Coffee Dripper"],"picked":"Busted Crown"}],"items_purged_floors":[5],"is_endless":false,"potions_floor_spawned":[1,3,7,10,11,12,13,14,16,18,20,22,23],"killed_by":"Shelled Parasite and Fungi","ascension_level":16}