{"path_per_floor":["M","$","M","M","?","R","E","M","T","E","?","E","M","$","R"],"character_chosen":"IRONCLAD","items_purchased":["Jack Of All Trades","Medical Kit","Dark Shackles","Armaments"],"gold_per_floor":[113,8,21,35,35,35,61,74,98,124,299,329,340,22,22],"floor_reached":16,"campfire_rested":1,"playtime":769,"current_hp_per_floor":[80,80,80,80,64,64,46,46,46,46,46,27,30,30,54],"items_purged":[],"gold":22,"score":120,"play_id":"526e940d-3153-4b66-a449-39c4d276a7aa","local_time":"20180304055452","is_prod":false,"is_daily":false,"is_ascension_mode":false,"campfire_upgraded":1,"timestamp":1520160892,"path_taken":["M","$","M","M","?","R","E","M","T","E","?","E","M","?","R","BOSS"],"build_version":"2018-03-01-PROD1","purchased_purges":0,"victory":false,"master_deck":["Strike_R","Strike_R","Strike_R","Strike_R+1","Strike_R","Defend_R","Defend_R","Defend_R","Defend_R","Clash","Inflame","Jack Of All Trades+1","Spot Weakness+1","Bloodletting","Clash","Headbutt","Impervious","Doubt","Spot Weakness","Flex","Dark Shackles","Armaments","Carnage"],"max_hp_per_floor":[80,80,80,80,80,80,80,80,80,80,80,80,80,80,80],"relics":["Burning Blood","Bag of Marbles","Vajra","Centennial Puzzle","Dream Catcher","Medical Kit"],"card_choices":[{"not_picked":["Entrench","Corruption"],"picked":"Inflame"},{"not_picked":["Sentinel","Iron Wave"],"picked":"Spot Weakness"},{"not_picked":["Heavy Blade","Sever Soul"],"picked":"Bloodletting"},{"not_picked":["Body Slam","Clothesline"],"picked":"Clash"},{"not_picked":["Perfected Strike","Shrug It Off"],"picked":"Headbutt"},{"not_picked":["Ghostly Armor","Pummel"],"picked":"Impervious"},{"not_picked":["Dropkick","Clash"],"picked":"Spot Weakness"},{"not_picked":["Battle Trance","Thunderclap"],"picked":"Flex"},{"not_picked":["Havoc","Body Slam"],"picked":"Carnage"}],"player_experience":235150,"potions_floor_usage":[4,10],"damage_taken":[{"damage":5,"enemies":"Small Slimes","floor":1,"turns":3},{"damage":0,"enemies":"2 Louse","floor":3,"turns":3},{"damage":3,"enemies":"Jaw Worm","floor":4,"turns":3},{"damage":24,"enemies":"Lagavulin","floor":7,"turns":4},{"damage":6,"enemies":"2 Fungi Beasts","floor":8,"turns":3},{"damage":6,"enemies":"3 Sentries","floor":10,"turns":4},{"damage":25,"enemies":"Lagavulin","floor":12,"turns":6},{"damage":3,"enemies":"Blue Slaver","floor":13,"turns":1},{"damage":59,"enemies":"Slime Boss","floor":16,"turns":10}],"event_choices":[{"event_name":"Shining Light","player_choice":"Entered Light","floor":5,"damage_taken":0},{"event_name":"Liars Game","player_choice":"agreed","floor":11,"damage_taken":0}],"boss_relics":[],"potions_floor_spawned":[1,3],"seed_played":"9131488151830922965","killed_by":"Slime Boss","ascension_level":0,"is_trial":false}