{"gold_per_floor":[109,124,74,92,103,103,128,128,154,154,167,178,195,214,214,288,288,299,271,271],"floor_reached":20,"playtime":784,"items_purged":[],"score":351,"play_id":"ba05ccae-ffe7-40da-bc94-b328aa42532b","local_time":"20190420145755","is_ascension_mode":true,"campfire_choices":[{"data":"Tempest","floor":6.0,"key":"SMITH"},{"data":"Self Repair","floor":8.0,"key":"SMITH"},{"data":"Zap","floor":10.0,"key":"SMITH"},{"data":"Double Energy","floor":15.0,"key":"SMITH"}],"neow_cost":"NONE","seed_source_timestamp":586470469608333,"circlet_count":0,"master_deck":["AscendersBane","Strike_B+1","Strike_B+1","Strike_B","Strike_B","Defend_B","Defend_B","Defend_B","Defend_B","Zap+1","Dualcast","Tempest+1","Leap","Gash","Chill","Leap","Self Repair+1","Ball Lightning","Gash","Double Energy+1","Hologram","Creative AI","Gash","Storm"],"special_seed":0,"relics":["Lizard Tail","Whetstone","Happy Flower","Coffee Dripper"],"potions_floor_usage":[16,16,20,20],"damage_taken":[{"damage":2.0,"enemies":"Cultist","floor":1.0,"turns":4.0},{"damage":4.0,"enemies":"Small Slimes","floor":2.0,"turns":4.0},{"damage":7.0,"enemies":"Jaw Worm","floor":4.0,"turns":5.0},{"damage":8.0,"enemies":"Looter","floor":5.0,"turns":3.0},{"damage":27.0,"enemies":"Gremlin Nob","floor":7.0,"turns":4.0},{"damage":0.0,"enemies":"3 Louse","floor":11.0,"turns":3.0},{"damage":8.0,"enemies":"Blue Slaver","floor":12.0,"turns":3.0},{"damage":18.0,"enemies":"Gremlin Gang","floor":13.0,"turns":4.0},{"damage":14.0,"enemies":"Exordium Wildlife","floor":14.0,"turns":5.0},{"damage":12,"enemies":"The Guardian","floor":16,"turns":13},{"damage":35,"enemies":"Spheric Guardian","floor":18,"turns":7},{"damage":20,"enemies":"2 Thieves","floor":19,"turns":4},{"damage":57,"enemies":"3 Cultists","floor":20,"turns":5}],"seed_played":"-2028639051764810172","potions_obtained":[{"floor":1.0,"key":"Regen Potion"},{"floor":4.0,"key":"Strength Potion"},{"floor":13.0,"key":"Ancient Potion"},{"floor":14.0,"key":"SpeedPotion"},{"floor":16,"key":"Weak Potion"},{"floor":19,"key":"Poison Potion"}],"is_trial":false,"path_per_floor":["M","M","$","M","M","R","E","R","T","R","M","M","M","M","R","B",null,"M","M","M"],"character_chosen":"DEFECT","items_purchased":["Gash"],"campfire_rested":0,"item_purchase_floors":[3],"current_hp_per_floor":[62,70,70,63,55,55,28,28,28,28,38,40,32,18,18,16,57,32,12,0],"gold":271,"neow_bonus":"BOSS_RELIC","is_prod":false,"is_daily":false,"chose_seed":false,"campfire_upgraded":4,"win_rate":0,"timestamp":1555765075,"path_taken":["M","M","$","M","M","R","E","R","T","R","M","?","M","M","R","BOSS","M","M","M"],"build_version":"2019-01-23","purchased_purges":0,"victory":false,"max_hp_per_floor":[71,71,71,71,71,71,71,71,71,71,71,71,71,71,71,71,71,71,71,71],"card_choices":[{"not_picked":["Loop","Turbo"],"picked":"Tempest","floor":1.0},{"not_picked":["Beam Cell","Force Field"],"picked":"Leap","floor":2.0},{"not_picked":["Barrage","Heatsinks"],"picked":"Chill","floor":4.0},{"not_picked":["BootSequence","Recycle"],"picked":"Leap","floor":5.0},{"not_picked":["Turbo","Hologram"],"picked":"Self Repair","floor":7.0},{"not_picked":["Turbo","Compile Driver"],"picked":"Ball Lightning","floor":11.0},{"not_picked":["Steam","Coolheaded"],"picked":"Gash","floor":12.0},{"not_picked":["Multi-Cast","Barrage"],"picked":"Double Energy","floor":13.0},{"not_picked":["Force Field","Redo"],"picked":"Hologram","floor":14.0},{"not_picked":["Buffer","Machine Learning"],"picked":"Creative AI","floor":16},{"not_picked":["Cold Snap","Rebound"],"picked":"Gash","floor":18},{"not_picked":["Rip and Tear","Reprogram"],"picked":"Storm","floor":19}],"player_experience":542496,"relics_obtained":[{"floor":7.0,"key":"Whetstone"},{"floor":9.0,"key":"Happy Flower"}],"event_choices":[],"is_beta":false,"boss_relics":[{"not_picked":["Nuclear Battery","Orrery"],"picked":"Coffee Dripper"}],"items_purged_floors":[],"is_endless":false,"potions_floor_spawned":[1,4,13,14,16,19],"killed_by":"3 Cultists","ascension_level":19}