{"gold_per_floor":[117,133,50,61,79,104,104,29,29,52,52,69,104,104,104,181,181,197,30,47,57,73,73],"floor_reached":23,"playtime":971,"items_purged":[],"score":468,"play_id":"ecc11cc1-e84d-4ad7-9ac8-22be52cd5b9a","local_time":"20190529183538","is_ascension_mode":true,"campfire_choices":[{"data":"Shockwave","floor":7.0,"key":"SMITH"},{"data":"Inflame","floor":11.0,"key":"SMITH"},{"data":"Shockwave","floor":15.0,"key":"SMITH"}],"neow_cost":"NONE","seed_source_timestamp":643873231960102,"circlet_count":0,"master_deck":["AscendersBane","Strike_R","Strike_R","Strike_R","Strike_R","Defend_R","Defend_R","Defend_R","Defend_R+1","Bash","Inflame+1","Battle Trance","Shockwave+1","Shockwave+1","Evolve","Thunderclap","Sword Boomerang+1","Brutality","Fiend Fire+1","Rupture","Twin Strike+1","Sword Boomerang+1"],"special_seed":0,"relics":["Burning Blood","FossilizedHelix","StoneCalendar","Odd Mushroom","Molten Egg 2","Busted Crown"],"potions_floor_usage":[21,23],"damage_taken":[{"damage":8.0,"enemies":"2 Louse","floor":1.0,"turns":2.0},{"damage":2.0,"enemies":"Jaw Worm","floor":2.0,"turns":4.0},{"damage":4.0,"enemies":"Cultist","floor":4.0,"turns":3.0},{"damage":3.0,"enemies":"Red Slaver","floor":5.0,"turns":3.0},{"damage":33.0,"enemies":"3 Sentries","floor":6.0,"turns":8.0},{"damage":0.0,"enemies":"The Mushroom Lair","floor":10.0,"turns":4.0},{"damage":10.0,"enemies":"Blue Slaver","floor":12.0,"turns":4.0},{"damage":12.0,"enemies":"Gremlin Nob","floor":13.0,"turns":4.0},{"damage":1.0,"enemies":"Slime Boss","floor":16.0,"turns":7.0},{"damage":24.0,"enemies":"Spheric Guardian","floor":18.0,"turns":4.0},{"damage":0.0,"enemies":"3 Byrds","floor":20.0,"turns":4.0},{"damage":0,"enemies":"Shelled Parasite and Fungi","floor":21,"turns":3},{"damage":34,"enemies":"3 Cultists","floor":22,"turns":5},{"damage":35,"enemies":"Gremlin Leader","floor":23,"turns":5}],"seed_played":"-2878950020125058651","potions_obtained":[{"floor":2.0,"key":"Block Potion"},{"floor":4.0,"key":"Block Potion"},{"floor":6.0,"key":"Explosive Potion"},{"floor":16.0,"key":"Ancient Potion"},{"floor":20.0,"key":"Block Potion"},{"floor":22,"key":"SneckoOil"}],"is_trial":false,"path_per_floor":["M","M","$","M","M","E","R","?","T","?","R","M","E","?","R","B",null,"M","$","M","M","M","E"],"character_chosen":"IRONCLAD","items_purchased":["Shockwave","Rupture","Twin Strike+1","Sword Boomerang+1"],"campfire_rested":0,"item_purchase_floors":[3,19,19,19],"current_hp_per_floor":[73,77,77,79,82,55,55,55,55,61,61,57,51,26,26,31,69,51,51,57,63,35,0],"gold":73,"neow_bonus":"TEN_PERCENT_HP_BONUS","is_prod":false,"is_daily":false,"chose_seed":false,"campfire_upgraded":3,"win_rate":0,"timestamp":1559147738,"path_taken":["M","M","$","M","M","E","R","?","T","?","R","M","E","?","R","BOSS","M","$","M","M","M","E"],"build_version":"2019-01-23","purchased_purges":0,"victory":false,"max_hp_per_floor":[82,82,82,82,82,82,82,82,82,82,82,82,82,82,82,82,82,82,82,82,82,82,82],"card_choices":[{"not_picked":["Shrug It Off","Iron Wave"],"picked":"Inflame","floor":1.0},{"not_picked":["Heavy Blade","Headbutt"],"picked":"Battle Trance","floor":2.0},{"not_picked":["Pommel Strike","Iron Wave"],"picked":"Shockwave","floor":4.0},{"not_picked":["Wild Strike","Uppercut"],"picked":"Evolve","floor":5.0},{"not_picked":["Rupture","Shrug It Off"],"picked":"Thunderclap","floor":6.0},{"not_picked":["True Grit","Anger"],"picked":"Sword Boomerang","floor":12.0},{"not_picked":["Iron Wave","Body Slam"],"picked":"Brutality","floor":13.0},{"not_picked":["Bludgeon+1","Impervious"],"picked":"Fiend Fire+1","floor":16.0},{"not_picked":["Combust"],"picked":"SKIP","floor":18.0},{"not_picked":["Clash+1"],"picked":"SKIP","floor":20.0},{"not_picked":["Corruption"],"picked":"SKIP","floor":21},{"not_picked":["Pommel Strike+1"],"picked":"SKIP","floor":22}],"player_experience":554442,"relics_obtained":[{"floor":6.0,"key":"FossilizedHelix"},{"floor":9.0,"key":"StoneCalendar"},{"floor":10.0,"key":"Odd Mushroom"},{"floor":13.0,"key":"Molten Egg 2"}],"event_choices":[{"cards_removed":["Strike_R"],"damage_healed":0.0,"max_hp_gain":0.0,"max_hp_loss":0.0,"gold_gain":0.0,"event_name":"The Cleric","player_choice":"Card Removal","floor":8.0,"gold_loss":75.0,"damage_taken":0.0},{"damage_healed":0.0,"max_hp_gain":0.0,"max_hp_loss":0.0,"gold_gain":0.0,"event_name":"Mushrooms","player_choice":"Fought Mushrooms","floor":10.0,"gold_loss":0.0,"damage_taken":0.0},{"damage_healed":0.0,"max_hp_gain":0.0,"max_hp_loss":0.0,"gold_gain":0.0,"event_name":"Shining Light","player_choice":"Entered Light","floor":14.0,"gold_loss":0.0,"damage_taken":25.0,"cards_upgraded":["Defend_R","Sword Boomerang"]}],"is_beta":false,"boss_relics":[{"not_picked":["Empty Cage","Pandora\u0027s Box"],"picked":"Busted Crown"}],"items_purged_floors":[],"is_endless":false,"potions_floor_spawned":[2,4,6,16,20,22],"killed_by":"Gremlin Leader","ascension_level":17}