{"gold_per_floor":[216,228,228,239,258,258,290,49,49,49,76,226,22,22,22,99,99,115,40,58,17,36,36,36,69,118,145,145],"floor_reached":28,"playtime":749,"items_purged":["Strike_R","Doubt"],"score":528,"play_id":"24628b59-a22b-4af4-a36b-cd2ce8058b8c","local_time":"20190704150149","is_ascension_mode":true,"campfire_choices":[{"data":"Bash","floor":6.0,"key":"SMITH"},{"data":"Clothesline","floor":10.0,"key":"SMITH"},{"data":"Disarm","floor":15.0,"key":"SMITH"},{"floor":23,"key":"REST"}],"neow_cost":"NONE","seed_source_timestamp":159978592538433,"circlet_count":0,"master_deck":["AscendersBane","Strike_R","Strike_R","Strike_R","Defend_R","Defend_R","Defend_R","Defend_R","Bash+1","Rampage","Clothesline+1","Disarm+1","Anger","Juggernaut+1","Feel No Pain+1","Inflame+1","Corruption+1","Feed","Shrug It Off","Shockwave","Shrug It Off","RitualDagger","Feed","Burning Pact"],"special_seed":0,"relics":["Burning Blood","Anchor","Frozen Egg 2","The Courier","Potion Belt","Velvet Choker","Blue Candle","Omamori","Boot"],"potions_floor_usage":[25],"damage_taken":[{"damage":7.0,"enemies":"Jaw Worm","floor":1.0,"turns":4.0},{"damage":4.0,"enemies":"2 Louse","floor":2.0,"turns":3.0},{"damage":7.0,"enemies":"Small Slimes","floor":4.0,"turns":3.0},{"damage":4.0,"enemies":"Exordium Thugs","floor":5.0,"turns":3.0},{"damage":24.0,"enemies":"Gremlin Nob","floor":7.0,"turns":4.0},{"damage":40.0,"enemies":"3 Sentries","floor":11.0,"turns":8.0},{"damage":38.0,"enemies":"The Guardian","floor":16.0,"turns":13.0},{"damage":22.0,"enemies":"Chosen","floor":18.0,"turns":6.0},{"damage":13.0,"enemies":"Spheric Guardian","floor":20.0,"turns":4.0},{"damage":4.0,"enemies":"3 Cultists","floor":22.0,"turns":5.0},{"damage":60,"enemies":"Slavers","floor":25,"turns":7},{"damage":28,"enemies":"Book of Stabbing","floor":27,"turns":5},{"damage":12,"enemies":"Colosseum Slavers","floor":28,"turns":1}],"seed_played":"2323000372341170168","potions_obtained":[{"floor":1.0,"key":"AttackPotion"},{"floor":2.0,"key":"Regen Potion"},{"floor":5.0,"key":"BloodPotion"},{"floor":18.0,"key":"Regen Potion"},{"floor":27,"key":"PowerPotion"}],"is_trial":false,"path_per_floor":["M","M","?","M","M","R","E","$","T","R","E","?","$","?","R","B",null,"M","?","M","$","M","R","?","E","T","E","?"],"character_chosen":"IRONCLAD","items_purchased":["Juggernaut+1","Inflame+1","Corruption+1","Shrug It Off"],"campfire_rested":1,"item_purchase_floors":[8,13,13,21],"current_hp_per_floor":[67,69,58,57,59,59,41,41,41,41,22,22,22,27,27,15,64,51,51,47,47,52,78,72,33,33,11,0],"gold":145,"neow_bonus":"HUNDRED_GOLD","is_prod":false,"is_daily":false,"chose_seed":false,"campfire_upgraded":3,"win_rate":0,"timestamp":1562277709,"path_taken":["M","M","?","M","M","R","E","$","T","R","E","?","$","?","R","BOSS","M","?","M","$","M","R","?","E","T","E","?"],"build_version":"2019-07-01","purchased_purges":2,"victory":false,"max_hp_per_floor":[75,75,75,75,75,75,75,75,75,75,75,75,75,80,80,80,80,83,83,86,86,89,89,89,89,89,89,89],"card_choices":[{"not_picked":["Feel No Pain","Wild Strike"],"picked":"Rampage","floor":1.0},{"not_picked":["Second Wind","Intimidate"],"picked":"Clothesline","floor":2.0},{"not_picked":["Corruption","Cleave"],"picked":"Disarm","floor":4.0},{"not_picked":["Clash","Intimidate"],"picked":"Anger","floor":5.0},{"not_picked":["Headbutt","Flex","True Grit"],"picked":"SKIP","floor":7.0},{"not_picked":["Clash","Burning Pact"],"picked":"Feel No Pain+1","floor":11.0},{"not_picked":["Offering","Limit Break"],"picked":"Feed","floor":16.0},{"not_picked":["Headbutt","Second Wind"],"picked":"Shrug It Off","floor":18.0},{"not_picked":["Clothesline","Seeing Red"],"picked":"Shockwave","floor":20.0},{"not_picked":["Anger","Twin Strike","Dropkick"],"picked":"SKIP","floor":22},{"not_picked":["Pommel Strike","Havoc"],"picked":"Feed","floor":25},{"not_picked":["Cleave","Headbutt"],"picked":"Burning Pact","floor":27}],"player_experience":832755,"relics_obtained":[{"floor":7.0,"key":"Frozen Egg 2"},{"floor":9.0,"key":"The Courier"},{"floor":11.0,"key":"Potion Belt"},{"floor":25,"key":"Blue Candle"},{"floor":26,"key":"Omamori"},{"floor":27,"key":"Boot"}],"event_choices":[{"damage_healed":0.0,"max_hp_gain":0.0,"max_hp_loss":0.0,"gold_gain":0.0,"event_name":"Scrap Ooze","player_choice":"Success","floor":3.0,"gold_loss":0.0,"damage_taken":11.0,"relics_obtained":["Anchor"]},{"damage_healed":0.0,"max_hp_gain":0.0,"max_hp_loss":0.0,"gold_gain":150.0,"event_name":"Liars Game","player_choice":"AGREE","floor":12.0,"gold_loss":0.0,"damage_taken":0.0,"cards_obtained":["Doubt"]},{"damage_healed":0.0,"max_hp_gain":5.0,"max_hp_loss":0.0,"gold_gain":0.0,"event_name":"Big Fish","player_choice":"Donut","floor":14.0,"gold_loss":0.0,"damage_taken":0.0},{"cards_removed":["Strike_R"],"damage_healed":0.0,"max_hp_gain":0.0,"max_hp_loss":0.0,"gold_gain":0.0,"event_name":"Beggar","player_choice":"Gave Gold","floor":19.0,"gold_loss":75.0,"damage_taken":0.0},{"damage_healed":0,"gold_gain":0,"player_choice":"Joined the Cult","damage_taken":6,"max_hp_gain":0,"max_hp_loss":0,"event_name":"Nest","floor":24,"gold_loss":0,"cards_obtained":["RitualDagger"]},{"damage_healed":0,"gold_gain":0,"player_choice":"Fight","damage_taken":0,"max_hp_gain":0,"max_hp_loss":0,"event_name":"Colosseum","floor":28,"gold_loss":0}],"is_beta":false,"boss_relics":[{"not_picked":["Orrery","Black Star"],"picked":"Velvet Choker"}],"items_purged_floors":[8,13],"is_endless":false,"potions_floor_spawned":[1,2,5,18,27],"killed_by":"Colosseum Slavers","ascension_level":20}