{"path_per_floor":["M","?","?","M","M","E","M","R","T","M","M","E","M","M","R","B",null,"M","?","?","$","$","R","M","R","T","M","M"],"character_chosen":"IRONCLAD","items_purchased":["Limit Break"],"gold_per_floor":[111,111,111,127,139,170,187,187,212,231,249,280,293,311,311,406,436,453,453,353,121,21,21,37,37,60,78,91,91],"floor_reached":29,"campfire_rested":2,"playtime":925,"current_hp_per_floor":[35,28,28,29,27,11,17,41,41,41,37,29,29,31,55,13,80,66,66,66,66,66,66,68,68,68,29,14,0],"items_purged":["Regret","Regret"],"gold":91,"score":264,"play_id":"cf78ac17-c423-4623-8444-932fa76bcf51","local_time":"20180415213646","is_prod":false,"is_daily":false,"chose_seed":false,"is_ascension_mode":false,"campfire_upgraded":2,"timestamp":1523842606,"path_taken":["M","?","?","?","M","E","M","R","T","M","M","E","M","M","R","BOSS","M","?","?","?","$","R","M","R","T","M","M","M"],"build_version":"2018-04-12","seed_source_timestamp":12978071272745,"purchased_purges":2,"victory":false,"master_deck":["Strike_R","Strike_R","Strike_R","Strike_R","Strike_R","Defend_R","Bash","Rupture","Dropkick","Clash","Whirlwind","Cleave","Anger","Clash","Clash","Immolate","Bludgeon","Writhe","Clash","J.A.X.+1","Limit Break+1"],"max_hp_per_floor":[80,80,80,80,80,80,80,80,80,80,80,80,80,80,80,80,80,80,80,80,80,80,80,80,80,80,80,80,80],"relics":["Burning Blood","Lantern","Oddly Smooth Stone","Dream Catcher","Happy Flower","Calling Bell","Shuriken","Juzu Bracelet","Tiny Chest","Vajra","Bronze Scales"],"card_choices":[{"not_picked":["Reckless Charge","Body Slam"],"picked":"Rupture","floor":1},{"not_picked":["Sever Soul","Infernal Blade"],"picked":"Clash","floor":4},{"not_picked":["Anger","Seeing Red"],"picked":"Whirlwind","floor":5},{"not_picked":["Body Slam","Intimidate"],"picked":"Cleave","floor":6},{"not_picked":["Sword Boomerang","Clothesline"],"picked":"Anger","floor":11},{"not_picked":["True Grit","Second Wind"],"picked":"Clash","floor":12},{"not_picked":["Flex","Pommel Strike"],"picked":"Clash","floor":13},{"not_picked":["Uppercut","Armaments"],"picked":"Immolate","floor":14},{"not_picked":["Berserk","Barricade"],"picked":"Bludgeon","floor":16},{"not_picked":["Twin Strike","Havoc"],"picked":"Clash","floor":18}],"player_experience":650465,"potions_floor_usage":[11,16,18,24],"damage_taken":[{"damage":11,"enemies":"Jaw Worm","floor":1,"turns":5},{"damage":5,"enemies":"2 Louse","floor":4,"turns":2},{"damage":8,"enemies":"Small Slimes","floor":5,"turns":3},{"damage":22,"enemies":"3 Sentries","floor":6,"turns":5},{"damage":0,"enemies":"3 Louse","floor":7,"turns":1},{"damage":6,"enemies":"Exordium Thugs","floor":10,"turns":3},{"damage":10,"enemies":"Large Slime","floor":11,"turns":3},{"damage":14,"enemies":"Gremlin Nob","floor":12,"turns":3},{"damage":6,"enemies":"3 Louse","floor":13,"turns":2},{"damage":4,"enemies":"Looter","floor":14,"turns":2},{"damage":48,"enemies":"Hexaghost","floor":16,"turns":8},{"damage":20,"enemies":"Chosen","floor":18,"turns":4},{"damage":7,"enemies":"Shell Parasite","floor":24,"turns":2},{"damage":45,"enemies":"Snake Plant","floor":27,"turns":3},{"damage":21,"enemies":"Cultist and Chosen","floor":28,"turns":5},{"damage":15,"enemies":"Sentry and Sphere","floor":29,"turns":3}],"event_choices":[{"event_name":"Scrap Ooze","player_choice":"success","floor":2,"damage_taken":7},{"event_name":"Living Wall","player_choice":"Change","floor":3,"damage_taken":0},{"event_name":"The Mausoleum","player_choice":"Yes","floor":19,"damage_taken":0},{"event_name":"Drug Dealer","player_choice":"Got JAXXED","floor":20,"damage_taken":0}],"boss_relics":[{"not_picked":["Tiny House","Runic Cube"],"picked":"Calling Bell"}],"potions_floor_spawned":[1,5,6,7,14,18],"seed_played":"6837415917583460896","killed_by":"Sentry and Sphere","ascension_level":0,"is_trial":false}