{"gold_per_floor":[115,133,147,147,147,147,72,72,126,158,158,158,177,195,195,297,297,317,317,217,234,262,297,297,317,343,358,358,392,115,132,132,230,230,250,100,100,115,135,135,162,175,175,202,221,250,264,276,276,276,276,276,61,94,94],"floor_reached":56,"playtime":4746,"items_purged":["Strike_G","Strike_G","Strike_G","Strike_G","Strike_G+1"],"score":1462,"play_id":"2797ee77-cce8-4dcc-ac9d-f9e8611ffba7","local_time":"20190707170103","is_ascension_mode":true,"campfire_choices":[{"data":"Neutralize","floor":6,"key":"SMITH"},{"data":"Footwork","floor":8,"key":"SMITH"},{"data":"Glass Knife","floor":12,"key":"SMITH"},{"data":"Acrobatics","floor":15,"key":"SMITH"},{"data":"Catalyst","floor":24,"key":"SMITH"},{"data":"Adrenaline","floor":28,"key":"SMITH"},{"data":"Calculated Gamble","floor":32,"key":"SMITH"},{"floor":40,"key":"RECALL"},{"data":"Adrenaline","floor":49,"key":"SMITH"},{"data":"Heel Hook","floor":52,"key":"SMITH"}],"neow_cost":"NONE","seed_source_timestamp":2118205490741742,"circlet_count":0,"master_deck":["Defend_G+1","Defend_G+1","Defend_G+1","Defend_G+1","Survivor+1","Neutralize+1","Footwork+1","Backstab+1","Backstab+1","Glass Knife+1","Acrobatics+1","Outmaneuver+1","Adrenaline+1","Bouncing Flask+1","Catalyst+1","Dodge and Roll+1","Calculated Gamble+1","Die Die Die+1","Footwork+1","Acrobatics+1","Backflip+1","Tactician+1","Escape Plan+1","Adrenaline+1","Heel Hook+1","Footwork","Catalyst"],"relics":["Ring of the Serpent","Strawberry","PreservedInsect","The Specimen","Red Mask","Art of War","Dodecahedron","Oddly Smooth Stone","Coffee Dripper","Mark of the Bloom","Kunai","Du-Vu Doll","Bottled Flame","Happy Flower","Anchor"],"potions_floor_usage":[16,16,22,29,54,55,55],"damage_taken":[{"damage":0,"enemies":"2 Louse","floor":1,"turns":2},{"damage":0,"enemies":"Jaw Worm","floor":2,"turns":4},{"damage":0,"enemies":"Small Slimes","floor":3,"turns":3},{"damage":11,"enemies":"Lagavulin","floor":10,"turns":8},{"damage":0,"enemies":"Looter","floor":13,"turns":3},{"damage":2,"enemies":"Blue Slaver","floor":14,"turns":3},{"damage":5,"enemies":"Slime Boss","floor":16,"turns":8},{"damage":0,"enemies":"Spheric Guardian","floor":18,"turns":3},{"damage":6,"enemies":"Chosen","floor":21,"turns":3},{"damage":13,"enemies":"Masked Bandits","floor":22,"turns":4},{"damage":0,"enemies":"Book of Stabbing","floor":23,"turns":4},{"damage":4,"enemies":"Shelled Parasite and Fungi","floor":25,"turns":4},{"damage":0,"enemies":"Snecko","floor":27,"turns":3},{"damage":10,"enemies":"Slavers","floor":29,"turns":4},{"damage":1,"enemies":"Cultist and Chosen","floor":31,"turns":5},{"damage":17,"enemies":"Champ","floor":33,"turns":12},{"damage":0,"enemies":"Orb Walker","floor":35,"turns":3},{"damage":0,"enemies":"3 Darklings","floor":38,"turns":4},{"damage":0,"enemies":"Sphere and 2 Shapes","floor":39,"turns":4},{"damage":0,"enemies":"Nemesis","floor":41,"turns":5},{"damage":0,"enemies":"Maw","floor":42,"turns":5},{"damage":0,"enemies":"Reptomancer","floor":44,"turns":5},{"damage":0,"enemies":"Spire Growth","floor":45,"turns":4},{"damage":0,"enemies":"Nemesis","floor":46,"turns":5},{"damage":0,"enemies":"Transient","floor":47,"turns":5},{"damage":0,"enemies":"Jaw Worm Horde","floor":48,"turns":4},{"damage":0,"enemies":"Donu and Deca","floor":50,"turns":6},{"damage":0,"enemies":"Shield and Spear","floor":54,"turns":5},{"damage":16,"enemies":"The Heart","floor":55,"turns":6}],"seed_played":"-4006302190731271750","potions_obtained":[{"floor":1,"key":"GhostInAJar"},{"floor":3,"key":"Explosive Potion"},{"floor":10,"key":"AttackPotion"},{"floor":21,"key":"Swift Potion"},{"floor":23,"key":"Poison Potion"},{"floor":31,"key":"Swift Potion"},{"floor":38,"key":"PowerPotion"}],"is_trial":false,"path_per_floor":["M","M","M","?","?","R","$","R","T","E","?","R","M","M","R","B",null,"M","?","$","M","?","E","R","M","T","M","R","E","$","M","R","B",null,"M","$","?","M","M","R","E","M","T","E","M","E","M","M","R","B",null,"R","$","E","B",null],"character_chosen":"THE_SILENT","items_purchased":["Oddly Smooth Stone","Footwork"],"campfire_rested":0,"item_purchase_floors":[30,53],"current_hp_per_floor":[70,70,70,75,64,64,64,64,64,53,53,53,53,51,51,46,82,82,82,82,76,63,63,63,59,59,59,59,49,49,48,48,31,82,82,82,82,82,82,82,82,82,82,82,82,82,82,82,82,82,82,82,82,82,66],"gold":94,"neow_bonus":"REMOVE_CARD","is_prod":false,"is_daily":false,"chose_seed":false,"campfire_upgraded":9,"win_rate":0,"timestamp":1562486463,"path_taken":["M","M","M","?","?","R","$","R","T","E","?","R","M","M","R","BOSS","M","?","$","M","?","E","R","M","T","M","R","E","$","M","R","BOSS","M","$","?","M","M","R","E","M","T","E","M","E","M","M","R","BOSS","R","$","E","BOSS"],"build_version":"2019-07-05","purchased_purges":5,"victory":true,"max_hp_per_floor":[70,70,70,75,82,82,82,82,82,82,82,82,82,82,82,82,82,82,82,82,82,82,82,82,82,82,82,82,82,82,82,82,82,82,82,82,82,82,82,82,82,82,82,82,82,82,82,82,82,82,82,82,82,82,82],"card_choices":[{"not_picked":["Setup","Sucker Punch"],"picked":"Footwork","floor":1},{"not_picked":["Poisoned Stab","Caltrops"],"picked":"Backstab","floor":2},{"not_picked":["Deflect","Catalyst"],"picked":"Backstab","floor":3},{"not_picked":["All Out Attack","Dagger Throw"],"picked":"Glass Knife","floor":10},{"not_picked":["Blade Dance","Flying Knee"],"picked":"Acrobatics","floor":13},{"not_picked":["PiercingWail","Leg Sweep"],"picked":"Outmaneuver","floor":14},{"not_picked":["Phantasmal Killer","A Thousand Cuts"],"picked":"Adrenaline","floor":16},{"not_picked":["Heel Hook","Poisoned Stab"],"picked":"Bouncing Flask+1","floor":18},{"not_picked":["Deadly Poison","Dagger Spray"],"picked":"Catalyst","floor":21},{"not_picked":["Bane","Concentrate"],"picked":"Dodge and Roll+1","floor":22},{"not_picked":["PiercingWail","Reflex","Poisoned Stab"],"picked":"SKIP","floor":23},{"not_picked":["PiercingWail","Reflex","Poisoned Stab"],"picked":"SKIP","floor":23},{"not_picked":["Deadly Poison","Reflex","Quick Slash+1"],"picked":"SKIP","floor":25},{"not_picked":["Quick Slash","Predator","Slice"],"picked":"SKIP","floor":27},{"not_picked":["Bane","Poisoned Stab","Dagger Throw"],"picked":"SKIP","floor":29},{"not_picked":["Cloak And Dagger","Caltrops"],"picked":"Calculated Gamble","floor":31},{"not_picked":["A Thousand Cuts","Unload"],"picked":"Die Die Die","floor":33},{"not_picked":["Deadly Poison","Outmaneuver"],"picked":"Footwork","floor":35},{"not_picked":["Bane","Sucker Punch+1","Masterful Stab+1"],"picked":"SKIP","floor":38},{"not_picked":["Deadly Poison+1","Accuracy+1","PiercingWail"],"picked":"SKIP","floor":39},{"not_picked":["Deflect","Dagger Throw"],"picked":"Acrobatics+1","floor":41},{"not_picked":["Eviscerate","Flying Knee+1"],"picked":"Backflip+1","floor":42},{"not_picked":["Flechettes","Endless Agony+1"],"picked":"Tactician+1","floor":44},{"not_picked":["Night Terror","Noxious Fumes+1"],"picked":"Escape Plan+1","floor":45},{"not_picked":["Outmaneuver","Noxious Fumes"],"picked":"Adrenaline","floor":46},{"not_picked":["Accuracy+1","Masterful Stab","Heel Hook"],"picked":"SKIP","floor":47},{"not_picked":["Accuracy+1","Masterful Stab"],"picked":"Heel Hook","floor":47},{"not_picked":["Quick Slash","Sucker Punch","Deadly Poison+1"],"picked":"SKIP","floor":48},{"not_picked":["Acrobatics+1","Blade Dance+1"],"picked":"Catalyst","floor":54}],"player_experience":1985539,"relics_obtained":[{"floor":9,"key":"PreservedInsect"},{"floor":10,"key":"The Specimen"},{"floor":22,"key":"Red Mask"},{"floor":23,"key":"Art of War"},{"floor":29,"key":"Dodecahedron"},{"floor":41,"key":"Kunai"},{"floor":43,"key":"Du-Vu Doll"},{"floor":44,"key":"Bottled Flame"},{"floor":46,"key":"Happy Flower"},{"floor":54,"key":"Anchor"}],"event_choices":[{"damage_healed":0,"gold_gain":0,"player_choice":"Donut","damage_taken":0,"max_hp_gain":5,"max_hp_loss":0,"event_name":"Big Fish","floor":4,"gold_loss":0},{"damage_healed":0,"gold_gain":0,"player_choice":"Success","damage_taken":18,"relics_obtained":["Strawberry"],"max_hp_gain":0,"max_hp_loss":0,"event_name":"Scrap Ooze","floor":5,"gold_loss":0},{"damage_healed":0,"gold_gain":0,"player_choice":"Ignored","damage_taken":0,"max_hp_gain":0,"max_hp_loss":0,"event_name":"Liars Game","floor":11,"gold_loss":0},{"damage_healed":0,"gold_gain":0,"player_choice":"Ignored","damage_taken":0,"max_hp_gain":0,"max_hp_loss":0,"event_name":"Vampires","floor":19,"gold_loss":0},{"damage_healed":0,"gold_gain":0,"player_choice":"Fought Bandits","damage_taken":0,"max_hp_gain":0,"max_hp_loss":0,"event_name":"Masked Bandits","floor":22,"gold_loss":0},{"damage_healed":0,"gold_gain":0,"player_choice":"Upgrade","damage_taken":0,"relics_obtained":["Mark of the Bloom"],"max_hp_gain":0,"max_hp_loss":0,"event_name":"MindBloom","floor":37,"gold_loss":0,"cards_upgraded":["Strike_G","Defend_G","Defend_G","Defend_G","Defend_G","Survivor","Backstab","Backstab","Outmaneuver","Die Die Die","Footwork"]}],"is_beta":false,"boss_relics":[{"not_picked":["White Beast Statue","Calling Bell"],"picked":"Ring of the Serpent"},{"not_picked":["Black Star","Eternal Feather"],"picked":"Coffee Dripper"}],"items_purged_floors":[7,20,30,36,53],"is_endless":false,"potions_floor_spawned":[1,3,10,21,23,31,38,39,42,46],"ascension_level":1}