{"path_per_floor":["M","?","M","$","M","R","?","M","T","M","E","R","?","E","R","B",null,"M","?","M","M","?","R"],"character_chosen":"IRONCLAD","items_purchased":[],"gold_per_floor":[11,11,23,23,38,38,38,52,77,93,123,123,145,174,174,276,276,288,213,225,241,241,241,241],"floor_reached":24,"campfire_rested":2,"playtime":1055,"current_hp_per_floor":[73,78,76,76,76,76,76,76,76,74,71,71,52,21,48,51,91,77,77,61,27,27,40,0],"items_purged":[],"gold":241,"score":252,"play_id":"0cecca81-fad5-47ac-aceb-01e739e763e7","local_time":"20180422155245","is_prod":false,"is_daily":false,"chose_seed":false,"is_ascension_mode":true,"campfire_upgraded":2,"timestamp":1524426765,"path_taken":["M","?","?","$","M","R","?","M","T","?","E","R","?","E","R","BOSS","M","?","M","M","?","R","E"],"build_version":"2018-04-19","seed_source_timestamp":596993598073358,"purchased_purges":0,"victory":false,"master_deck":["Strike_R","Strike_R","Strike_R","Strike_R","Strike_R","Defend_R","Defend_R","Defend_R","Defend_R","Bash","Demon Form+1","Armaments+1","Anger","Anger","Brutality+1","Demon Form","Parasite","Parasite","Whirlwind+1","Ghostly","Ghostly","Ghostly","Ghostly","Ghostly"],"max_hp_per_floor":[80,85,85,85,85,85,85,85,85,85,87,87,89,91,91,91,91,93,90,90,92,46,46,46],"relics":["Burning Blood","Singing Bowl","Bag of Preparation","Odd Mushroom","Pantograph","Calling Bell","Lantern","Question Card","Torii"],"card_choices":[{"not_picked":["Brutality","Bludgeon"],"picked":"Demon Form","floor":0},{"not_picked":["Cleave","Bloodletting"],"picked":"Armaments","floor":1},{"not_picked":["Sword Boomerang","Warcry"],"picked":"Anger","floor":3},{"not_picked":["Blood for Blood","Warcry"],"picked":"Anger","floor":5},{"not_picked":["Flame Barrier","Twin Strike"],"picked":"Brutality","floor":10},{"not_picked":["Berserk","Reaper"],"picked":"Demon Form","floor":16},{"not_picked":["Headbutt","Sword Boomerang","Pommel Strike"],"picked":"Whirlwind","floor":20}],"player_experience":705338,"potions_floor_usage":[5,11,14,18,18],"damage_taken":[{"damage":13,"enemies":"Jaw Worm","floor":1,"turns":4},{"damage":8,"enemies":"2 Louse","floor":3,"turns":4},{"damage":6,"enemies":"Cultist","floor":5,"turns":4},{"damage":6,"enemies":"2 Fungi Beasts","floor":8,"turns":3},{"damage":8,"enemies":"Blue Slaver","floor":10,"turns":4},{"damage":11,"enemies":"3 Sentries","floor":11,"turns":6},{"damage":27,"enemies":"The Mushroom Lair","floor":13,"turns":4},{"damage":39,"enemies":"Lagavulin","floor":14,"turns":4},{"damage":28,"enemies":"Hexaghost","floor":16,"turns":7},{"damage":22,"enemies":"2 Thieves","floor":18,"turns":5},{"damage":22,"enemies":"Chosen","floor":20,"turns":6},{"damage":42,"enemies":"Sentry and Sphere","floor":21,"turns":5},{"damage":45,"enemies":"Slavers","floor":24,"turns":5}],"event_choices":[{"event_name":"Big Fish","player_choice":"Donut","floor":2,"damage_taken":0},{"event_name":"Living Wall","player_choice":"Grow","floor":7,"damage_taken":0},{"event_name":"Mushrooms","player_choice":"Fought Mushrooms","floor":13,"damage_taken":0},{"event_name":"Beggar","player_choice":"Gave Gold","floor":19,"damage_taken":0},{"event_name":"Ghosts","player_choice":"Became a Ghost","floor":22,"damage_taken":0}],"boss_relics":[{"not_picked":["Runic Dome","Pandora\u0027s Box"],"picked":"Calling Bell"}],"potions_floor_spawned":[3,10,13,14,16],"seed_played":"3531195570266508093","killed_by":"Slavers","ascension_level":2,"is_trial":false}