{"path_per_floor":["M","M","?","?","$","E","M","M","T","R","M","$","?","M","R","B",null,"M","?","M","?","?","R"],"character_chosen":"DEFECT","items_purchased":["Membership Card","Gremlin Horn","Capacitor","Melter"],"gold_per_floor":[360,377,438,438,35,67,78,91,91,91,104,40,40,53,53,157,157,175,175,185,185,185,185,185],"floor_reached":24,"campfire_rested":3,"playtime":1231,"current_hp_per_floor":[74,74,74,67,67,40,40,40,40,62,62,62,62,57,75,38,75,61,61,61,37,37,37,0],"items_purged":[],"gold":185,"score":221,"play_id":"7960ef21-1356-474c-88df-d2357dd152e2","local_time":"20180518094553","is_prod":false,"is_daily":false,"chose_seed":false,"is_ascension_mode":false,"campfire_upgraded":0,"timestamp":1526651153,"campfire_choices":[{"floor":10,"key":"REST"},{"floor":15,"key":"REST"},{"floor":23,"key":"REST"}],"path_taken":["M","M","?","?","?","E","M","?","T","R","?","$","?","M","R","BOSS","M","?","M","?","?","R","E"],"build_version":"2018-05-17","seed_source_timestamp":412929008332134,"purchased_purges":0,"victory":false,"master_deck":["Strike_B","Strike_B","Strike_B","Strike_B","Defend_B+1","Defend_B","Defend_B+1","Defend_B","Zap","Dualcast","Doubt","Melter","Capacitor","Beam Cell","Beam Cell","Streamline","BootSequence","Melter+1","Cold Snap","Electrodynamics","Glacier+1","Ghostly","Ghostly","Ghostly","Ghostly","Ghostly","Zap","Clumsy","Hologram"],"max_hp_per_floor":[75,75,75,75,75,75,75,75,75,75,75,75,75,75,75,75,75,75,75,75,37,37,37,37],"relics":["Cracked Core","War Paint","Membership Card","Gremlin Horn","Toolbox","Potion Belt","Inserter"],"card_choices":[{"not_picked":["Go for the Eyes","Barrage"],"picked":"Melter","floor":1},{"not_picked":["Axe Kick","Chaos","Hologram"],"picked":"SKIP","floor":2},{"not_picked":["Sweeping Beam","Static Discharge"],"picked":"Beam Cell","floor":6},{"not_picked":["Ball Lightning","Leap"],"picked":"Beam Cell","floor":7},{"not_picked":["Steam","Hologram"],"picked":"Streamline","floor":8},{"not_picked":["Beam Cell","Tempest"],"picked":"BootSequence","floor":11},{"not_picked":["Creative AI","Turbo"],"picked":"Cold Snap","floor":14},{"not_picked":["Meteor Strike","Rainbow"],"picked":"Electrodynamics","floor":16},{"not_picked":["Axe Kick","Blizzard","Stack"],"picked":"SKIP","floor":18},{"not_picked":["Coolheaded","Go for the Eyes"],"picked":"Glacier+1","floor":20}],"player_experience":289583,"potions_floor_usage":[2,8,16,24],"damage_taken":[{"damage":1,"enemies":"Jaw Worm","floor":1,"turns":4},{"damage":0,"enemies":"Small Slimes","floor":2,"turns":3},{"damage":27,"enemies":"3 Sentries","floor":6,"turns":8},{"damage":0,"enemies":"Cultist","floor":7,"turns":3},{"damage":0,"enemies":"Exordium Wildlife","floor":8,"turns":2},{"damage":0,"enemies":"Lots of Slimes","floor":11,"turns":2},{"damage":5,"enemies":"Gremlin Gang","floor":14,"turns":3},{"damage":37,"enemies":"The Guardian","floor":16,"turns":13},{"damage":14,"enemies":"3 Byrds","floor":18,"turns":5},{"damage":0,"enemies":"Spheric Guardian","floor":20,"turns":1},{"damage":43,"enemies":"Gremlin Leader","floor":24,"turns":7}],"relics_obtained":[{"floor":6,"key":"Toolbox"},{"floor":9,"key":"Potion Belt"}],"event_choices":[{"event_name":"Golden Wing","player_choice":"Gained Gold","floor":3,"damage_taken":0},{"event_name":"Scrap Ooze","player_choice":"success","floor":4,"damage_taken":7},{"event_name":"Accursed Blacksmith","player_choice":"Forge","floor":13,"damage_taken":0},{"event_name":"Drug Dealer","player_choice":"Ignored","floor":19,"damage_taken":0},{"event_name":"Ghosts","player_choice":"Became a Ghost","floor":21,"damage_taken":0},{"event_name":"Match and Keep!","player_choice":"3 cards matched","floor":22,"damage_taken":0}],"boss_relics":[{"not_picked":["Ectoplasm","Philosopher\u0027s Stone"],"picked":"Inserter"}],"potions_floor_spawned":[1,6,14,20],"seed_played":"6710006647565175119","killed_by":"Gremlin Leader","ascension_level":0,"potions_obtained":[{"floor":1,"key":"PowerPotion"},{"floor":6,"key":"Explosive Potion"},{"floor":14,"key":"SpeedPotion"},{"floor":20,"key":"EssenceOfSteel"}],"is_trial":false}