{"gold_per_floor":[119,133,6,87,100,100,119,67,90,125,125,139,139],"floor_reached":13,"playtime":314,"items_purged":["Strike_R"],"score":170,"play_id":"27609bd9-c1a7-4869-bf54-e524d36b65b9","local_time":"20190601202603","is_ascension_mode":true,"campfire_choices":[{"data":"Bash","floor":6,"key":"SMITH"},{"data":"Anger","floor":11,"key":"SMITH"}],"neow_cost":"NONE","seed_source_timestamp":1532228550370532,"circlet_count":0,"master_deck":["AscendersBane","Strike_R","Strike_R","Strike_R","Strike_R","Defend_R","Defend_R","Defend_R","Defend_R","Bash+1","Twin Strike","Cleave","Anger+1","Berserk","True Grit","Ghostly Armor","Pummel"],"special_seed":0,"relics":["Burning Blood","Matryoshka","Boot","Bronze Scales","Juzu Bracelet"],"potions_floor_usage":[10,13],"damage_taken":[{"damage":12,"enemies":"Cultist","floor":1,"turns":4},{"damage":5,"enemies":"Small Slimes","floor":2,"turns":4},{"damage":9,"enemies":"Jaw Worm","floor":5,"turns":3},{"damage":10,"enemies":"3 Louse","floor":7,"turns":3},{"damage":38,"enemies":"3 Sentries","floor":10,"turns":8},{"damage":8,"enemies":"Red Slaver","floor":12,"turns":3},{"damage":32,"enemies":"Gremlin Nob","floor":13,"turns":3}],"seed_played":"-4239765128910297897","potions_obtained":[{"floor":5,"key":"GamblersBrew"},{"floor":7,"key":"Block Potion"},{"floor":12,"key":"LiquidBronze"}],"is_trial":false,"path_per_floor":["M","M","$","T","M","R","M","$","T","E","R","M","E"],"character_chosen":"IRONCLAD","items_purchased":["Cleave","True Grit"],"campfire_rested":0,"item_purchase_floors":[3,8],"current_hp_per_floor":[69,70,70,70,67,67,63,63,63,31,31,29,0],"gold":139,"neow_bonus":"TEN_PERCENT_HP_BONUS","is_prod":false,"is_daily":false,"chose_seed":false,"campfire_upgraded":2,"win_rate":0,"timestamp":1559445963,"path_taken":["M","M","$","?","M","R","M","?","T","E","R","M","E"],"build_version":"2019-01-23","purchased_purges":1,"victory":false,"max_hp_per_floor":[82,82,82,82,82,82,82,82,82,82,82,82,82],"card_choices":[{"not_picked":["Sword Boomerang","Second Wind"],"picked":"Twin Strike","floor":1},{"not_picked":["Burning Pact","Flex","Body Slam"],"picked":"SKIP","floor":2},{"not_picked":["Havoc","Sword Boomerang"],"picked":"Anger","floor":5},{"not_picked":["Cleave","Warcry"],"picked":"Berserk","floor":7},{"not_picked":["Entrench","Whirlwind"],"picked":"Ghostly Armor","floor":10},{"not_picked":["Perfected Strike","Body Slam"],"picked":"Pummel","floor":12}],"player_experience":766644,"relics_obtained":[{"floor":4,"key":"Matryoshka"},{"floor":9,"key":"Boot"},{"floor":9,"key":"Bronze Scales"},{"floor":10,"key":"Juzu Bracelet"}],"event_choices":[],"is_beta":false,"boss_relics":[],"items_purged_floors":[3],"is_endless":false,"potions_floor_spawned":[5,7,12],"killed_by":"Gremlin Nob","ascension_level":20}