{"gold_per_floor":[14,14,289,300,320,346,57,57],"floor_reached":8,"playtime":544,"items_purged":["Regret"],"score":76,"play_id":"ee6a1539-d0c3-472c-8552-bcd4a1a587b4","local_time":"20190613034703","is_ascension_mode":true,"campfire_choices":[],"neow_cost":"NO_GOLD","seed_source_timestamp":114513571287900,"circlet_count":0,"master_deck":["Strike_R","Strike_R","Strike_R","Strike_R","Strike_R","Defend_R","Defend_R","Defend_R","Defend_R","Bash","Mind Blast","Thinking Ahead","Ghostly Armor","Dropkick","Seeing Red","Seeing Red"],"relics":["Burning Blood","FossilizedHelix","Bronze Scales"],"potions_floor_usage":[5],"damage_taken":[{"damage":7,"enemies":"Jaw Worm","floor":1,"turns":3},{"damage":4,"enemies":"2 Louse","floor":4,"turns":3},{"damage":2,"enemies":"Cultist","floor":5,"turns":3},{"damage":76,"enemies":"Lagavulin","floor":6,"turns":10},{"damage":29,"enemies":"Gremlin Nob","floor":8,"turns":3}],"seed_played":"4835337600844439281","potions_obtained":[{"floor":4,"key":"SpeedPotion"},{"floor":6,"key":"Strength Potion"}],"is_trial":false,"path_per_floor":["M","?","?","M","M","E","$","E"],"character_chosen":"IRONCLAD","items_purchased":["Bronze Scales","Seeing Red"],"campfire_rested":0,"item_purchase_floors":[7,7],"current_hp_per_floor":[71,71,71,73,77,7,7,0],"gold":57,"neow_bonus":"RANDOM_COLORLESS_2","is_prod":false,"is_daily":false,"chose_seed":false,"campfire_upgraded":0,"win_rate":0,"timestamp":1560412023,"path_taken":["M","?","?","M","M","E","$","E"],"build_version":"2019-06-11","purchased_purges":1,"victory":false,"max_hp_per_floor":[80,80,80,80,80,80,80,80],"card_choices":[{"not_picked":["Havoc","Searing Blow","Burning Pact"],"picked":"SKIP","floor":1},{"not_picked":["Corruption","Sword Boomerang"],"picked":"Ghostly Armor","floor":4},{"not_picked":["True Grit","Flex"],"picked":"Dropkick","floor":5},{"not_picked":["Iron Wave","Thunderclap"],"picked":"Seeing Red","floor":6}],"player_experience":1042061,"relics_obtained":[{"floor":6,"key":"FossilizedHelix"}],"event_choices":[{"damage_healed":0,"gold_gain":0,"player_choice":"Ignored","damage_taken":0,"max_hp_gain":0,"max_hp_loss":0,"event_name":"Golden Idol","floor":2,"gold_loss":0},{"damage_healed":0,"gold_gain":275,"player_choice":"Desecrate","damage_taken":0,"max_hp_gain":0,"max_hp_loss":0,"event_name":"Golden Shrine","floor":3,"gold_loss":0,"cards_obtained":["Regret"]}],"is_beta":true,"boss_relics":[],"items_purged_floors":[7],"is_endless":false,"potions_floor_spawned":[4,6],"killed_by":"Gremlin Nob","ascension_level":7}