{"gold_per_floor":[114,114,114,114,29,29,48,48,48,123,133,148,160,90,90,185,185,201,3,3,20,33,33,45,45,68,80,105,117,6,6],"floor_reached":31,"playtime":1307,"items_purged":["Pain"],"score":225,"play_id":"8596ac5d-ed19-448e-8748-1d4db750ecae","local_time":"20190619093003","is_ascension_mode":false,"campfire_choices":[{"floor":6,"key":"RECALL"},{"data":"Hologram","floor":8,"key":"SMITH"},{"data":"Echo Form","floor":15,"key":"SMITH"},{"floor":23,"key":"REST"},{"floor":25,"key":"REST"},{"floor":29,"key":"REST"}],"neow_cost":"NONE","seed_source_timestamp":4648125111500,"circlet_count":0,"master_deck":["Strike_B","Strike_B","Strike_B+1","Strike_B","Defend_B","Defend_B","Defend_B","Defend_B+1","Zap","Dualcast","Gash","Self Repair+1","Hologram+1","Gash","Aggregate","Beam Cell","Capacitor","Cold Snap","Cold Snap","Skim","Echo Form+1","Glacier","Defragment","Creative AI","Beam Cell","Rebound+1","Fission","Echo Form+1","Cold Snap"],"relics":["Orrery","Inserter","OrangePellets","WarpedTongs","MawBank"],"potions_floor_usage":[11,16,18,21,28],"damage_taken":[{"damage":8,"enemies":"Jaw Worm","floor":1,"turns":4},{"damage":0,"enemies":"Small Slimes","floor":7,"turns":4},{"damage":0,"enemies":"Cultist","floor":11,"turns":3},{"damage":7,"enemies":"Blue Slaver","floor":12,"turns":4},{"damage":9,"enemies":"Lots of Slimes","floor":13,"turns":6},{"damage":7,"enemies":"The Guardian","floor":16,"turns":11},{"damage":6,"enemies":"Shell Parasite","floor":18,"turns":9},{"damage":11,"enemies":"Chosen","floor":21,"turns":9},{"damage":37,"enemies":"Snake Plant","floor":22,"turns":9},{"damage":19,"enemies":"Chosen and Byrds","floor":24,"turns":8},{"damage":59,"enemies":"Cultist and Chosen","floor":28,"turns":6},{"damage":39,"enemies":"Snake Plant","floor":31,"turns":2}],"seed_played":"-7993194931800738823","potions_obtained":[{"floor":7,"key":"Poison Potion"},{"floor":13,"key":"Fire Potion"},{"floor":16,"key":"AttackPotion"},{"floor":18,"key":"EssenceOfSteel"},{"floor":24,"key":"EssenceOfSteel"}],"is_trial":false,"path_per_floor":["M","?","$","?","$","R","M","R","T","?","M","M","M","$","R","B",null,"M","$","?","M","M","R","M","R","T","?","M","R","$","M"],"character_chosen":"DEFECT","items_purchased":["Capacitor","Cold Snap","Defragment","OrangePellets","Cold Snap"],"campfire_rested":3,"item_purchase_floors":[5,5,14,19,30],"current_hp_per_floor":[74,74,74,59,59,59,69,69,69,62,72,75,75,75,75,75,75,69,69,69,68,41,63,44,66,66,66,17,39,39,0],"gold":6,"neow_bonus":"BOSS_RELIC","is_prod":false,"is_daily":false,"chose_seed":false,"campfire_upgraded":2,"win_rate":0,"timestamp":1560951003,"path_taken":["M","?","$","?","?","R","M","R","T","?","M","M","?","$","R","BOSS","M","$","?","?","M","R","M","R","T","?","M","R","$","M"],"build_version":"2019-06-18","purchased_purges":1,"victory":false,"max_hp_per_floor":[75,75,75,75,75,75,75,75,75,75,75,75,75,75,75,75,75,75,75,75,75,75,75,75,75,75,75,75,75,75,75],"card_choices":[{"not_picked":["Beam Cell","Doom and Gloom"],"picked":"Gash","floor":0},{"not_picked":["Darkness","Streamline"],"picked":"Self Repair","floor":0},{"not_picked":["Conserve Battery","Redo"],"picked":"Hologram","floor":0},{"not_picked":["Doom and Gloom","Barrage"],"picked":"Gash","floor":0},{"not_picked":["Doom and Gloom","Sunder"],"picked":"Aggregate","floor":0},{"not_picked":["Steam","Streamline"],"picked":"Beam Cell","floor":1},{"not_picked":["Rebound","Reprogram"],"picked":"Cold Snap","floor":7},{"not_picked":["Rip and Tear","Static Discharge"],"picked":"Skim","floor":11},{"not_picked":["Compile Driver","Chill"],"picked":"Echo Form","floor":12},{"not_picked":["Beam Cell","Storm"],"picked":"Glacier","floor":13},{"not_picked":["Rainbow","Seek"],"picked":"Creative AI","floor":16},{"not_picked":["Fusion+1","Ball Lightning+1"],"picked":"Beam Cell","floor":18},{"not_picked":["Redo+1","Sweeping Beam+1","Conserve Battery"],"picked":"SKIP","floor":21},{"not_picked":["Tempest","Go for the Eyes"],"picked":"Rebound+1","floor":22},{"not_picked":["Compile Driver","Cold Snap"],"picked":"Fission","floor":24},{"not_picked":["Rebound","Steam","Sweeping Beam"],"picked":"SKIP","floor":28}],"player_experience":1073210,"relics_obtained":[{"floor":26,"key":"MawBank"}],"event_choices":[{"damage_healed":0,"gold_gain":0,"player_choice":"Grow","damage_taken":0,"max_hp_gain":0,"max_hp_loss":0,"event_name":"Living Wall","floor":2,"gold_loss":0,"cards_upgraded":["Self Repair"]},{"damage_healed":0,"gold_gain":0,"player_choice":"Entered Light","damage_taken":15,"max_hp_gain":0,"max_hp_loss":0,"event_name":"Shining Light","floor":4,"gold_loss":0,"cards_upgraded":["Defend_B","Strike_B"]},{"damage_healed":0,"gold_gain":75,"player_choice":"Touch","damage_taken":7,"max_hp_gain":0,"max_hp_loss":0,"event_name":"FaceTrader","floor":10,"gold_loss":0},{"damage_healed":0,"gold_gain":0,"player_choice":"Rummage","damage_taken":0,"relics_obtained":["WarpedTongs"],"max_hp_gain":0,"max_hp_loss":0,"event_name":"Accursed Blacksmith","floor":20,"gold_loss":0,"cards_obtained":["Pain"]},{"damage_healed":0,"gold_gain":0,"player_choice":"Copied","damage_taken":0,"max_hp_gain":0,"max_hp_loss":0,"event_name":"Duplicator","floor":27,"gold_loss":0,"cards_obtained":["Echo Form"]}],"is_beta":true,"boss_relics":[{"not_picked":["Coffee Dripper","Ectoplasm"],"picked":"Inserter"}],"items_purged_floors":[30],"is_endless":false,"potions_floor_spawned":[7,13,16,18,24],"killed_by":"Snake Plant","ascension_level":0}