{"path_per_floor":["M","?","?","M","$","R","M","M","T","R","T","M","E","M","R"],"character_chosen":"DEFECT","items_purchased":["Aggregate","AttackPotion"],"gold_per_floor":[113,113,113,131,6,6,20,39,39,39,66,84,109,123,123,123],"floor_reached":16,"campfire_rested":1,"playtime":472,"current_hp_per_floor":[75,80,64,64,64,64,63,63,63,63,63,59,28,12,36,0],"items_purged":[],"gold":123,"score":102,"play_id":"2aebe019-fe51-4197-aaaa-10039ff05a48","local_time":"20180513180941","is_prod":false,"is_daily":false,"chose_seed":false,"is_ascension_mode":false,"campfire_upgraded":2,"timestamp":1526249381,"path_taken":["M","?","?","M","$","R","M","M","T","R","?","?","E","M","R","BOSS"],"build_version":"2018-05-12v2","seed_source_timestamp":11915551334457,"purchased_purges":0,"victory":false,"master_deck":["Strike_B+1","Strike_B","Strike_B","Strike_B","Defend_B","Defend_B","Defend_B","Defend_B","Zap+1","Dualcast+1","Loop+1","Beam Cell+1","Aggregate","Gash","Scrape","White Noise","Electrodynamics","Rebound"],"max_hp_per_floor":[75,80,80,80,80,80,80,80,80,80,80,80,80,80,80,80],"relics":["Cracked Core","Peace Pipe","Omamori","Girya"],"card_choices":[{"not_picked":["Sweeping Beam","Barrage"],"picked":"Loop","floor":1},{"not_picked":["Leap","Streamline"],"picked":"Beam Cell","floor":4},{"not_picked":["Reinforced Body","Hologram"],"picked":"Gash","floor":7},{"not_picked":["Steam","Stack"],"picked":"Scrape","floor":8},{"not_picked":["Axe Kick","Streamline"],"picked":"White Noise","floor":12},{"not_picked":["Capacitor","Ball Lightning"],"picked":"Electrodynamics","floor":13},{"not_picked":["Steam","Ball Lightning"],"picked":"Rebound","floor":14}],"player_experience":229622,"potions_floor_usage":[7,16,16,16],"damage_taken":[{"damage":0,"enemies":"2 Louse","floor":1,"turns":2},{"damage":0,"enemies":"Cultist","floor":4,"turns":3},{"damage":1,"enemies":"Jaw Worm","floor":7,"turns":2},{"damage":0,"enemies":"Large Slime","floor":8,"turns":4},{"damage":4,"enemies":"Blue Slaver","floor":12,"turns":3},{"damage":38,"enemies":"Gremlin Nob","floor":13,"turns":4},{"damage":16,"enemies":"Gremlin Gang","floor":14,"turns":3},{"damage":36,"enemies":"Hexaghost","floor":16,"turns":7}],"event_choices":[{"event_name":"Big Fish","player_choice":"Donut","floor":2,"damage_taken":0},{"event_name":"Shining Light","player_choice":"Entered Light","floor":3,"damage_taken":0}],"boss_relics":[],"potions_floor_spawned":[8,13,14],"seed_played":"-7209169743472434756","killed_by":"Hexaghost","ascension_level":0,"is_trial":false}