{"path_per_floor":["M","M","?","$","M","R","?","R","T","?","M","M","M","$","R","B",null,"M","$","M","?","M","R","M","M","T","M","R","M","M","$","R","B",null,"M","$","?","M","M","R","M"],"character_chosen":"DEFECT","items_purchased":["Anchor","Capacitor","Melter","Coolheaded","Blood Vial","Capacitor","Cold Snap"],"gold_per_floor":[16,28,28,28,48,48,104,104,152,152,171,186,204,13,13,108,108,128,43,54,54,73,73,89,107,134,148,148,167,179,29,29,128,128,148,70,70,88,99,99,119,119],"floor_reached":42,"campfire_rested":5,"playtime":2543,"current_hp_per_floor":[66,59,59,59,57,57,45,67,67,42,42,42,41,41,63,57,75,75,75,75,75,56,75,62,56,56,56,56,51,45,45,67,15,75,70,70,70,38,14,50,22,0],"items_purged":[],"gold":119,"score":446,"play_id":"d027dbff-4731-4ccf-a594-0c02c47f7c4d","local_time":"20180430050150","is_prod":false,"is_daily":false,"chose_seed":false,"is_ascension_mode":false,"campfire_upgraded":2,"timestamp":1525078910,"path_taken":["M","?","?","$","M","R","?","R","T","?","M","?","M","?","R","BOSS","M","$","M","?","M","R","M","?","T","?","R","M","M","?","R","BOSS","M","?","?","M","M","R","?","E"],"build_version":"2018-04-27v3","seed_source_timestamp":1247634561098966,"purchased_purges":0,"victory":false,"master_deck":["Strike_B","Strike_B","Strike_B","Strike_B","Defend_B","Defend_B","Defend_B","Defend_B","Zap","Dualcast","Reinforced Body","Conserve Battery","Ball Lightning+1","Ball Lightning","Rainbow","Cold Snap+1","Go for the Eyes","Capacitor","Rainbow","Buffer","Melter","Coolheaded","Auto Shields","Echo Form","Chaos","Echo Form","Impulse","Blizzard+1","Capacitor+1","Coolheaded","Nova+1","Static Discharge+1","Capacitor","Cold Snap","Injury","Static Discharge","Capacitor","Beam Cell"],"max_hp_per_floor":[75,75,75,75,75,75,75,75,75,75,75,75,75,75,75,75,75,75,75,75,75,75,75,75,75,75,75,75,75,75,75,75,75,75,75,75,75,75,75,75,75,75],"relics":["Cracked Core","Calipers","Letter Opener","Bag of Preparation","Thread and Needle","Anchor","Nuclear Battery","Oddly Smooth Stone","Blood Vial","Eternal Feather"],"card_choices":[{"not_picked":["Axe Kick","Barrage"],"picked":"Reinforced Body","floor":1},{"not_picked":["Barrage","Streamline"],"picked":"Conserve Battery","floor":2},{"not_picked":["Barrage","Stack"],"picked":"Ball Lightning","floor":5},{"not_picked":["Sweeping Beam","Aggregate"],"picked":"Ball Lightning","floor":7},{"not_picked":["Streamline","Impulse"],"picked":"Rainbow","floor":11},{"not_picked":["Rebound","Streamline"],"picked":"Cold Snap","floor":12},{"not_picked":["Impulse","Barrage"],"picked":"Go for the Eyes","floor":13},{"not_picked":["Fusion","Nova"],"picked":"Rainbow","floor":16},{"not_picked":["Coolheaded","Doom and Gloom"],"picked":"Buffer","floor":18},{"not_picked":["Barrage","Beam Cell"],"picked":"Auto Shields","floor":20},{"not_picked":["Rebound","Gash"],"picked":"Chaos","floor":22},{"not_picked":["Steam Power","Sweeping Beam"],"picked":"Echo Form","floor":24},{"not_picked":["Sweeping Beam","Axe Kick"],"picked":"Impulse","floor":25},{"not_picked":["Coolheaded","Impulse"],"picked":"Blizzard","floor":27},{"not_picked":["Creative AI","Blaster"],"picked":"Capacitor","floor":29},{"not_picked":["Go for the Eyes","Turbo"],"picked":"Coolheaded","floor":30},{"not_picked":["Prime","Echo Form"],"picked":"Nova","floor":33},{"not_picked":["Axe Kick","Sunder"],"picked":"Static Discharge","floor":35},{"not_picked":["Stack","Turbo"],"picked":"Static Discharge","floor":38},{"not_picked":["Undo","Doom and Gloom"],"picked":"Capacitor","floor":39},{"not_picked":["Axe Kick","Turbo"],"picked":"Beam Cell","floor":41}],"player_experience":76873,"potions_floor_usage":[12,12,16,18,27,30,38,38,42],"damage_taken":[{"damage":9,"enemies":"Cultist","floor":1,"turns":4},{"damage":7,"enemies":"2 Louse","floor":2,"turns":3},{"damage":2,"enemies":"Jaw Worm","floor":5,"turns":5},{"damage":12,"enemies":"3 Sentries","floor":7,"turns":7},{"damage":0,"enemies":"2 Fungi Beasts","floor":11,"turns":3},{"damage":0,"enemies":"Large Slime","floor":12,"turns":5},{"damage":1,"enemies":"Exordium Wildlife","floor":13,"turns":4},{"damage":6,"enemies":"The Guardian","floor":16,"turns":12},{"damage":0,"enemies":"Chosen","floor":18,"turns":3},{"damage":0,"enemies":"3 Byrds","floor":20,"turns":4},{"damage":19,"enemies":"Cultist and Chosen","floor":22,"turns":5},{"damage":13,"enemies":"Snake Plant","floor":24,"turns":3},{"damage":6,"enemies":"Snecko","floor":25,"turns":5},{"damage":0,"enemies":"Chosen and Byrds","floor":27,"turns":8},{"damage":5,"enemies":"Centurion and Healer","floor":29,"turns":6},{"damage":6,"enemies":"Snake Plant","floor":30,"turns":3},{"damage":54,"enemies":"Champ","floor":33,"turns":14},{"damage":5,"enemies":"Orb Walker","floor":35,"turns":4},{"damage":46,"enemies":"Flame Bruiser 1 Orb","floor":38,"turns":6},{"damage":26,"enemies":"Sphere and 2 Shapes","floor":39,"turns":4},{"damage":30,"enemies":"Maw","floor":41,"turns":8},{"damage":45,"enemies":"Nemesis","floor":42,"turns":4}],"event_choices":[{"event_name":"The Cleric","player_choice":"Leave","floor":3,"damage_taken":0},{"event_name":"Dead Adventurer","player_choice":"Searched \u00272\u0027 times","floor":7,"damage_taken":0},{"event_name":"Scrap Ooze","player_choice":"success","floor":10,"damage_taken":25},{"event_name":"The Library","player_choice":"Read","floor":21,"damage_taken":0},{"event_name":"Accursed Blacksmith","player_choice":"Forge","floor":37,"damage_taken":0}],"boss_relics":[{"not_picked":["Ectoplasm","Lizard Tail"],"picked":"Nuclear Battery"},{"not_picked":["White Beast Statue","Tiny House"],"picked":"Eternal Feather"}],"potions_floor_spawned":[7,11,12,16,25,29,33,35,41],"seed_played":"2536528515886640088","killed_by":"Nemesis","ascension_level":0,"is_trial":false}