{"path_per_floor":["M","?","M","$","M","R","?","M","T","$","?","E","R","M","R"],"character_chosen":"IRONCLAD","items_purchased":["Bludgeon","Flex"],"gold_per_floor":[116,116,135,135,150,150,150,170,170,42,42,75,75,96,96,96],"floor_reached":16,"campfire_rested":2,"playtime":663,"current_hp_per_floor":[75,42,32,32,40,64,64,72,72,72,72,49,72,72,72,0],"items_purged":[],"gold":96,"score":100,"play_id":"b5ee5114-6f51-42c6-b338-21917eb3cf13","local_time":"20180508034152","is_prod":false,"is_daily":false,"chose_seed":false,"is_ascension_mode":false,"campfire_upgraded":1,"timestamp":1525765312,"path_taken":["M","?","M","$","M","R","?","?","T","$","?","E","R","M","R","BOSS"],"build_version":"2018-05-03","seed_source_timestamp":1935901785321668,"purchased_purges":0,"victory":false,"master_deck":["Strike_R","Strike_R","Strike_R","Strike_R","Strike_R","Defend_R","Defend_R","Defend_R","Defend_R","Bash","Feed+1","Flex","Thunderclap","Infernal Blade","Combust","Bludgeon","Flex","Seeing Red","Metallicize"],"max_hp_per_floor":[75,75,78,78,81,81,75,78,78,78,78,78,78,81,81,81],"relics":["Burning Blood","Shuriken","Golden Idol","Blood Vial","Vajra"],"card_choices":[{"not_picked":["Impervious","Juggernaut"],"picked":"Feed","floor":0},{"not_picked":["Heavy Blade","Evolve"],"picked":"Flex","floor":1},{"not_picked":["Anger","Cleave"],"picked":"Thunderclap","floor":3},{"not_picked":["Entrench","Searing Blow"],"picked":"Infernal Blade","floor":5},{"not_picked":["Headbutt","Anger"],"picked":"Combust","floor":8},{"not_picked":["Sword Boomerang","Power Through"],"picked":"Seeing Red","floor":12},{"not_picked":["Havoc","Second Wind"],"picked":"Metallicize","floor":14}],"player_experience":203953,"potions_floor_usage":[8,8],"damage_taken":[{"damage":0,"enemies":"Small Slimes","floor":1,"turns":4},{"damage":19,"enemies":"Jaw Worm","floor":3,"turns":6},{"damage":1,"enemies":"Cultist","floor":5,"turns":3},{"damage":7,"enemies":"3 Louse","floor":8,"turns":4},{"damage":31,"enemies":"Lagavulin","floor":12,"turns":5},{"damage":11,"enemies":"Large Slime","floor":14,"turns":4},{"damage":78,"enemies":"The Guardian","floor":16,"turns":12}],"event_choices":[{"event_name":"Scrap Ooze","player_choice":"success","floor":2,"damage_taken":33},{"event_name":"Golden Idol","player_choice":"Lose Max HP","floor":7,"damage_taken":0},{"event_name":"The Cleric","player_choice":"Leave","floor":11,"damage_taken":0}],"boss_relics":[],"potions_floor_spawned":[3,5],"seed_played":"9154823789948478120","killed_by":"The Guardian","ascension_level":0,"is_trial":false}