{"gold_per_floor":[111,111,111,128,143,143,171,171,171,171,206,218,234,56,56,56],"floor_reached":16,"playtime":353,"items_purged":[],"score":270,"play_id":"fe46ed83-d4d1-4271-8dda-299250883510","local_time":"20181110155410","is_ascension_mode":true,"campfire_choices":[{"data":"Bash","floor":6,"key":"SMITH"},{"data":"Carnage","floor":8,"key":"SMITH"},{"data":"Pommel Strike","floor":15,"key":"SMITH"}],"neow_cost":"NONE","seed_source_timestamp":19621856901131,"circlet_count":0,"master_deck":["AscendersBane","Strike_R","Strike_R","Strike_R","Strike_R","Defend_R","Defend_R","Defend_R","Defend_R","Bash+1","Pommel Strike+1","Carnage+1","Anger","Offering","Brutality+1","Reckless Charge","Impervious"],"relics":["Burning Blood","Ice Cream","Frozen Egg 2","Centennial Puzzle"],"potions_floor_usage":[11,11,11],"damage_taken":[{"damage":13,"enemies":"Jaw Worm","floor":1,"turns":8},{"damage":9,"enemies":"2 Louse","floor":4,"turns":4},{"damage":3,"enemies":"Small Slimes","floor":5,"turns":3},{"damage":40,"enemies":"3 Sentries","floor":7,"turns":8},{"damage":6,"enemies":"Gremlin Nob","floor":11,"turns":2},{"damage":15,"enemies":"Exordium Thugs","floor":12,"turns":4},{"damage":6,"enemies":"3 Louse","floor":13,"turns":2},{"damage":0,"enemies":"The Guardian","floor":16,"turns":1}],"seed_played":"-7102396344051271551","potions_obtained":[{"floor":4,"key":"GamblersBrew"},{"floor":7,"key":"Swift Potion"},{"floor":10,"key":"BloodPotion"},{"floor":10,"key":"EntropicBrew"},{"floor":11,"key":"Weak Potion"},{"floor":12,"key":"BloodPotion"}],"is_trial":false,"path_per_floor":["M","?","?","M","M","R","E","R","T","?","E","M","M","$","R","B"],"character_chosen":"IRONCLAD","items_purchased":["Impervious"],"campfire_rested":0,"item_purchase_floors":[14],"current_hp_per_floor":[68,73,66,63,66,66,32,32,32,32,40,31,31,31,31,31],"gold":56,"neow_bonus":"TEN_PERCENT_HP_BONUS","is_prod":false,"is_daily":false,"chose_seed":false,"campfire_upgraded":3,"win_rate":0,"timestamp":1541890450,"path_taken":["M","?","?","M","M","R","E","R","T","?","E","M","?","?","R","BOSS"],"build_version":"2018-11-08","purchased_purges":0,"victory":false,"max_hp_per_floor":[82,87,87,87,87,87,87,87,87,87,87,87,87,87,87,87],"card_choices":[{"not_picked":["Clash","Intimidate"],"picked":"Pommel Strike","floor":1},{"not_picked":["Shockwave","Twin Strike"],"picked":"Carnage","floor":4},{"not_picked":["Flex","Rage"],"picked":"Anger","floor":5},{"not_picked":["Blood for Blood","Spot Weakness"],"picked":"Offering","floor":7},{"not_picked":["Perfected Strike","Body Slam"],"picked":"Brutality+1","floor":11},{"not_picked":["Pommel Strike","Evolve+1","Blood for Blood"],"picked":"SKIP","floor":12},{"not_picked":["Perfected Strike","Anger"],"picked":"Reckless Charge","floor":13}],"player_experience":615969,"relics_obtained":[{"floor":7,"key":"Ice Cream"},{"floor":9,"key":"Frozen Egg 2"},{"floor":11,"key":"Centennial Puzzle"}],"event_choices":[{"damage_healed":0,"gold_gain":0,"player_choice":"Donut","damage_taken":0,"max_hp_gain":5,"max_hp_loss":0,"event_name":"Big Fish","floor":2,"gold_loss":0},{"cards_removed":["Strike_R"],"damage_healed":0,"gold_gain":0,"player_choice":"Card Removal","damage_taken":7,"max_hp_gain":0,"max_hp_loss":0,"event_name":"Golden Wing","floor":3,"gold_loss":0},{"damage_healed":0,"gold_gain":0,"player_choice":"Got Potions","damage_taken":0,"max_hp_gain":0,"max_hp_loss":0,"event_name":"Lab","floor":10,"gold_loss":0}],"is_beta":false,"boss_relics":[],"items_purged_floors":[],"is_endless":false,"potions_floor_spawned":[4,7,11,12],"killed_by":"The Guardian","ascension_level":20}