{"gold_per_floor":[109,109,23,73,73,100,100,100,100,100,116,136,136,163,163,258,258,276,276,74,74,86,86,116,116,190,190,190,203,214,229,229,331,331,347,347,360,377,4,4,29,44,95,112,130,130],"floor_reached":46,"playtime":3768,"items_purged":["Strike_R","Strike_R"],"score":518,"play_id":"f09a6f42-4d6e-4705-9912-d76e452788d5","local_time":"20190616190313","is_ascension_mode":true,"campfire_choices":[{"data":"Bash","floor":8,"key":"SMITH"},{"floor":10,"key":"REST"},{"data":"Corruption","floor":13,"key":"SMITH"},{"data":"Blood for Blood","floor":15,"key":"SMITH"},{"floor":23,"key":"REST"},{"data":"Dark Embrace","floor":25,"key":"SMITH"},{"data":"Shockwave","floor":28,"key":"SMITH"},{"floor":32,"key":"REST"},{"data":"Armaments","floor":40,"key":"SMITH"}],"neow_cost":"NONE","seed_source_timestamp":341887798880080,"circlet_count":0,"master_deck":["Defend_R","Defend_R","Defend_R","Defend_R","Bash+1","Infernal Blade","Havoc","Battle Trance","Havoc","Infernal Blade","Demon Form","Blood for Blood+1","Corruption+1","Warcry","Dark Embrace+1","Heavy Blade","Inflame","Madness","Offering","Shockwave+1","Havoc+1","Heavy Blade+1","Cleave+1","Reaper+1","Armaments+1","Flex+1","Uppercut+1","Exhume","Shrug It Off","Rage"],"relics":["Burning Blood","Red Skull","Boot","Ancient Tea Set","Odd Mushroom","Mark of Pain","Self Forming Clay","Molten Egg 2","MutagenicStrength","Black Star","Sling","Omamori","Paper Frog","Regal Pillow"],"potions_floor_usage":[14,16,16,18,24,30,30,33,38,45],"damage_taken":[{"damage":6,"enemies":"Cultist","floor":1,"turns":4},{"damage":42,"enemies":"3 Sentries","floor":6,"turns":9},{"damage":8,"enemies":"Jaw Worm","floor":11,"turns":3},{"damage":0,"enemies":"2 Louse","floor":12,"turns":1},{"damage":4,"enemies":"The Mushroom Lair","floor":14,"turns":3},{"damage":49,"enemies":"The Guardian","floor":16,"turns":8},{"damage":28,"enemies":"2 Thieves","floor":18,"turns":4},{"damage":14,"enemies":"Shell Parasite","floor":22,"turns":3},{"damage":48,"enemies":"Slavers","floor":24,"turns":4},{"damage":6,"enemies":"Snecko","floor":29,"turns":2},{"damage":19,"enemies":"Centurion and Healer","floor":30,"turns":3},{"damage":17,"enemies":"Snake Plant","floor":31,"turns":2},{"damage":13,"enemies":"Automaton","floor":33,"turns":5},{"damage":20,"enemies":"Orb Walker","floor":35,"turns":3},{"damage":28,"enemies":"3 Darklings","floor":37,"turns":4},{"damage":19,"enemies":"Jaw Worm Horde","floor":38,"turns":3},{"damage":26,"enemies":"Giant Head","floor":41,"turns":4},{"damage":21,"enemies":"Maw","floor":42,"turns":5},{"damage":57,"enemies":"Spire Growth","floor":44,"turns":4},{"damage":38,"enemies":"Transient","floor":45,"turns":5},{"damage":21,"enemies":"Writhing Mass","floor":46,"turns":2}],"seed_played":"8004065604232514381","potions_obtained":[{"floor":6,"key":"Strength Potion"},{"floor":11,"key":"Explosive Potion"},{"floor":12,"key":"Dexterity Potion"},{"floor":14,"key":"GamblersBrew"},{"floor":16,"key":"Block Potion"},{"floor":22,"key":"Regen Potion"},{"floor":29,"key":"Poison Potion"},{"floor":30,"key":"Dexterity Potion"},{"floor":37,"key":"Poison Potion"},{"floor":44,"key":"Explosive Potion"}],"is_trial":false,"path_per_floor":["M","?","$","T","?","E","?","R","T","R","M","M","R","?","R","B",null,"M","?","$","?","M","R","E","R","T","?","R","M","M","M","R","B",null,"M","?","M","M","$","R","E","M","T","M","M","M"],"character_chosen":"IRONCLAD","items_purchased":["Havoc","Battle Trance","Inflame","Madness","Sling","Uppercut+1"],"campfire_rested":3,"item_purchase_floors":[3,3,20,20,39,39],"current_hp_per_floor":[80,80,80,80,77,41,41,41,41,65,63,69,69,71,71,28,80,58,58,58,58,50,74,44,44,44,44,44,44,31,20,44,37,80,66,66,74,61,61,61,60,66,66,29,11,0],"gold":130,"neow_bonus":"REMOVE_CARD","is_prod":false,"is_daily":false,"chose_seed":false,"campfire_upgraded":6,"win_rate":0,"timestamp":1560726193,"path_taken":["M","?","?","?","?","E","?","R","T","R","M","?","R","?","R","BOSS","M","?","$","?","M","R","E","R","T","?","R","M","M","M","R","BOSS","M","?","M","?","$","R","E","M","T","M","M","M"],"build_version":"2019-01-23","purchased_purges":2,"victory":false,"max_hp_per_floor":[80,80,80,80,80,80,80,80,80,80,80,80,80,80,80,80,80,80,80,80,80,80,80,80,80,80,80,80,80,80,80,80,80,80,80,80,80,80,80,80,80,80,80,80,80,80],"card_choices":[{"not_picked":["Pommel Strike","Flex"],"picked":"Infernal Blade","floor":1},{"not_picked":["Thunderclap","Shrug It Off"],"picked":"Havoc","floor":6},{"not_picked":["Cleave","Twin Strike"],"picked":"Blood for Blood","floor":11},{"not_picked":["Havoc","Wild Strike"],"picked":"Corruption","floor":12},{"not_picked":["Cleave","Wild Strike"],"picked":"Warcry","floor":14},{"not_picked":["Brutality","Juggernaut"],"picked":"Dark Embrace","floor":16},{"not_picked":["Clash","Flex"],"picked":"Heavy Blade","floor":18},{"not_picked":["Thunderclap","Anger"],"picked":"Offering","floor":22},{"not_picked":["Twin Strike+1","Clash"],"picked":"Shockwave","floor":24},{"not_picked":["Twin Strike+1","Headbutt+1"],"picked":"Havoc+1","floor":29},{"not_picked":["Clash+1","Perfected Strike+1"],"picked":"Heavy Blade+1","floor":30},{"not_picked":["Clash+1","Infernal Blade+1"],"picked":"Cleave+1","floor":31},{"not_picked":["Feed+1","Dark Embrace"],"picked":"Reaper+1","floor":33},{"not_picked":["Sword Boomerang+1","Metallicize"],"picked":"Armaments","floor":35},{"not_picked":["Entrench+1","Iron Wave+1","Corruption"],"picked":"SKIP","floor":37},{"not_picked":["Spot Weakness+1","Heavy Blade+1"],"picked":"Flex+1","floor":38},{"not_picked":["Heavy Blade+1","Dark Embrace"],"picked":"Exhume","floor":41},{"not_picked":["Clash+1","Heavy Blade+1","Twin Strike+1"],"picked":"SKIP","floor":42},{"not_picked":["Headbutt+1","Exhume"],"picked":"Shrug It Off","floor":44},{"not_picked":["Sword Boomerang+1","Headbutt+1"],"picked":"Rage","floor":45}],"player_experience":140217,"relics_obtained":[{"floor":4,"key":"Red Skull"},{"floor":6,"key":"Boot"},{"floor":9,"key":"Ancient Tea Set"},{"floor":14,"key":"Odd Mushroom"},{"floor":24,"key":"Self Forming Clay"},{"floor":26,"key":"Molten Egg 2"},{"floor":41,"key":"Omamori"},{"floor":41,"key":"Paper Frog"},{"floor":43,"key":"Regal Pillow"}],"event_choices":[{"cards_removed":["Strike_R"],"damage_healed":0,"gold_gain":0,"player_choice":"Purged","damage_taken":0,"max_hp_gain":0,"max_hp_loss":0,"event_name":"Purifier","floor":2,"gold_loss":0},{"damage_healed":0,"gold_gain":0,"player_choice":"Fled","damage_taken":3,"max_hp_gain":0,"max_hp_loss":0,"event_name":"Scrap Ooze","floor":5,"gold_loss":0},{"damage_healed":0,"gold_gain":0,"player_choice":"2 cards matched","damage_taken":0,"max_hp_gain":0,"max_hp_loss":0,"event_name":"Match and Keep!","floor":7,"gold_loss":0,"cards_obtained":["Infernal Blade","Demon Form"]},{"damage_healed":0,"gold_gain":0,"player_choice":"Fought Mushrooms","damage_taken":0,"max_hp_gain":0,"max_hp_loss":0,"event_name":"Mushrooms","floor":14,"gold_loss":0},{"damage_healed":0,"gold_gain":0,"player_choice":"Ignored","damage_taken":0,"max_hp_gain":0,"max_hp_loss":0,"event_name":"Ghosts","floor":19,"gold_loss":0},{"damage_healed":0,"gold_gain":0,"player_choice":"Ignored","damage_taken":0,"max_hp_gain":0,"max_hp_loss":0,"event_name":"Vampires","floor":21,"gold_loss":0},{"damage_healed":0,"gold_gain":0,"player_choice":"Inject Mutagens","damage_taken":0,"relics_obtained":["MutagenicStrength"],"max_hp_gain":0,"max_hp_loss":0,"event_name":"Drug Dealer","floor":27,"gold_loss":0},{"cards_removed":["Strike_R"],"damage_healed":0,"gold_gain":0,"player_choice":"Offered Basic","damage_taken":0,"max_hp_gain":0,"max_hp_loss":0,"event_name":"Bonfire Elementals","floor":36,"gold_loss":0}],"is_beta":false,"boss_relics":[{"not_picked":["Coffee Dripper","Astrolabe"],"picked":"Mark of Pain"},{"not_picked":["Busted Crown","Calling Bell"],"picked":"Black Star"}],"items_purged_floors":[20,39],"is_endless":false,"potions_floor_spawned":[6,11,12,14,16,22,29,30,37,44],"killed_by":"Writhing Mass","ascension_level":1}