{"gold_per_floor":[114,131,131,131,206,240,240,266,266,23,38,38,38,72,72,72],"floor_reached":16,"playtime":566,"items_purged":[],"score":145,"play_id":"033934d5-426b-4e69-b3d5-4c79b0fc5bc0","local_time":"20180718013803","is_ascension_mode":true,"campfire_choices":[{"floor":7,"key":"REST"},{"floor":12,"key":"REST"},{"floor":15,"key":"REST"}],"neow_cost":"CURSE","seed_source_timestamp":771191709329887,"circlet_count":0,"master_deck":["Strike_R","Strike_R","Strike_R","Strike_R","Defend_R","Defend_R","Defend_R","Bash","Disarm","Entrench","Heavy Blade","Ghostly Armor","Writhe","Dark Embrace","Rage","Sadistic Nature","Iron Wave","Iron Wave","Dark Embrace","Regret","Shrug It Off","Flex"],"relics":["Burning Blood","Matryoshka","Mango","Dream Catcher","Red Skull","Unceasing Top","Gremlin Horn","Art of War"],"potions_floor_usage":[8,16],"damage_taken":[{"damage":7,"enemies":"Jaw Worm","floor":1,"turns":3},{"damage":0,"enemies":"2 Louse","floor":2,"turns":2},{"damage":47,"enemies":"3 Sentries","floor":6,"turns":13},{"damage":36,"enemies":"Gremlin Nob","floor":8,"turns":6},{"damage":1,"enemies":"Small Slimes","floor":11,"turns":4},{"damage":49,"enemies":"Lagavulin","floor":14,"turns":9},{"damage":52,"enemies":"Slime Boss","floor":16,"turns":8}],"seed_played":"3010421641987652630","potions_obtained":[{"floor":6,"key":"SteroidPotion"},{"floor":14,"key":"SpeedPotion"}],"is_trial":false,"path_per_floor":["M","M","?","?","?","E","R","E","T","$","M","R","?","E","R"],"character_chosen":"IRONCLAD","items_purchased":["Sadistic Nature","Iron Wave"],"campfire_rested":3,"item_purchase_floors":[10,10],"current_hp_per_floor":[79,80,77,77,66,39,66,36,36,36,41,68,68,25,52,0],"gold":72,"neow_bonus":"TRANSFORM_TWO_CARDS","is_prod":false,"is_daily":false,"chose_seed":false,"campfire_upgraded":0,"win_rate":0,"timestamp":1531892283,"path_taken":["M","M","?","?","?","E","R","E","T","?","?","R","?","E","R","BOSS"],"build_version":"2018-07-16","purchased_purges":0,"victory":false,"max_hp_per_floor":[80,80,80,77,77,91,91,91,91,91,91,91,91,91,91,91],"card_choices":[{"not_picked":["Burning Pact","Warcry"],"picked":"Heavy Blade","floor":1},{"not_picked":["Thunderclap","Sword Boomerang"],"picked":"Ghostly Armor","floor":2},{"not_picked":["Anger","Flex"],"picked":"Dark Embrace","floor":6},{"not_picked":["Anger","Headbutt"],"picked":"Rage","floor":8},{"not_picked":["Twin Strike","Wild Strike"],"picked":"Iron Wave","floor":11},{"not_picked":["Uppercut","Perfected Strike"],"picked":"Dark Embrace","floor":12},{"not_picked":["Anger","Warcry"],"picked":"Shrug It Off","floor":14},{"not_picked":["Cleave","Havoc"],"picked":"Flex","floor":15}],"player_experience":450379,"relics_obtained":[{"floor":6,"key":"Mango"},{"floor":8,"key":"Dream Catcher"},{"floor":9,"key":"Red Skull"},{"floor":9,"key":"Unceasing Top"},{"floor":14,"key":"Art of War"}],"event_choices":[{"event_name":"Scrap Ooze","player_choice":"success","floor":3,"damage_taken":3},{"event_name":"Living Wall","player_choice":"Change","floor":4,"damage_taken":0},{"event_name":"World of Goop","player_choice":"Gather Gold","floor":5,"damage_taken":0},{"event_name":"Big Fish","player_choice":"Box","floor":13,"damage_taken":0}],"boss_relics":[],"items_purged_floors":[],"is_endless":false,"potions_floor_spawned":[6,14],"killed_by":"Slime Boss","ascension_level":5}