{"path_per_floor":["M","M","?","?","M","R","M","T","T","M","M","E","R","$","R","B",null,"M","?","?","M","M","R","?","E","T","M","M","M","R","M","R","B",null,"M","$","$","M","?","R","M","M","T","M","?","M","M","M","R"],"character_chosen":"IRONCLAD","items_purchased":["Bag of Marbles","Dropkick","Spot Weakness","Madness","Demon Form","Apotheosis"],"gold_per_floor":[118,130,130,130,144,144,156,226,226,243,257,287,287,33,33,134,134,153,153,123,140,159,159,159,190,266,279,295,310,310,330,330,431,431,449,216,31,48,48,48,60,71,146,159,159,171,189,205,205,205],"floor_reached":50,"campfire_rested":4,"playtime":2390,"current_hp_per_floor":[88,83,83,88,93,93,93,93,93,93,93,77,77,77,100,41,100,103,103,103,103,103,103,103,85,85,65,53,58,94,78,116,21,127,127,127,127,124,124,124,66,51,51,39,29,28,23,46,87,0],"items_purged":[],"gold":205,"score":572,"play_id":"2a042367-c805-45b9-b01c-517d73bfc516","local_time":"20180508044039","is_prod":false,"is_daily":false,"chose_seed":false,"is_ascension_mode":false,"campfire_upgraded":4,"timestamp":1525768839,"path_taken":["M","M","?","?","?","R","M","?","T","?","M","E","R","?","R","BOSS","M","?","?","M","M","R","?","E","T","M","M","M","R","M","R","BOSS","M","?","$","M","?","R","M","M","T","M","?","?","M","M","R","BOSS"],"build_version":"2018-05-03","seed_source_timestamp":1937702561942160,"purchased_purges":0,"victory":false,"master_deck":["Strike_R","Strike_R","Strike_R","Strike_R","Strike_R","Defend_R","Defend_R","Defend_R","Defend_R","Bash+1","Flex+1","Flex+1","Flex","Flex","Shockwave","Thunderclap","Sword Boomerang","Dropkick","Spot Weakness","Feed","Flame Barrier+1","Spot Weakness","Feed","Inflame+1","Flex","Flex+1","Offering","Dropkick","Spot Weakness","Bludgeon","Flex+1","Battle Trance","Flex","Havoc+1","Havoc+1","Madness","Demon Form","Apotheosis+1","Battle Trance+1","Disarm","Bash","Berserk","Infernal Blade+1","Flame Barrier+1","Panacea","Panacea","Madness","Pummel","Infernal Blade"],"max_hp_per_floor":[88,88,88,93,93,93,93,93,93,93,93,100,100,100,100,100,100,103,103,103,103,103,103,103,106,106,112,118,121,121,127,127,127,127,127,127,127,127,127,127,127,131,131,131,131,131,134,137,137,137],"relics":["Burning Blood","Centennial Puzzle","Gremlin Horn","Strawberry","Bag of Marbles","Lizard Tail","Prayer Wheel","Question Card","Orrery","Kunai"],"card_choices":[{"not_picked":["Warcry","Clothesline"],"picked":"Flex","floor":1},{"not_picked":["Iron Wave","Pummel"],"picked":"Flex","floor":2},{"not_picked":["Twin Strike","Battle Trance"],"picked":"Flex","floor":5},{"not_picked":["Heavy Blade","Dark Embrace"],"picked":"Flex","floor":7},{"not_picked":["Havoc","Warcry"],"picked":"Shockwave","floor":10},{"not_picked":["Shockwave","Intimidate"],"picked":"Thunderclap","floor":11},{"not_picked":["Uppercut","True Grit"],"picked":"Sword Boomerang","floor":12},{"not_picked":["Immolate","Fiend Fire"],"picked":"Feed","floor":16},{"not_picked":["Warcry","Wild Strike"],"picked":"Flame Barrier","floor":18},{"not_picked":["Pommel Strike","Evolve"],"picked":"Spot Weakness","floor":21},{"not_picked":["Combust","Iron Wave"],"picked":"Inflame","floor":25},{"not_picked":["True Grit","Sword Boomerang"],"picked":"Flex","floor":26},{"not_picked":["Spot Weakness","Body Slam","Infernal Blade"],"picked":"Flex","floor":27},{"not_picked":["Pommel Strike","Anger","Clash"],"picked":"Offering","floor":28},{"not_picked":["Thunderclap","Pommel Strike","True Grit"],"picked":"Dropkick","floor":29},{"not_picked":["Twin Strike","Iron Wave","Havoc"],"picked":"Spot Weakness","floor":31},{"not_picked":["Juggernaut","Double Tap","Exhume"],"picked":"Bludgeon","floor":33},{"not_picked":["Iron Wave","Shockwave","Cleave"],"picked":"Flex","floor":34},{"not_picked":["Clash","True Grit","Whirlwind"],"picked":"Battle Trance","floor":34},{"not_picked":["Clothesline","Bloodletting","Warcry"],"picked":"Flex","floor":34},{"not_picked":["Metallicize","Warcry","Armaments"],"picked":"Havoc","floor":34},{"not_picked":["Iron Wave","Headbutt","Sentinel"],"picked":"Havoc","floor":34},{"not_picked":["Armaments","Pommel Strike","True Grit"],"picked":"Battle Trance","floor":38},{"not_picked":["Headbutt","Dual Wield","Wild Strike"],"picked":"Berserk","floor":42},{"not_picked":["Entrench","Evolve","Dual Wield"],"picked":"Infernal Blade","floor":43},{"not_picked":["Havoc","Anger","Clash"],"picked":"Flame Barrier","floor":44},{"not_picked":["Dark Shackles","Master of Strategy","Purity"],"picked":"Panacea","floor":45},{"not_picked":["Dramatic Entrance","Deep Breath","Purity"],"picked":"Panacea","floor":45},{"not_picked":["Panacea","Enlightenment","Trip"],"picked":"Madness","floor":45},{"not_picked":["Rampage","Clothesline","Blood for Blood"],"picked":"Pummel","floor":47},{"not_picked":["Shockwave","Clash","Twin Strike"],"picked":"Infernal Blade","floor":48}],"player_experience":205577,"potions_floor_usage":[10,11,18,22,25,25,27,28,42,46,48,48],"damage_taken":[{"damage":0,"enemies":"Small Slimes","floor":1,"turns":5},{"damage":11,"enemies":"Jaw Worm","floor":2,"turns":3},{"damage":0,"enemies":"2 Louse","floor":5,"turns":3},{"damage":3,"enemies":"2 Fungi Beasts","floor":7,"turns":4},{"damage":4,"enemies":"Exordium Wildlife","floor":10,"turns":5},{"damage":3,"enemies":"Red Slaver","floor":11,"turns":2},{"damage":29,"enemies":"Gremlin Nob","floor":12,"turns":4},{"damage":65,"enemies":"Hexaghost","floor":16,"turns":8},{"damage":10,"enemies":"3 Byrds","floor":18,"turns":4},{"damage":5,"enemies":"Shell Parasite","floor":21,"turns":2},{"damage":0,"enemies":"Chosen and Byrds","floor":22,"turns":2},{"damage":27,"enemies":"Slavers","floor":25,"turns":2},{"damage":47,"enemies":"Sentry and Sphere","floor":27,"turns":6},{"damage":24,"enemies":"Cultist and Chosen","floor":28,"turns":8},{"damage":4,"enemies":"Chosen and Byrds","floor":29,"turns":3},{"damage":28,"enemies":"Centurion and Healer","floor":31,"turns":3},{"damage":101,"enemies":"Automaton","floor":33,"turns":10},{"damage":6,"enemies":"3 Shapes","floor":35,"turns":2},{"damage":9,"enemies":"Flame Bruiser 1 Orb","floor":38,"turns":3},{"damage":64,"enemies":"Spire Growth","floor":41,"turns":5},{"damage":25,"enemies":"Maw","floor":42,"turns":6},{"damage":18,"enemies":"Sphere and 2 Shapes","floor":44,"turns":2},{"damage":7,"enemies":"3 Darklings","floor":46,"turns":2},{"damage":14,"enemies":"Spire Growth","floor":47,"turns":3},{"damage":57,"enemies":"Sphere and 2 Shapes","floor":48,"turns":6},{"damage":94,"enemies":"Awakened One","floor":50,"turns":7}],"event_choices":[{"event_name":"Living Wall","player_choice":"Grow","floor":3,"damage_taken":0},{"event_name":"Big Fish","player_choice":"Donut","floor":4,"damage_taken":0},{"event_name":"The Lab","player_choice":"Got Potions","floor":19,"damage_taken":0},{"event_name":"The Woman in Blue","player_choice":"Bought 2 Potions","floor":20,"damage_taken":0},{"event_name":"Duplicator","player_choice":"One dupe","floor":24,"damage_taken":0},{"event_name":"Match and Keep!","player_choice":"2 cards matched","floor":39,"damage_taken":0},{"event_name":"SensoryStone","player_choice":"Memory 3","floor":45,"damage_taken":0}],"boss_relics":[{"not_picked":["Runic Pyramid","White Beast Statue"],"picked":"Lizard Tail"},{"not_picked":["Runic Dome","Tiny House"],"picked":"Orrery"}],"potions_floor_spawned":[5,10,16,18,25,27,41,44,46,47],"seed_played":"7544507163161670458","killed_by":"Awakened One","ascension_level":0,"is_trial":false}