{"gold_per_floor":[114,114,125,142,152,185,185,212,235,235,2,18,45,45,45,147,147,162,174,71,71,71,106,106,106,132,150,150,167,183,98,98,98],"floor_reached":33,"playtime":1040,"items_purged":[],"score":345,"play_id":"dc079b9c-f293-4a5e-b6f1-ca7eac2c9667","local_time":"20180714065931","is_ascension_mode":true,"campfire_choices":[{"floor":7,"key":"REST"},{"floor":10,"key":"REST"},{"data":"Perfected Strike","floor":15,"key":"SMITH"},{"data":"Demon Form","floor":24,"key":"SMITH"},{"floor":28,"key":"REST"},{"floor":32,"key":"REST"}],"neow_cost":"CURSE","seed_source_timestamp":444426522162383,"circlet_count":0,"master_deck":["Strike_R+1","Strike_R+1","Strike_R+1","Strike_R+1","Strike_R+1","Defend_R+1","Defend_R+1","Defend_R+1","Defend_R+1","Bash","Clumsy","Sever Soul","Seeing Red","Perfected Strike+1","Pommel Strike","Seeing Red+1","Wild Strike","Clash","Feel No Pain","Feed+1","Pommel Strike","Burning Pact+1","Madness","Demon Form+1","Pummel","Pommel Strike","Double Tap"],"relics":["Burning Blood","Sundial","Matryoshka","Pen Nib","Art of War","Vajra","War Paint","HandDrill","Oddly Smooth Stone","Bronze Scales","Runic Cube","Juzu Bracelet","Whetstone","Potion Belt","Omamori"],"potions_floor_usage":[4,6,8,30,33],"damage_taken":[{"damage":1,"enemies":"Cultist","floor":1,"turns":3},{"damage":5,"enemies":"Small Slimes","floor":3,"turns":3},{"damage":12,"enemies":"Jaw Worm","floor":4,"turns":2},{"damage":11,"enemies":"Blue Slaver","floor":5,"turns":3},{"damage":45,"enemies":"Lagavulin","floor":6,"turns":6},{"damage":10,"enemies":"Gremlin Nob","floor":8,"turns":3},{"damage":6,"enemies":"Gremlin Gang","floor":12,"turns":4},{"damage":64,"enemies":"Hexaghost","floor":16,"turns":9},{"damage":8,"enemies":"Shell Parasite","floor":18,"turns":2},{"damage":11,"enemies":"Spheric Guardian","floor":19,"turns":3},{"damage":32,"enemies":"Book of Stabbing","floor":23,"turns":4},{"damage":12,"enemies":"Cultist and Chosen","floor":27,"turns":3},{"damage":23,"enemies":"Centurion and Healer","floor":29,"turns":4},{"damage":27,"enemies":"Snake Plant","floor":30,"turns":3},{"damage":70,"enemies":"Collector","floor":33,"turns":7}],"seed_played":"-1298929877609501367","potions_obtained":[{"floor":3,"key":"Strength Potion"},{"floor":4,"key":"Explosive Potion"},{"floor":5,"key":"Strength Potion"},{"floor":29,"key":"Block Potion"},{"floor":30,"key":"Weak Potion"}],"is_trial":false,"path_per_floor":["M","?","M","M","M","E","R","E","T","R","$","M","T","$","R","B",null,"M","M","$","?","?","E","R","?","T","M","R","M","M","?","R"],"character_chosen":"IRONCLAD","items_purchased":["HandDrill","Clash","Madness"],"campfire_rested":4,"item_purchase_floors":[11,11,20],"current_hp_per_floor":[80,80,80,74,69,30,54,50,50,74,74,74,74,74,74,16,80,78,73,73,73,80,54,54,54,54,48,72,55,38,38,63,0],"gold":98,"neow_bonus":"ONE_RARE_RELIC","is_prod":false,"is_daily":false,"chose_seed":false,"campfire_upgraded":2,"win_rate":0,"timestamp":1531565971,"path_taken":["M","?","M","?","?","E","R","E","T","R","?","M","?","?","R","BOSS","M","?","$","?","?","E","R","?","T","M","R","M","M","?","R","BOSS"],"build_version":"2018-07-13","purchased_purges":0,"victory":false,"max_hp_per_floor":[80,80,80,80,80,80,80,80,80,80,80,80,80,80,80,80,80,80,80,80,80,80,80,80,80,80,80,80,80,84,84,84,84],"card_choices":[{"not_picked":["Evolve","Anger"],"picked":"Sever Soul","floor":1},{"not_picked":["Reckless Charge","Uppercut"],"picked":"Seeing Red","floor":3},{"not_picked":["Rampage","Shrug It Off"],"picked":"Perfected Strike","floor":4},{"not_picked":["Warcry","Ghostly Armor"],"picked":"Pommel Strike","floor":5},{"not_picked":["True Grit","Carnage"],"picked":"Seeing Red","floor":6},{"not_picked":["Combust","Thunderclap"],"picked":"Wild Strike","floor":8},{"not_picked":["Entrench","Armaments"],"picked":"Feel No Pain","floor":12},{"not_picked":["Brutality","Limit Break"],"picked":"Feed","floor":16},{"not_picked":["Wild Strike","Blood for Blood"],"picked":"Pommel Strike","floor":18},{"not_picked":["Warcry","Sentinel"],"picked":"Burning Pact+1","floor":19},{"not_picked":["Shockwave","Wild Strike"],"picked":"Demon Form","floor":23},{"not_picked":["Anger","Havoc"],"picked":"Pummel","floor":27},{"not_picked":["Bloodletting+1","Shrug It Off+1"],"picked":"Pommel Strike","floor":29},{"not_picked":["Shockwave","Uppercut"],"picked":"Double Tap","floor":30}],"player_experience":426970,"relics_obtained":[{"floor":6,"key":"Pen Nib"},{"floor":8,"key":"Art of War"},{"floor":9,"key":"Vajra"},{"floor":9,"key":"War Paint"},{"floor":13,"key":"Oddly Smooth Stone"},{"floor":13,"key":"Bronze Scales"},{"floor":23,"key":"Whetstone"},{"floor":26,"key":"Potion Belt"}],"event_choices":[{"event_name":"Accursed Blacksmith","player_choice":"Rummage","floor":2,"damage_taken":0},{"event_name":"The Mausoleum","player_choice":"Yes","floor":21,"damage_taken":0},{"event_name":"Wheel of Change","player_choice":"Full Heal","floor":22,"damage_taken":0},{"event_name":"Back to Basics","player_choice":"Simplicity","floor":25,"damage_taken":0},{"event_name":"Addict","player_choice":"Obtained Relic","floor":31,"damage_taken":0}],"boss_relics":[{"not_picked":["Busted Crown","Mark of Pain"],"picked":"Runic Cube"}],"items_purged_floors":[],"is_endless":false,"potions_floor_spawned":[3,4,5,29,30],"killed_by":"Collector","ascension_level":3}