{"gold_per_floor":[112,125,139,150,167,199,199,29,59,91,103,115],"floor_reached":12,"playtime":1306,"items_purged":[],"score":113,"play_id":"7de01c0f-9564-412a-8302-11511226bd87","local_time":"20190513034638","is_ascension_mode":true,"campfire_choices":[{"floor":7,"key":"REST"},{"floor":11,"key":"REST"}],"neow_cost":"TEN_PERCENT_HP_LOSS","seed_source_timestamp":113930370412300,"circlet_count":0,"master_deck":["Strike_R","Strike_R","Strike_R","Strike_R","Strike_R","Defend_R","Defend_R","Defend_R","Defend_R","Bash","Dark Embrace","Clash","Corruption","Iron Wave","Barricade","Havoc","Warcry","Thinking Ahead","Flame Barrier"],"relics":["Burning Blood","Mango","Tiny Chest","MawBank"],"potions_floor_usage":[5,6,6,10],"damage_taken":[{"damage":6,"enemies":"Cultist","floor":1,"turns":3},{"damage":7,"enemies":"Small Slimes","floor":2,"turns":5},{"damage":8,"enemies":"Jaw Worm","floor":3,"turns":5},{"damage":20,"enemies":"3 Louse","floor":4,"turns":4},{"damage":4,"enemies":"Exordium Wildlife","floor":5,"turns":5},{"damage":43,"enemies":"Gremlin Nob","floor":6,"turns":6},{"damage":29,"enemies":"Lagavulin","floor":10,"turns":8},{"damage":63,"enemies":"3 Sentries","floor":12,"turns":8}],"seed_played":"-6874495522542082872","potions_obtained":[{"floor":3,"key":"Dexterity Potion"},{"floor":4,"key":"SpeedPotion"},{"floor":5,"key":"Fire Potion"},{"floor":6,"key":"PowerPotion"}],"is_trial":false,"path_per_floor":["M","M","M","M","M","E","R","$","T","E","R","E"],"character_chosen":"IRONCLAD","items_purchased":["Thinking Ahead"],"campfire_rested":2,"item_purchase_floors":[8],"current_hp_per_floor":[72,71,69,55,57,34,59,59,59,36,61,0],"gold":115,"neow_bonus":"THREE_RARE_CARDS","is_prod":false,"is_daily":false,"chose_seed":false,"campfire_upgraded":0,"win_rate":0,"timestamp":1557733598,"path_taken":["M","M","M","M","M","E","R","?","T","E","R","E"],"build_version":"2019-05-07","purchased_purges":0,"victory":false,"max_hp_per_floor":[72,72,72,72,72,86,86,86,86,86,86,86],"card_choices":[{"not_picked":["Juggernaut","Bludgeon"],"picked":"Dark Embrace","floor":0},{"not_picked":["Sword Boomerang","Fire Breathing"],"picked":"Clash","floor":1},{"not_picked":["True Grit","Evolve"],"picked":"Corruption","floor":2},{"not_picked":["Sword Boomerang","Bloodletting"],"picked":"Iron Wave","floor":3},{"not_picked":["Headbutt","Power Through"],"picked":"Barricade","floor":4},{"not_picked":["Hemokinesis","Whirlwind"],"picked":"Havoc","floor":5},{"not_picked":["Dropkick","Corruption"],"picked":"Warcry","floor":6},{"not_picked":["Carnage","Entrench"],"picked":"Flame Barrier","floor":10}],"player_experience":872166,"relics_obtained":[{"floor":6,"key":"Mango"},{"floor":9,"key":"Tiny Chest"},{"floor":10,"key":"MawBank"}],"event_choices":[],"is_beta":true,"boss_relics":[],"items_purged_floors":[],"is_endless":false,"potions_floor_spawned":[3,4,5,6],"killed_by":"3 Sentries","ascension_level":5}