{"path_per_floor":["M","M","M","M","?","R","M","M","T","M","M","M","M","M","R","B",null,"M","M","M","M","?","R","M","M","T","M","R","M","$","M","R"],"character_chosen":"IRONCLAD","items_purchased":["Gremlin Horn","Pantograph"],"gold_per_floor":[114,129,144,159,159,159,174,189,214,229,244,259,274,289,289,389,389,404,419,434,449,449,449,464,479,504,519,519,534,34,49,49,49],"floor_reached":33,"campfire_rested":1,"playtime":2263,"current_hp_per_floor":[78,77,76,75,79,78,77,76,75,74,73,79,78,77,76,60,84,68,74,63,65,50,83,82,64,64,70,70,76,76,75,74,0],"items_purged":[],"gold":49,"score":305,"play_id":"46c5a2fe-3d8e-46e6-b6ca-46d4bda08825","local_time":"20180327004756","daily_mods":["Allstar","Terminal","Vintage"],"is_prod":false,"is_daily":true,"is_ascension_mode":false,"campfire_upgraded":4,"timestamp":1522126076,"path_taken":["M","M","M","M","?","R","M","M","T","M","M","M","M","M","R","BOSS","M","M","M","M","?","R","M","M","T","M","R","M","$","M","R","BOSS"],"build_version":"2018-03-22v2","purchased_purges":0,"victory":false,"master_deck":["Strike_R+1","Strike_R+1","Strike_R","Strike_R","Strike_R","Defend_R","Defend_R","Defend_R+1","Defend_R","Bash+1","Dramatic Entrance+1","Enlightenment+1","Double Tap+1","Wild Strike+1","Twin Strike+1"],"max_hp_per_floor":[78,77,76,75,79,78,77,76,75,74,73,79,78,77,76,85,84,83,82,81,80,84,83,82,81,80,79,78,77,76,75,74,74],"relics":["Burning Blood","Paper Frog","Dream Catcher","Meat on the Bone","Orichalcum","Frozen Egg 2","War Paint","Juzu Bracelet","Art of War","Toolbox","Strawberry","Prayer Wheel","Kunai","Pear","Mark of Pain","Vajra","Du-Vu Doll","Anchor","Regal Pillow","Whetstone","Toxic Egg 2","Ancient Tea Set","Self Forming Clay","Bottled Lightning","Gremlin Horn","Pantograph","Centennial Puzzle"],"card_choices":[{"not_picked":["Limit Break","Demon Form"],"picked":"Double Tap","floor":16},{"not_picked":["Fire Breathing","Thunderclap"],"picked":"Wild Strike","floor":23},{"not_picked":["Wild Strike","Shrug It Off"],"picked":"Twin Strike","floor":26}],"player_experience":512373,"potions_floor_usage":[4,4,16,21,29,33,33],"damage_taken":[{"damage":1,"enemies":"Jaw Worm","floor":1,"turns":3},{"damage":0,"enemies":"2 Louse","floor":2,"turns":2},{"damage":0,"enemies":"Small Slimes","floor":3,"turns":4},{"damage":7,"enemies":"Exordium Wildlife","floor":4,"turns":6},{"damage":0,"enemies":"3 Louse","floor":7,"turns":3},{"damage":3,"enemies":"Red Slaver","floor":8,"turns":6},{"damage":0,"enemies":"Blue Slaver","floor":10,"turns":4},{"damage":0,"enemies":"Lots of Slimes","floor":11,"turns":3},{"damage":0,"enemies":"2 Fungi Beasts","floor":12,"turns":3},{"damage":0,"enemies":"Exordium Wildlife","floor":13,"turns":3},{"damage":2,"enemies":"Exordium Thugs","floor":14,"turns":6},{"damage":44,"enemies":"The Guardian","floor":16,"turns":15},{"damage":22,"enemies":"Spheric Guardian","floor":18,"turns":6},{"damage":0,"enemies":"Chosen","floor":19,"turns":3},{"damage":17,"enemies":"Snecko","floor":20,"turns":5},{"damage":4,"enemies":"Snake Plant","floor":21,"turns":4},{"damage":6,"enemies":"Centurion and Healer","floor":24,"turns":5},{"damage":24,"enemies":"Chosen and Byrds","floor":25,"turns":7},{"damage":0,"enemies":"Snecko","floor":27,"turns":3},{"damage":0,"enemies":"3 Cultists","floor":29,"turns":4},{"damage":1,"enemies":"Snake Plant","floor":31,"turns":3},{"damage":81,"enemies":"Champ","floor":33,"turns":9}],"event_choices":[{"event_name":"Big Fish","player_choice":"Donut","floor":5,"damage_taken":0},{"event_name":"Forgotten Altar","player_choice":"Shed Blood","floor":22,"damage_taken":0}],"boss_relics":[{"not_picked":["Pandora\u0027s Box","Velvet Choker"],"picked":"Mark of Pain"}],"potions_floor_spawned":[1,3,7,11,13,18,19,20,27,29],"seed_played":"7182393064752794015","killed_by":"Champ","ascension_level":0,"is_trial":false}