{"gold_per_floor":[109,128,142,153,2,37,37,54,101,131,131,149,149,162,162,264,264,274,274,124,124,124,124,124,124],"floor_reached":25,"playtime":736,"items_purged":["Strike_B"],"score":211,"play_id":"0fadc789-3cb1-488f-833a-2171252260c5","local_time":"20190601140645","is_ascension_mode":false,"campfire_choices":[{"data":"Electrodynamics","floor":11,"key":"SMITH"},{"data":"Biased Cognition","floor":13,"key":"SMITH"},{"data":"Sunder","floor":15,"key":"SMITH"},{"data":"Creative AI","floor":23,"key":"SMITH"}],"neow_cost":"NONE","seed_source_timestamp":60988445647614,"circlet_count":0,"master_deck":["Strike_B","Strike_B","Defend_B","Defend_B","Defend_B","Defend_B","Zap","Dualcast","Rebound","Go for the Eyes","Auto Shields","Electrodynamics+1","Go for the Eyes","Sunder+1","Capacitor","Biased Cognition+1","Creative AI+1","Go for the Eyes","Undo","Tempest+1","Necronomicurse"],"relics":["Cracked Core","Oddly Smooth Stone","Ancient Tea Set","Shuriken","Orrery","Necronomicon","DataDisk","SsserpentHead"],"potions_floor_usage":[4,25],"damage_taken":[{"damage":0,"enemies":"2 Louse","floor":1,"turns":2},{"damage":0,"enemies":"Small Slimes","floor":2,"turns":2},{"damage":1,"enemies":"Jaw Worm","floor":3,"turns":3},{"damage":12,"enemies":"Large Slime","floor":4,"turns":4},{"damage":15,"enemies":"3 Sentries","floor":6,"turns":4},{"damage":8,"enemies":"Red Slaver","floor":8,"turns":4},{"damage":8,"enemies":"Lagavulin","floor":10,"turns":7},{"damage":0,"enemies":"Blue Slaver","floor":12,"turns":2},{"damage":0,"enemies":"3 Louse","floor":14,"turns":2},{"damage":15,"enemies":"The Guardian","floor":16,"turns":7},{"damage":7,"enemies":"Shell Parasite","floor":18,"turns":6},{"damage":38,"enemies":"Book of Stabbing","floor":25,"turns":4}],"seed_played":"3820642688616211617","potions_obtained":[{"floor":1,"key":"Poison Potion"},{"floor":3,"key":"Explosive Potion"},{"floor":10,"key":"Dexterity Potion"},{"floor":16,"key":"SkillPotion"}],"is_trial":false,"path_per_floor":["M","M","M","M","$","E","?","M","T","E","R","M","R","M","R","B",null,"M","?","$","?","$","R","?","E"],"character_chosen":"DEFECT","items_purchased":["Electrodynamics","DataDisk"],"campfire_rested":0,"item_purchase_floors":[5,20],"current_hp_per_floor":[75,75,74,62,62,47,40,32,32,24,24,24,24,24,24,9,75,68,52,52,38,38,38,38,0],"gold":124,"neow_bonus":"THREE_CARDS","is_prod":false,"is_daily":false,"chose_seed":false,"campfire_upgraded":4,"win_rate":0,"timestamp":1559390805,"path_taken":["M","M","M","M","$","E","?","M","T","E","R","M","R","M","R","BOSS","M","?","$","?","?","R","?","E"],"build_version":"2019-01-23","purchased_purges":1,"victory":false,"max_hp_per_floor":[75,75,75,75,75,75,75,75,75,75,75,75,75,75,75,75,75,75,75,75,80,80,80,80,80],"card_choices":[{"not_picked":["Chaos","Hologram"],"picked":"Rebound","floor":0},{"not_picked":["Aggregate","Compile Driver","Melter"],"picked":"SKIP","floor":1},{"not_picked":["Rebound","Ball Lightning"],"picked":"Go for the Eyes","floor":2},{"not_picked":["Beam Cell","Compile Driver","Cold Snap"],"picked":"SKIP","floor":3},{"not_picked":["Streamline","Coolheaded"],"picked":"Auto Shields","floor":4},{"not_picked":["Gash","Chaos"],"picked":"Go for the Eyes","floor":6},{"not_picked":["Beam Cell","Cold Snap"],"picked":"Sunder","floor":8},{"not_picked":["Steam Power","Conserve Battery"],"picked":"Capacitor","floor":10},{"not_picked":["Steam","Loop"],"picked":"Biased Cognition","floor":12},{"not_picked":["Ball Lightning","BootSequence","Streamline"],"picked":"SKIP","floor":14},{"not_picked":["Meteor Strike","Echo Form"],"picked":"Creative AI","floor":16},{"not_picked":["Stack","Loop"],"picked":"Go for the Eyes","floor":17},{"not_picked":["Barrage","Consume"],"picked":"Undo","floor":17},{"not_picked":["Hologram","Steam"],"picked":"Tempest+1","floor":18}],"player_experience":584313,"relics_obtained":[{"floor":6,"key":"Oddly Smooth Stone"},{"floor":9,"key":"Ancient Tea Set"},{"floor":10,"key":"Shuriken"},{"floor":19,"key":"Necronomicon"}],"event_choices":[{"cards_removed":["Strike_B"],"damage_healed":0,"gold_gain":0,"player_choice":"Card Removal","damage_taken":7,"max_hp_gain":0,"max_hp_loss":0,"event_name":"Golden Wing","floor":7,"gold_loss":0},{"damage_healed":0,"gold_gain":0,"player_choice":"Obtained Book","damage_taken":16,"max_hp_gain":0,"max_hp_loss":0,"event_name":"Cursed Tome","floor":19,"gold_loss":0},{"damage_healed":0,"gold_gain":0,"player_choice":"Shed Blood","damage_taken":19,"max_hp_gain":5,"max_hp_loss":0,"event_name":"Forgotten Altar","floor":21,"gold_loss":0},{"damage_healed":0,"gold_gain":0,"player_choice":"Trade","damage_taken":0,"relics_obtained":["SsserpentHead"],"max_hp_gain":0,"max_hp_loss":0,"event_name":"FaceTrader","floor":24,"gold_loss":0}],"is_beta":false,"boss_relics":[{"not_picked":["Black Star","Lizard Tail"],"picked":"Orrery"}],"items_purged_floors":[5],"is_endless":false,"potions_floor_spawned":[1,3,10,16],"killed_by":"Book of Stabbing","ascension_level":0}