{"gold_per_floor":[114,127,63,78,95,95,130,130,130,146,162,162,162,337,337,437,437,421,433,358,390,390,390],"floor_reached":23,"playtime":1123,"items_purged":[],"score":191,"play_id":"965650dc-ed51-4deb-8808-545ee47c6c39","local_time":"20190623231336","is_ascension_mode":false,"campfire_choices":[{"floor":6,"key":"RECALL"},{"data":"Meteor Strike","floor":8,"key":"SMITH"},{"floor":12,"key":"REST"},{"floor":15,"key":"REST"}],"neow_cost":"TEN_PERCENT_HP_LOSS","seed_source_timestamp":209913398231400,"circlet_count":0,"master_deck":["Strike_B","Strike_B","Strike_B","Strike_B","Defend_B","Defend_B+1","Defend_B","Defend_B","Zap","Dualcast","Hyperbeam","Beam Cell","Gash","Cold Snap","Doom and Gloom+1","Meteor Strike+1","Beam Cell","Amplify","All For One","Gash","Beam Cell","Glacier"],"relics":["FrozenCore","Strawberry","Question Card","Red Mask"],"potions_floor_usage":[4,5,7,16,21,21],"damage_taken":[{"damage":0,"enemies":"2 Louse","floor":1,"turns":1},{"damage":0,"enemies":"Cultist","floor":2,"turns":2},{"damage":0,"enemies":"Small Slimes","floor":4,"turns":2},{"damage":0,"enemies":"2 Fungi Beasts","floor":5,"turns":3},{"damage":31,"enemies":"Lagavulin","floor":7,"turns":5},{"damage":9,"enemies":"3 Louse","floor":10,"turns":2},{"damage":0,"enemies":"Large Slime","floor":11,"turns":3},{"damage":49,"enemies":"Hexaghost","floor":16,"turns":11},{"damage":27,"enemies":"2 Thieves","floor":18,"turns":4},{"damage":6,"enemies":"Chosen","floor":19,"turns":3},{"damage":0,"enemies":"Masked Bandits","floor":21,"turns":2},{"damage":60,"enemies":"Book of Stabbing","floor":23,"turns":7}],"seed_played":"7397197567593289409","potions_obtained":[{"floor":1,"key":"Regen Potion"},{"floor":2,"key":"SkillPotion"},{"floor":4,"key":"Block Potion"},{"floor":10,"key":"FairyPotion"},{"floor":11,"key":"GamblersBrew"},{"floor":19,"key":"PowerPotion"},{"floor":21,"key":"Fruit Juice"}],"is_trial":false,"path_per_floor":["M","M","?","M","M","R","E","R","T","M","M","R","?","?","R","B",null,"M","M","?","?","?","E"],"character_chosen":"DEFECT","items_purchased":[],"campfire_rested":2,"item_purchase_floors":[],"current_hp_per_floor":[68,68,75,75,75,75,53,53,53,44,44,66,51,51,73,24,75,48,42,42,47,47,0],"gold":390,"neow_bonus":"THREE_RARE_CARDS","is_prod":false,"is_daily":false,"chose_seed":false,"campfire_upgraded":1,"win_rate":0,"timestamp":1561346016,"path_taken":["M","M","?","M","M","R","E","R","T","M","?","R","?","?","R","BOSS","M","M","?","?","?","E"],"build_version":"2019-06-21","purchased_purges":0,"victory":false,"max_hp_per_floor":[68,68,75,75,75,75,75,75,75,75,75,75,75,75,75,75,75,75,75,75,80,80,80],"card_choices":[{"not_picked":["Core Surge","Amplify"],"picked":"Hyperbeam","floor":0},{"not_picked":["Capacitor","Compile Driver"],"picked":"Beam Cell","floor":1},{"not_picked":["Loop","Hello World"],"picked":"Gash","floor":2},{"not_picked":["Sweeping Beam","Ball Lightning"],"picked":"Cold Snap","floor":4},{"not_picked":["Barrage","Chaos"],"picked":"Doom and Gloom","floor":5},{"not_picked":["Biased Cognition","Sweeping Beam"],"picked":"Meteor Strike","floor":7},{"not_picked":["Recycle","Skim","Stack"],"picked":"Beam Cell","floor":10},{"not_picked":["Turbo","BootSequence","Ball Lightning"],"picked":"Amplify","floor":11},{"not_picked":["Core Surge","Multi-Cast","Seek"],"picked":"All For One","floor":16},{"not_picked":["Cold Snap","Go for the Eyes","Sweeping Beam+1"],"picked":"Gash","floor":18},{"not_picked":["Conserve Battery","Ball Lightning","Sweeping Beam+1"],"picked":"Beam Cell","floor":19},{"not_picked":["Ball Lightning","Compile Driver","Coolheaded"],"picked":"Glacier","floor":21}],"player_experience":1120380,"relics_obtained":[{"floor":7,"key":"Question Card"},{"floor":21,"key":"Red Mask"}],"event_choices":[{"damage_healed":0,"gold_gain":0,"player_choice":"Paid Gold","damage_taken":0,"relics_obtained":["Strawberry"],"max_hp_gain":0,"max_hp_loss":0,"event_name":"WeMeetAgain","floor":3,"gold_loss":64},{"damage_healed":0,"gold_gain":0,"player_choice":"Entered Light","damage_taken":15,"max_hp_gain":0,"max_hp_loss":0,"event_name":"Shining Light","floor":13,"gold_loss":0,"cards_upgraded":["Defend_B","Doom and Gloom"]},{"damage_healed":0,"gold_gain":175,"player_choice":"AGREE","damage_taken":0,"max_hp_gain":0,"max_hp_loss":0,"event_name":"Liars Game","floor":14,"gold_loss":0,"cards_obtained":["Doubt"]},{"cards_removed":["Doubt"],"damage_healed":0,"gold_gain":0,"player_choice":"Gave Gold","damage_taken":0,"max_hp_gain":0,"max_hp_loss":0,"event_name":"Beggar","floor":20,"gold_loss":75},{"damage_healed":0,"gold_gain":0,"player_choice":"Fought Bandits","damage_taken":0,"max_hp_gain":0,"max_hp_loss":0,"event_name":"Masked Bandits","floor":21,"gold_loss":0},{"damage_healed":0,"gold_gain":0,"player_choice":"Ignored","damage_taken":0,"max_hp_gain":0,"max_hp_loss":0,"event_name":"Ghosts","floor":22,"gold_loss":0}],"is_beta":true,"boss_relics":[{"not_picked":["Snecko Eye","Inserter"],"picked":"FrozenCore"}],"items_purged_floors":[],"is_endless":false,"potions_floor_spawned":[1,2,4,10,11,19,21],"killed_by":"Book of Stabbing","ascension_level":0}