{"path_per_floor":["M","M","M","M","M","R","M","R","T","E","?","R","E","M","R","B",null,"M","?","$","?","?","R","?","E","T","M","?","R","M","M","R","B",null,"M","?","?","M","?","R","$","M","T","$","M","M","M","M","R","B"],"character_chosen":"IRONCLAD","items_purchased":["Lee\u0027s Waffle","Self Forming Clay","Flex"],"gold_per_floor":[109,120,132,144,155,155,166,166,192,225,400,400,429,441,441,540,540,559,559,77,2,2,2,2,30,30,40,40,40,54,65,65,161,161,171,171,222,242,0,0,0,15,15,15,34,54,66,77,77,77],"floor_reached":51,"campfire_rested":7,"playtime":1824,"current_hp_per_floor":[36,32,38,42,37,61,41,65,65,47,47,71,38,28,52,20,80,71,56,92,92,92,92,92,42,42,45,75,75,51,38,80,8,92,68,68,41,34,34,77,77,69,69,69,70,62,59,52,95,33],"items_purged":[],"gold":77,"score":764,"play_id":"48ff16fe-10a6-4971-88db-59e9feaabd76","local_time":"20180320221329","is_prod":false,"is_daily":false,"is_ascension_mode":true,"campfire_upgraded":2,"timestamp":1521598409,"path_taken":["M","M","M","?","M","R","M","R","T","E","?","R","E","M","R","BOSS","M","?","$","?","?","R","?","E","T","?","?","R","M","M","R","BOSS","M","?","?","M","?","R","?","M","T","?","M","M","M","?","R","BOSS"],"build_version":"2018-03-15v3","purchased_purges":0,"victory":true,"master_deck":["Strike_R","Strike_R+1","Strike_R","Defend_R","Defend_R","Defend_R","Defend_R","Whirlwind+1","Flex+1","Rupture","Spot Weakness","Hemokinesis","Limit Break+1","Hemokinesis","Feed","Rupture","Flex","Clumsy","Berserk","Whirlwind+1","Normality","Flex+1","Hemokinesis+1","Combust","Writhe","Flex"],"max_hp_per_floor":[80,80,80,80,80,80,80,80,80,80,80,80,80,80,80,80,80,80,85,92,92,92,92,92,92,92,92,92,92,92,92,92,92,92,92,92,95,95,95,95,95,95,95,95,95,95,95,95,95,98],"relics":["Burning Blood","Bronze Scales","Matryoshka","Bottled Lightning","Cursed Key","Lee\u0027s Waffle","Self Forming Clay","Dodecahedron","Regal Pillow","Pen Nib","Whetstone","Question Card","Gremlin Horn","Red Skull","Red Mask","Molten Egg 2","Blue Candle"],"card_choices":[{"not_picked":["Cleave","Sword Boomerang"],"picked":"Rupture"},{"not_picked":["Clothesline","Evolve"],"picked":"Spot Weakness"},{"not_picked":["Twin Strike","Clash"],"picked":"Hemokinesis"},{"not_picked":["Anger","Twin Strike"],"picked":"Limit Break"},{"not_picked":["Headbutt","Heavy Blade"],"picked":"Hemokinesis"},{"not_picked":["Demon Form","Fiend Fire"],"picked":"Feed"},{"not_picked":["Body Slam","Evolve"],"picked":"Rupture"},{"not_picked":["Barricade","Immolate"],"picked":"Berserk"},{"not_picked":["Corruption","Burning Pact","Uppercut"],"picked":"Whirlwind"},{"not_picked":["Iron Wave","Burning Pact","True Grit"],"picked":"Flex"},{"not_picked":["Cleave","Seeing Red","Iron Wave"],"picked":"Hemokinesis"},{"not_picked":["Heavy Blade","Intimidate","Anger"],"picked":"Combust"},{"not_picked":["Sword Boomerang","Wild Strike","Combust"],"picked":"Flex"}],"player_experience":492852,"potions_floor_usage":[5,7,13,16,27,31,33,37,46,48,50],"damage_taken":[{"damage":10,"enemies":"Cultist","floor":1,"turns":4},{"damage":10,"enemies":"Jaw Worm","floor":2,"turns":5},{"damage":0,"enemies":"2 Louse","floor":3,"turns":1},{"damage":2,"enemies":"Large Slime","floor":4,"turns":7},{"damage":11,"enemies":"Blue Slaver","floor":5,"turns":5},{"damage":26,"enemies":"Exordium Thugs","floor":7,"turns":4},{"damage":24,"enemies":"Gremlin Nob","floor":10,"turns":4},{"damage":39,"enemies":"Lagavulin","floor":13,"turns":6},{"damage":16,"enemies":"Large Slime","floor":14,"turns":6},{"damage":38,"enemies":"Slime Boss","floor":16,"turns":8},{"damage":15,"enemies":"3 Byrds","floor":18,"turns":4},{"damage":56,"enemies":"Gremlin Leader","floor":25,"turns":6},{"damage":3,"enemies":"Chosen","floor":27,"turns":3},{"damage":30,"enemies":"Snecko","floor":30,"turns":4},{"damage":19,"enemies":"Snake Plant","floor":31,"turns":3},{"damage":78,"enemies":"Champ","floor":33,"turns":9},{"damage":30,"enemies":"3 Darklings","floor":35,"turns":4},{"damage":36,"enemies":"Mysterious Sphere","floor":37,"turns":4},{"damage":13,"enemies":"Orb Walker","floor":38,"turns":2},{"damage":14,"enemies":"4 Shapes","floor":42,"turns":2},{"damage":5,"enemies":"3 Darklings","floor":45,"turns":2},{"damage":14,"enemies":"Sphere and 2 Shapes","floor":46,"turns":1},{"damage":9,"enemies":"4 Shapes","floor":47,"turns":2},{"damage":13,"enemies":"3 Darklings","floor":48,"turns":3},{"damage":71,"enemies":"Donu and Deca","floor":50,"turns":5}],"event_choices":[{"event_name":"Liars Game","player_choice":"agreed","floor":11,"damage_taken":0},{"event_name":"Forgotten Altar","player_choice":"Shed Blood","floor":19,"damage_taken":0},{"event_name":"Beggar","player_choice":"Gave Gold","floor":21,"damage_taken":0},{"event_name":"Back to Basics","player_choice":"Elegance","floor":22,"damage_taken":0},{"event_name":"The Mausoleum","player_choice":"Yes","floor":24,"damage_taken":0},{"event_name":"The Library","player_choice":"Heal","floor":28,"damage_taken":0},{"event_name":"Accursed Blacksmith","player_choice":"Rummage","floor":36,"damage_taken":0},{"event_name":"Mysterious Sphere","player_choice":"Fight","floor":37,"damage_taken":0},{"event_name":"Tomb of Lord Red Mask","player_choice":"Paid","floor":39,"damage_taken":0}],"boss_relics":[{"not_picked":["Runic Dome","Runic Cube"],"picked":"Cursed Key"},{"not_picked":["White Beast Statue","Mark of Pain"],"picked":"Question Card"}],"potions_floor_spawned":[2,5,10,14,18,27,31,35,37,47,48],"seed_played":"7943204986862276416","ascension_level":1,"is_trial":false}