{"gold_per_floor":[117,41,51,16,94,125,125,154,180,192,229,261,299,311,323,438,450,479,508,520,442,379,391],"floor_reached":23,"playtime":901,"items_purged":[],"score":269,"play_id":"97af424c-e149-48d5-abd6-b4fca3313ba8","local_time":"20190613031009","is_ascension_mode":true,"campfire_choices":[{"data":"Loop","floor":7,"key":"SMITH"},{"floor":10,"key":"REST"},{"floor":15,"key":"REST"}],"neow_cost":"NONE","seed_source_timestamp":111941795251000,"circlet_count":0,"master_deck":["Strike_B+1","Strike_B+1","Defend_B+1","Defend_B+1","Defend_B+1","Defend_B+1","Zap","Dualcast","Dramatic Entrance","Heatsinks","Capacitor+1","Loop+1","Auto Shields","Echo Form","Chaos","FTL","Redo","Rainbow","Genetic Algorithm+1"],"relics":["Cracked Core","Meat on the Bone","Tiny Chest","Juzu Bracelet","DataDisk","MawBank","Happy Flower","Torii","Nuclear Battery"],"potions_floor_usage":[11,18,23],"damage_taken":[{"damage":0,"enemies":"Small Slimes","floor":1,"turns":2},{"damage":1,"enemies":"Cultist","floor":3,"turns":3},{"damage":40,"enemies":"Lagavulin","floor":6,"turns":8},{"damage":25,"enemies":"3 Sentries","floor":8,"turns":7},{"damage":15,"enemies":"Lagavulin","floor":11,"turns":7},{"damage":7,"enemies":"Jaw Worm","floor":12,"turns":4},{"damage":27,"enemies":"3 Sentries","floor":13,"turns":8},{"damage":16,"enemies":"Hexaghost","floor":16,"turns":8},{"damage":1,"enemies":"Spheric Guardian","floor":18,"turns":3},{"damage":24,"enemies":"2 Thieves","floor":19,"turns":4},{"damage":48,"enemies":"Slavers","floor":23,"turns":4}],"seed_played":"1487009887038667309","potions_obtained":[{"floor":8,"key":"Weak Potion"},{"floor":16,"key":"Swift Potion"},{"floor":19,"key":"Weak Potion"}],"is_trial":false,"path_per_floor":["M","?","M","$","T","E","R","E","T","R","E","M","E","?","R","B",null,"M","M","?","?","?","E"],"character_chosen":"DEFECT","items_purchased":["Loop"],"campfire_rested":2,"item_purchase_floors":[4],"current_hp_per_floor":[75,75,74,74,74,46,46,33,33,55,40,45,30,30,52,48,68,67,43,43,43,43,0],"gold":391,"neow_bonus":"RANDOM_COLORLESS","is_prod":false,"is_daily":false,"chose_seed":false,"campfire_upgraded":1,"win_rate":0,"timestamp":1560409809,"path_taken":["M","?","?","?","?","E","R","E","T","R","E","M","E","?","R","BOSS","M","M","?","?","?","E"],"build_version":"2019-06-11","purchased_purges":0,"victory":false,"max_hp_per_floor":[75,75,75,75,75,75,75,75,75,75,75,75,75,75,75,75,75,75,75,75,75,75,75],"card_choices":[{"not_picked":["Compile Driver","Rebound"],"picked":"Heatsinks","floor":1},{"not_picked":["Auto Shields","Leap"],"picked":"Capacitor","floor":3},{"not_picked":["Recycle","Coolheaded"],"picked":"Auto Shields","floor":6},{"not_picked":["Hologram","Streamline"],"picked":"Echo Form","floor":8},{"not_picked":["Genetic Algorithm","Streamline"],"picked":"Chaos","floor":11},{"not_picked":["Stack","Steam Power"],"picked":"FTL","floor":12},{"not_picked":["Cold Snap","Go for the Eyes"],"picked":"Redo","floor":13},{"not_picked":["Fission","Seek"],"picked":"Rainbow","floor":16},{"not_picked":["Beam Cell","Streamline","Hologram"],"picked":"SKIP","floor":18},{"not_picked":["Stack","Cold Snap"],"picked":"Genetic Algorithm+1","floor":19}],"player_experience":1040974,"relics_obtained":[{"floor":5,"key":"Tiny Chest"},{"floor":6,"key":"Juzu Bracelet"},{"floor":8,"key":"DataDisk"},{"floor":9,"key":"MawBank"},{"floor":11,"key":"Happy Flower"},{"floor":13,"key":"Torii"}],"event_choices":[{"damage_healed":0,"gold_gain":0,"player_choice":"Paid Gold","damage_taken":0,"relics_obtained":["Meat on the Bone"],"max_hp_gain":0,"max_hp_loss":0,"event_name":"WeMeetAgain","floor":2,"gold_loss":76},{"damage_healed":0,"gold_gain":0,"player_choice":"Ignored","damage_taken":0,"max_hp_gain":0,"max_hp_loss":0,"event_name":"Golden Wing","floor":14,"gold_loss":0},{"damage_healed":0,"gold_gain":0,"player_choice":"Simplicity","damage_taken":0,"max_hp_gain":0,"max_hp_loss":0,"event_name":"Back to Basics","floor":20,"gold_loss":0,"cards_upgraded":["Strike_B","Strike_B","Strike_B","Strike_B","Defend_B","Defend_B","Defend_B","Defend_B"]},{"cards_removed":["Strike_B"],"damage_healed":0,"gold_gain":0,"player_choice":"Upgrade and Remove","damage_taken":0,"max_hp_gain":0,"max_hp_loss":0,"event_name":"Designer","floor":21,"gold_loss":90,"cards_upgraded":["Capacitor"]},{"cards_removed":["Strike_B"],"damage_healed":0,"gold_gain":0,"player_choice":"Gave Gold","damage_taken":0,"max_hp_gain":0,"max_hp_loss":0,"event_name":"Beggar","floor":22,"gold_loss":75}],"is_beta":true,"boss_relics":[{"not_picked":["Fusion Hammer","Coffee Dripper"],"picked":"Nuclear Battery"}],"items_purged_floors":[],"is_endless":false,"potions_floor_spawned":[8,16,19],"killed_by":"Slavers","ascension_level":5}