{"gold_per_floor":[118,19,19,32,32,32,59,59,83,98,108,108,108,108,108,205,205,225,225,45,62,82,82,82,82,164,181,181,36,55,55,55,55],"floor_reached":33,"playtime":1165,"items_purged":[],"score":372,"play_id":"d198f5ee-5e10-41d7-8ec6-1218aa1d40ee","local_time":"20190416034240","is_ascension_mode":true,"campfire_choices":[{"data":"Self Repair","floor":6,"key":"SMITH"},{"data":"Self Repair","floor":8,"key":"SMITH"},{"data":"Scrape","floor":13,"key":"SMITH"},{"data":"Zap","floor":15,"key":"SMITH"},{"floor":23,"key":"REST"},{"floor":25,"key":"REST"},{"data":"Sunder","floor":32,"key":"SMITH"}],"neow_cost":"NONE","seed_source_timestamp":54373820169300,"circlet_count":0,"master_deck":["Defend_B","Defend_B","Defend_B","Defend_B","Zap+1","Dualcast","Self Repair+1","Self Repair+1","Sweeping Beam","Sweeping Beam","Sweeping Beam","Hologram","Scrape+1","Thunder Strike","Gash","Bite","Bite","Bite","Bite","Bite","Violence","Rebound","Sunder+1","Writhe","Leap+1","Ghostly","Ghostly","Ghostly","Ghostly","Ghostly","Coolheaded"],"relics":["FrozenCore","NeowsBlessing","Pen Nib","Happy Flower","Darkstone Periapt","Kunai","Bottled Flame","Anchor","Symbiotic Virus"],"potions_floor_usage":[11,16,21,21,22,33],"damage_taken":[{"damage":0,"enemies":"Cultist","floor":1,"turns":1},{"damage":0,"enemies":"Jaw Worm","floor":4,"turns":1},{"damage":0,"enemies":"3 Sentries","floor":7,"turns":1},{"damage":0,"enemies":"Small Slimes","floor":10,"turns":3},{"damage":11,"enemies":"Looter","floor":11,"turns":2},{"damage":68,"enemies":"The Guardian","floor":16,"turns":12},{"damage":13,"enemies":"Spheric Guardian","floor":18,"turns":4},{"damage":1,"enemies":"Chosen","floor":21,"turns":4},{"damage":59,"enemies":"Centurion and Healer","floor":22,"turns":7},{"damage":33,"enemies":"Chosen and Byrds","floor":27,"turns":8},{"damage":21,"enemies":"Snecko","floor":30,"turns":9},{"damage":57,"enemies":"Collector","floor":33,"turns":7}],"seed_played":"1086320100983057638","potions_obtained":[{"floor":1,"key":"Energy Potion"},{"floor":11,"key":"Poison Potion"},{"floor":16,"key":"Weak Potion"},{"floor":18,"key":"Poison Potion"},{"floor":21,"key":"Weak Potion"},{"floor":30,"key":"SpeedPotion"}],"is_trial":false,"path_per_floor":["M","$","$","M","?","R","E","R","T","M","M","?","R","?","R","B",null,"M","?","$","M","M","R","?","R","T","M","?","$","M","T","R","B"],"character_chosen":"DEFECT","items_purchased":["Self Repair","Sweeping Beam","Violence","Anchor"],"campfire_rested":2,"item_purchase_floors":[2,2,20,29],"current_hp_per_floor":[75,75,75,75,68,68,68,68,68,75,75,50,50,75,75,27,75,75,52,52,52,21,36,42,58,58,43,29,29,28,28,28,0],"gold":55,"neow_bonus":"THREE_ENEMY_KILL","is_prod":false,"is_daily":false,"chose_seed":false,"campfire_upgraded":5,"win_rate":0,"timestamp":1555400560,"path_taken":["M","?","$","?","?","R","E","R","T","M","M","?","R","?","R","BOSS","M","?","$","M","M","R","?","R","T","M","?","?","M","?","R","BOSS"],"build_version":"2019-04-04","purchased_purges":0,"victory":false,"max_hp_per_floor":[75,75,75,75,75,75,75,75,75,75,75,75,75,75,75,75,75,75,52,52,52,52,52,58,58,58,58,29,29,29,29,29,29],"card_choices":[{"not_picked":["White Noise","Skim"],"picked":"Self Repair","floor":1},{"not_picked":["Cold Snap","Redo"],"picked":"Sweeping Beam","floor":4},{"not_picked":["Compile Driver","Steam Power"],"picked":"Sweeping Beam","floor":7},{"not_picked":["Blizzard","Turbo"],"picked":"Hologram","floor":10},{"not_picked":["Coolheaded","Force Field"],"picked":"Scrape","floor":11},{"not_picked":["Machine Learning","Meteor Strike"],"picked":"Thunder Strike","floor":16},{"not_picked":["White Noise","Coolheaded"],"picked":"Gash","floor":18},{"not_picked":["Barrage","Turbo"],"picked":"Rebound","floor":21},{"not_picked":["Blizzard","Leap"],"picked":"Sunder","floor":22},{"not_picked":["Conserve Battery","Reprogram"],"picked":"Leap+1","floor":27},{"not_picked":["Genetic Algorithm","Sweeping Beam+1"],"picked":"Coolheaded","floor":30}],"player_experience":804628,"relics_obtained":[{"floor":7,"key":"Pen Nib"},{"floor":9,"key":"Happy Flower"},{"floor":26,"key":"Bottled Flame"},{"floor":31,"key":"Symbiotic Virus"}],"event_choices":[{"cards_removed":["Strike_B"],"damage_healed":0,"gold_gain":0,"player_choice":"Card Removal","damage_taken":7,"max_hp_gain":0,"max_hp_loss":0,"event_name":"Golden Wing","floor":5,"gold_loss":0},{"damage_healed":0,"gold_gain":0,"player_choice":"Success","damage_taken":25,"relics_obtained":["Darkstone Periapt"],"max_hp_gain":0,"max_hp_loss":0,"event_name":"Scrap Ooze","floor":12,"gold_loss":0},{"damage_healed":25,"gold_gain":0,"player_choice":"Banana","damage_taken":0,"max_hp_gain":0,"max_hp_loss":0,"event_name":"Big Fish","floor":14,"gold_loss":0},{"damage_healed":0,"gold_gain":0,"player_choice":"Became a vampire","damage_taken":0,"max_hp_gain":0,"max_hp_loss":23,"event_name":"Vampires","floor":19,"gold_loss":0,"cards_obtained":["Bite","Bite","Bite","Bite","Bite"]},{"damage_healed":0,"gold_gain":0,"player_choice":"Opened","damage_taken":0,"relics_obtained":["Kunai"],"max_hp_gain":0,"max_hp_loss":0,"event_name":"The Mausoleum","floor":24,"gold_loss":0,"cards_obtained":["Writhe"]},{"damage_healed":0,"gold_gain":0,"player_choice":"Became a Ghost","damage_taken":0,"max_hp_gain":0,"max_hp_loss":29,"event_name":"Ghosts","floor":28,"gold_loss":0,"cards_obtained":["Ghostly","Ghostly","Ghostly","Ghostly","Ghostly"]}],"is_beta":true,"boss_relics":[{"not_picked":["Sozu","Runic Pyramid"],"picked":"FrozenCore"}],"items_purged_floors":[],"is_endless":false,"potions_floor_spawned":[1,11,16,18,21,30],"killed_by":"Collector","ascension_level":4}