{"gold_per_floor":[113,113,124,124,199,225,72,97,97,132,132,152,152,169,169,265,265,275,275,55,55,68,68,123,123,123,136,136,136,168,181,181,286,286,306,318,336,336,336,368,368,402,402,402,414,35,86,103,103,103,103,103,55,89,89],"floor_reached":55,"playtime":5438,"items_purged":["Strike_R","Defend_R","Strike_R"],"score":854,"play_id":"2934fc91-9ce6-4c4c-ba2e-21ded309c254","local_time":"20190620012738","is_ascension_mode":true,"campfire_choices":[{"data":"1","floor":11,"key":"LIFT"},{"data":"2","floor":13,"key":"LIFT"},{"floor":15,"key":"REST"},{"data":"3","floor":23,"key":"LIFT"},{"data":"Rage","floor":25,"key":"SMITH"},{"floor":29,"key":"RECALL"},{"floor":32,"key":"REST"},{"floor":41,"key":"REST"},{"floor":49,"key":"REST"},{"floor":52,"key":"REST"}],"neow_cost":"NONE","seed_source_timestamp":174756951285288,"circlet_count":0,"master_deck":["Strike_R","Strike_R+1","Bash","Blood for Blood","Sword Boomerang","Anger+1","Rage+1","Combust","Anger","Flex","Blood for Blood","Offering","Iron Wave+1","Cleave+1","Disarm+1","Cleave+1","Rage+1","Clash","Rupture","Iron Wave+1","Pommel Strike+1","Inflame","Berserk","Clash","Armaments+1","Hemokinesis","Anger","Brutality","Madness","Madness","Headbutt+1","Flash of Steel","Secret Technique","Warcry+1","Warcry+1"],"relics":["Burning Blood","Girya","Strawberry","Unceasing Top","Orichalcum","Astrolabe","Tiny Chest","Bottled Lightning","Mercury Hourglass","Fusion Hammer","Anchor","Pantograph","Magic Flower","Art of War"],"potions_floor_usage":[10,16,30,33,33,50,54,55,55],"damage_taken":[{"damage":7,"enemies":"Small Slimes","floor":1,"turns":3},{"damage":2,"enemies":"Jaw Worm","floor":3,"turns":3},{"damage":21,"enemies":"Gremlin Nob","floor":6,"turns":4},{"damage":19,"enemies":"Lagavulin","floor":8,"turns":5},{"damage":16,"enemies":"Gremlin Nob","floor":10,"turns":3},{"damage":9,"enemies":"2 Louse","floor":12,"turns":3},{"damage":0,"enemies":"Blue Slaver","floor":14,"turns":2},{"damage":26,"enemies":"The Guardian","floor":16,"turns":5},{"damage":16,"enemies":"3 Byrds","floor":18,"turns":3},{"damage":6,"enemies":"Shell Parasite","floor":22,"turns":2},{"damage":21,"enemies":"Gremlin Leader","floor":24,"turns":5},{"damage":34,"enemies":"Snake Plant","floor":27,"turns":4},{"damage":14,"enemies":"Slavers","floor":30,"turns":4},{"damage":19,"enemies":"Centurion and Healer","floor":31,"turns":3},{"damage":17,"enemies":"Champ","floor":33,"turns":7},{"damage":6,"enemies":"3 Darklings","floor":35,"turns":2},{"damage":32,"enemies":"3 Shapes","floor":36,"turns":3},{"damage":6,"enemies":"Sphere and 2 Shapes","floor":37,"turns":3},{"damage":26,"enemies":"Reptomancer","floor":40,"turns":4},{"damage":15,"enemies":"Giant Head","floor":42,"turns":4},{"damage":2,"enemies":"Spire Growth","floor":45,"turns":3},{"damage":9,"enemies":"2 Orb Walkers","floor":47,"turns":3},{"damage":13,"enemies":"Maw","floor":48,"turns":5},{"damage":79,"enemies":"Time Eater","floor":50,"turns":7},{"damage":40,"enemies":"Shield and Spear","floor":54,"turns":3},{"damage":95,"enemies":"The Heart","floor":55,"turns":5}],"seed_played":"7387095680561108226","potions_obtained":[{"floor":1,"key":"Poison Potion"},{"floor":3,"key":"EssenceOfSteel"},{"floor":8,"key":"LiquidBronze"},{"floor":18,"key":"Regen Potion"},{"floor":22,"key":"Ancient Potion"},{"floor":24,"key":"PowerPotion"},{"floor":30,"key":"Weak Potion"},{"floor":40,"key":"Energy Potion"},{"floor":42,"key":"SpeedPotion"},{"floor":45,"key":"Weak Potion"}],"is_trial":false,"path_per_floor":["M","?","M","?","?","E","$","E","T","E","R","M","R","M","R","B",null,"M","?","$","?","M","R","E","R","T","M","?","R","E","M","R","B",null,"M","M","M","?","?","E","R","E","T","?","M","$","?","M","R","B",null,"R","$","E","B"],"character_chosen":"IRONCLAD","items_purchased":["Combust","Clash","Rupture","Flash of Steel","Secret Technique","Swift Potion"],"campfire_rested":5,"item_purchase_floors":[7,20,20,46,46,53],"current_hp_per_floor":[87,87,88,70,59,44,44,38,38,28,28,25,25,31,59,39,95,85,85,85,85,85,85,70,70,70,42,42,42,46,33,61,50,95,95,69,69,69,69,49,77,68,68,56,60,60,57,53,81,25,95,95,95,64,0],"gold":89,"neow_bonus":"TEN_PERCENT_HP_BONUS","is_prod":false,"is_daily":false,"chose_seed":false,"campfire_upgraded":1,"win_rate":0,"timestamp":1561008458,"path_taken":["M","?","M","?","?","E","$","E","T","E","R","M","R","M","R","BOSS","M","?","$","?","M","R","E","R","T","M","?","R","E","M","R","BOSS","M","M","?","?","?","E","R","E","T","?","M","$","?","?","R","BOSS","R","$","E","BOSS"],"build_version":"2019-01-23","purchased_purges":3,"victory":false,"max_hp_per_floor":[88,88,88,88,88,88,88,95,95,95,95,95,95,95,95,95,95,95,95,95,95,95,95,95,95,95,95,95,95,95,95,95,95,95,95,95,95,95,95,95,95,95,95,95,95,95,95,95,95,95,95,95,95,95,95],"card_choices":[{"not_picked":["Heavy Blade","Twin Strike"],"picked":"Blood for Blood","floor":1},{"not_picked":["Twin Strike","Shrug It Off"],"picked":"Anger","floor":3},{"not_picked":["Heavy Blade","Pummel"],"picked":"Rage","floor":6},{"not_picked":["Corruption","Pommel Strike"],"picked":"Anger","floor":8},{"not_picked":["Clothesline","True Grit"],"picked":"Flex","floor":10},{"not_picked":["Hemokinesis","Metallicize"],"picked":"Blood for Blood","floor":12},{"not_picked":["Reckless Charge","Clothesline"],"picked":"Second Wind","floor":14},{"not_picked":["Dark Embrace","Impervious"],"picked":"Offering","floor":16},{"not_picked":["Sword Boomerang","Body Slam"],"picked":"Cleave+1","floor":18},{"not_picked":["Perfected Strike+1","Carnage+1"],"picked":"Iron Wave+1","floor":22},{"not_picked":["True Grit","Fire Breathing","Body Slam"],"picked":"SKIP","floor":24},{"not_picked":["Inflame+1","Clash"],"picked":"Pommel Strike+1","floor":27},{"not_picked":["Perfected Strike","Dark Embrace","Carnage"],"picked":"SKIP","floor":30},{"not_picked":["Flame Barrier","Heavy Blade"],"picked":"Inflame","floor":31},{"not_picked":["Barricade","Feed"],"picked":"Berserk","floor":33},{"not_picked":["Heavy Blade","Uppercut+1"],"picked":"Clash","floor":35},{"not_picked":["Heavy Blade+1","Battle Trance+1"],"picked":"Armaments+1","floor":36},{"not_picked":["Shrug It Off","Uppercut"],"picked":"Hemokinesis","floor":37},{"not_picked":["Heavy Blade+1","Inflame+1"],"picked":"Anger","floor":40},{"not_picked":["Inflame","Headbutt"],"picked":"Brutality","floor":42},{"not_picked":["Clothesline","Entrench"],"picked":"Headbutt+1","floor":45},{"not_picked":["Cleave","Perfected Strike+1"],"picked":"Warcry+1","floor":47},{"not_picked":["Rupture","Shrug It Off","Twin Strike"],"picked":"SKIP","floor":48},{"not_picked":["Flex","Feel No Pain"],"picked":"Warcry+1","floor":54}],"player_experience":68815,"relics_obtained":[{"floor":6,"key":"Girya"},{"floor":8,"key":"Strawberry"},{"floor":9,"key":"Unceasing Top"},{"floor":10,"key":"Orichalcum"},{"floor":24,"key":"Tiny Chest"},{"floor":26,"key":"Bottled Lightning"},{"floor":30,"key":"Mercury Hourglass"},{"floor":40,"key":"Anchor"},{"floor":42,"key":"Pantograph"},{"floor":47,"key":"Magic Flower"},{"floor":54,"key":"Art of War"}],"event_choices":[{"damage_healed":0,"gold_gain":0,"cards_transformed":["Strike_R"],"player_choice":"Change","damage_taken":0,"max_hp_gain":0,"max_hp_loss":0,"event_name":"Living Wall","floor":2,"gold_loss":0,"cards_obtained":["Sword Boomerang"]},{"damage_healed":0,"gold_gain":0,"player_choice":"Entered Light","damage_taken":18,"max_hp_gain":0,"max_hp_loss":0,"event_name":"Shining Light","floor":4,"gold_loss":0,"cards_upgraded":["Anger","Strike_R"]},{"damage_healed":0,"gold_gain":75,"player_choice":"Gather Gold","damage_taken":11,"max_hp_gain":0,"max_hp_loss":0,"event_name":"World of Goop","floor":5,"gold_loss":0},{"damage_healed":0,"gold_gain":0,"player_choice":"Read","damage_taken":0,"max_hp_gain":0,"max_hp_loss":0,"event_name":"The Library","floor":19,"gold_loss":0,"cards_obtained":["Rage"]},{"damage_healed":0,"gold_gain":0,"player_choice":"Ignored","damage_taken":0,"max_hp_gain":0,"max_hp_loss":0,"event_name":"The Mausoleum","floor":21,"gold_loss":0},{"damage_healed":0,"gold_gain":0,"player_choice":"Forge","damage_taken":0,"max_hp_gain":0,"max_hp_loss":0,"event_name":"Accursed Blacksmith","floor":28,"gold_loss":0,"cards_upgraded":["Rage"]},{"cards_removed":["Defend_R"],"damage_healed":0,"gold_gain":0,"player_choice":"Removed Skill","damage_taken":0,"max_hp_gain":0,"max_hp_loss":0,"event_name":"Falling","floor":38,"gold_loss":0},{"damage_healed":0,"gold_gain":0,"player_choice":"Ignored","damage_taken":0,"max_hp_gain":0,"max_hp_loss":0,"event_name":"Tomb of Lord Red Mask","floor":39,"gold_loss":0},{"damage_healed":0,"gold_gain":0,"player_choice":"Embrace Madness","damage_taken":12,"max_hp_gain":0,"max_hp_loss":0,"event_name":"Winding Halls","floor":44,"gold_loss":0,"cards_obtained":["Madness","Madness"]},{"damage_healed":0,"gold_gain":0,"player_choice":"Fight","damage_taken":0,"max_hp_gain":0,"max_hp_loss":0,"event_name":"Mysterious Sphere","floor":47,"gold_loss":0}],"is_beta":false,"boss_relics":[{"not_picked":["Runic Pyramid","Orrery"],"picked":"Astrolabe"},{"not_picked":["Runic Dome","Lizard Tail"],"picked":"Fusion Hammer"}],"items_purged_floors":[7,20,46],"is_endless":false,"potions_floor_spawned":[1,3,8,18,22,24,30,40,42,45,47,48],"killed_by":"The Heart","ascension_level":2}