{"gold_per_floor":[114,129,144,159,174,174,204,204,229,259,94,124,154,184,184,284,284,299,214,214,229,244,244,244],"floor_reached":24,"playtime":1231,"items_purged":[],"score":261,"play_id":"5715d7e7-d9a5-4669-88d0-7d6fbcd44d97","local_time":"20190503014351","daily_mods":["Heirloom","Flight","Elite Swarm"],"is_ascension_mode":false,"campfire_choices":[{"data":"Bludgeon","floor":6,"key":"SMITH"},{"data":"Demon Form","floor":8,"key":"SMITH"},{"data":"Limit Break","floor":15,"key":"SMITH"},{"floor":23,"key":"REST"}],"neow_cost":"","seed_source_timestamp":0,"circlet_count":0,"master_deck":["Strike_R","Strike_R","Strike_R","Strike_R","Strike_R","Defend_R","Defend_R","Defend_R","Defend_R","Bash","Uppercut","Perfected Strike","Uppercut","Wild Strike","Bludgeon+1","Demon Form+1","Dark Embrace","Corruption","Blind","Dark Embrace","Demon Form","Limit Break+1","Reaper","Feel No Pain+1","Perfected Strike","Perfected Strike"],"special_seed":18019,"relics":["Burning Blood","Thread and Needle","Meat on the Bone","Boot","Regal Pillow","Paper Frog","Du-Vu Doll","Torii","Lizard Tail","Smiling Mask"],"potions_floor_usage":[3,4,7,12,16,18,21,21,21],"damage_taken":[{"damage":2,"enemies":"Jaw Worm","floor":1,"turns":3},{"damage":0,"enemies":"2 Louse","floor":2,"turns":2},{"damage":0,"enemies":"Cultist","floor":3,"turns":3},{"damage":4,"enemies":"3 Louse","floor":4,"turns":4},{"damage":7,"enemies":"Lots of Slimes","floor":5,"turns":4},{"damage":20,"enemies":"3 Sentries","floor":7,"turns":7},{"damage":0,"enemies":"Gremlin Nob","floor":10,"turns":3},{"damage":9,"enemies":"Lagavulin","floor":12,"turns":6},{"damage":11,"enemies":"3 Sentries","floor":13,"turns":7},{"damage":7,"enemies":"Gremlin Nob","floor":14,"turns":3},{"damage":22,"enemies":"Slime Boss","floor":16,"turns":7},{"damage":14,"enemies":"Chosen","floor":18,"turns":6},{"damage":8,"enemies":"Shell Parasite","floor":21,"turns":6},{"damage":88,"enemies":"3 Cultists","floor":22,"turns":7},{"damage":142,"enemies":"Gremlin Leader","floor":24,"turns":12}],"seed_played":"-420758477785995413","potions_obtained":[{"floor":1,"key":"SpeedPotion"},{"floor":2,"key":"SkillPotion"},{"floor":4,"key":"SteroidPotion"},{"floor":10,"key":"SteroidPotion"},{"floor":14,"key":"GamblersBrew"},{"floor":16,"key":"GamblersBrew"},{"floor":18,"key":"EssenceOfSteel"},{"floor":20,"key":"Regen Potion"},{"floor":20,"key":"PowerPotion"}],"is_trial":false,"path_per_floor":["M","M","M","M","M","R","E","R","T","E","$","E","E","E","R","B",null,"M","?","?","M","M","R","E"],"character_chosen":"IRONCLAD","items_purchased":["Corruption","Blind"],"campfire_rested":1,"item_purchase_floors":[11,11],"current_hp_per_floor":[80,80,80,80,79,79,65,65,65,71,71,68,63,62,62,58,80,72,72,72,80,22,61,0],"gold":244,"neow_bonus":"","is_prod":false,"is_daily":true,"chose_seed":false,"campfire_upgraded":3,"win_rate":0,"timestamp":1556862231,"path_taken":["M","M","M","M","M","R","E","R","T","E","$","E","E","E","R","BOSS","M","?","?","M","?","R","E"],"build_version":"2019-04-23","purchased_purges":0,"victory":false,"max_hp_per_floor":[80,80,80,80,80,80,80,80,80,80,80,80,80,80,80,80,80,80,80,80,80,80,80,80],"card_choices":[{"not_picked":["Sentinel","Sever Soul"],"picked":"Uppercut","floor":1},{"not_picked":["Warcry","Iron Wave"],"picked":"Perfected Strike","floor":2},{"not_picked":["Pommel Strike","Thunderclap"],"picked":"Uppercut","floor":3},{"not_picked":["Shrug It Off","Headbutt"],"picked":"Wild Strike","floor":4},{"not_picked":["Cleave","Sentinel"],"picked":"Bludgeon","floor":5},{"not_picked":["Dark Embrace","Limit Break"],"picked":"Demon Form","floor":7},{"not_picked":["Impervious","Fiend Fire"],"picked":"Dark Embrace","floor":10},{"not_picked":["Brutality","Reaper"],"picked":"Dark Embrace","floor":12},{"not_picked":["Bludgeon","Juggernaut"],"picked":"Demon Form","floor":13},{"not_picked":["Demon Form","Immolate"],"picked":"Limit Break","floor":14},{"not_picked":["Juggernaut","Exhume"],"picked":"Reaper","floor":16},{"not_picked":["Disarm","Anger+1"],"picked":"Feel No Pain+1","floor":18},{"not_picked":["True Grit+1","Thunderclap"],"picked":"Perfected Strike","floor":21},{"not_picked":["Body Slam","Sword Boomerang"],"picked":"Perfected Strike","floor":22}],"player_experience":839090,"relics_obtained":[{"floor":7,"key":"Meat on the Bone"},{"floor":9,"key":"Boot"},{"floor":10,"key":"Regal Pillow"},{"floor":12,"key":"Paper Frog"},{"floor":13,"key":"Du-Vu Doll"},{"floor":14,"key":"Torii"}],"event_choices":[{"damage_healed":0,"gold_gain":0,"player_choice":"Obtained Relic","damage_taken":0,"relics_obtained":["Smiling Mask"],"max_hp_gain":0,"max_hp_loss":0,"event_name":"Addict","floor":19,"gold_loss":85},{"damage_healed":0,"gold_gain":0,"player_choice":"Got Potions","damage_taken":0,"max_hp_gain":0,"max_hp_loss":0,"event_name":"Lab","floor":20,"gold_loss":0}],"is_beta":true,"boss_relics":[{"not_picked":["Fusion Hammer","Empty Cage"],"picked":"Lizard Tail"}],"items_purged_floors":[],"is_endless":false,"potions_floor_spawned":[1,2,4,10,14,16,18],"killed_by":"Gremlin Leader","ascension_level":0}