{"path_per_floor":["M","?","M","T","$","R","M","M","T","R","M","E","M","M","R"],"character_chosen":"DEFECT","items_purchased":["Sweeping Beam"],"gold_per_floor":[112,112,126,149,101,101,111,128,128,128,142,175,185,195,195,195],"floor_reached":16,"campfire_rested":1,"playtime":605,"current_hp_per_floor":[69,62,55,55,55,55,49,49,49,49,46,30,24,24,46,0],"items_purged":[],"gold":195,"score":104,"play_id":"743664e9-c0c9-4640-8fd0-c1b3ff1deb7f","local_time":"20180516104609","is_prod":false,"is_daily":false,"chose_seed":false,"is_ascension_mode":false,"campfire_upgraded":2,"timestamp":1526481969,"path_taken":["M","?","?","?","$","R","?","M","T","R","M","E","M","M","R","BOSS"],"build_version":"2018-05-15","seed_source_timestamp":244371675125050,"purchased_purges":0,"victory":false,"master_deck":["Strike_B","Strike_B","Strike_B","Defend_B","Defend_B","Defend_B","Defend_B","Zap","Dualcast","Rebound+1","Multi-Cast","Sweeping Beam+1","Sweeping Beam","Sweeping Beam","Sunder"],"max_hp_per_floor":[75,75,75,75,75,75,75,75,75,75,75,75,75,75,75,75],"relics":["Lizard Tail","Anchor","Ginger","Vajra"],"card_choices":[{"not_picked":["Hologram","BootSequence"],"picked":"Rebound","floor":1},{"not_picked":["Blizzard","Skim"],"picked":"Multi-Cast","floor":3},{"not_picked":["Coolheaded","Ball Lightning","Capacitor"],"picked":"SKIP","floor":7},{"not_picked":["Go for the Eyes","Streamline","Blizzard"],"picked":"SKIP","floor":8},{"not_picked":["Rebound","Axe Kick"],"picked":"Sweeping Beam","floor":11},{"not_picked":["Cold Snap","Reprogram"],"picked":"Sweeping Beam","floor":12},{"not_picked":["Steam","Turbo","Force Field"],"picked":"SKIP","floor":13},{"not_picked":["Coolheaded","Leap"],"picked":"Sunder","floor":14}],"player_experience":276705,"potions_floor_usage":[7,14,16],"damage_taken":[{"damage":6,"enemies":"Jaw Worm","floor":1,"turns":4},{"damage":7,"enemies":"2 Louse","floor":3,"turns":4},{"damage":6,"enemies":"Cultist","floor":7,"turns":3},{"damage":0,"enemies":"Looter","floor":8,"turns":2},{"damage":3,"enemies":"Red Slaver","floor":11,"turns":4},{"damage":16,"enemies":"3 Sentries","floor":12,"turns":4},{"damage":6,"enemies":"Exordium Thugs","floor":13,"turns":3},{"damage":0,"enemies":"Gremlin Gang","floor":14,"turns":1},{"damage":87,"enemies":"The Guardian","floor":16,"turns":14}],"relics_obtained":[{"floor":4,"key":"Anchor"},{"floor":9,"key":"Ginger"},{"floor":12,"key":"Vajra"}],"event_choices":[{"event_name":"Golden Wing","player_choice":"Card Removal","floor":2,"damage_taken":0}],"boss_relics":[],"potions_floor_spawned":[3,12,13],"seed_played":"2363112617298938277","killed_by":"The Guardian","ascension_level":0,"potions_obtained":[{"floor":3,"key":"Energy Potion"},{"floor":12,"key":"Explosive Potion"},{"floor":13,"key":"GamblersBrew"}],"is_trial":false}