{"path_per_floor":["M","?","M","$","M","?","R","M","T","M","R","E","M","M","R","B",null,"M","?","M","?","M","R","T","E","T","M","M","M","R","E","R"],"character_chosen":"IRONCLAD","items_purchased":["Flex"],"gold_per_floor":[113,113,126,1,15,15,15,32,32,49,49,83,94,113,113,217,217,232,232,245,245,259,259,341,374,450,469,485,499,499,527,527,527],"floor_reached":33,"campfire_rested":5,"playtime":1492,"current_hp_per_floor":[72,56,51,51,57,57,80,75,75,79,79,57,58,53,77,76,80,37,37,40,66,36,60,60,54,54,51,34,17,41,23,47,0],"items_purged":["Defend_R"],"gold":527,"score":320,"play_id":"aef4e0b1-8e66-4b70-95d4-64f547d76faf","local_time":"20180426093453","is_prod":false,"is_daily":false,"chose_seed":false,"is_ascension_mode":true,"campfire_upgraded":1,"timestamp":1524749693,"path_taken":["M","?","M","$","M","?","R","M","T","M","R","E","M","M","R","BOSS","M","?","M","?","?","R","?","E","T","M","M","?","R","E","R","BOSS"],"build_version":"2018-04-19","seed_source_timestamp":919483380674219,"purchased_purges":1,"victory":false,"master_deck":["Strike_R","Strike_R","Strike_R","Strike_R","Strike_R+1","Defend_R","Defend_R+1","Bash","Limit Break","Perfected Strike+1","Twin Strike","Flex","Rampage","Twin Strike","Limit Break","Dual Wield","Battle Trance","Impervious","Shockwave","Mind Blast","Bludgeon","Wild Strike","Inflame+1","Wild Strike","Flex","Battle Trance+1","Power Through+1","Wild Strike","Pommel Strike"],"max_hp_per_floor":[80,80,80,80,80,80,80,80,80,80,80,80,80,80,80,80,80,80,80,80,80,80,80,80,80,80,80,80,80,80,80,80,80],"relics":["Burning Blood","Gremlin Horn","Prayer Wheel","Runic Pyramid","Paper Frog","Art of War","Bottled Flame","Bottled Lightning"],"card_choices":[{"not_picked":["Thunderclap","Wild Strike"],"picked":"Perfected Strike","floor":1},{"not_picked":["Clothesline","Sword Boomerang"],"picked":"Twin Strike","floor":3},{"not_picked":["Searing Blow","Blood for Blood"],"picked":"Rampage","floor":5},{"not_picked":["Sword Boomerang","Pummel"],"picked":"Twin Strike","floor":8},{"not_picked":["Sword Boomerang","Feed"],"picked":"Limit Break","floor":12},{"not_picked":["Thunderclap","Havoc"],"picked":"Dual Wield","floor":13},{"not_picked":["Headbutt","True Grit"],"picked":"Battle Trance","floor":14},{"not_picked":["Feed","Reaper"],"picked":"Impervious","floor":16},{"not_picked":["Sword Boomerang","Clothesline"],"picked":"Shockwave","floor":18},{"not_picked":["Pummel","Anger"],"picked":"Wild Strike","floor":20},{"not_picked":["Armaments","Cleave"],"picked":"Inflame","floor":22},{"not_picked":["Barricade","Heavy Blade"],"picked":"Wild Strike","floor":25},{"not_picked":["Thunderclap","True Grit"],"picked":"Flex","floor":26},{"not_picked":["Pommel Strike","Searing Blow"],"picked":"Battle Trance","floor":27},{"not_picked":["Sword Boomerang","Heavy Blade"],"picked":"Power Through","floor":28},{"not_picked":["Blood for Blood","Power Through"],"picked":"Wild Strike","floor":29},{"not_picked":["Corruption","Headbutt"],"picked":"Pommel Strike","floor":31}],"player_experience":755555,"potions_floor_usage":[10,16,16,18,25,28,29],"damage_taken":[{"damage":14,"enemies":"Jaw Worm","floor":1,"turns":5},{"damage":11,"enemies":"2 Louse","floor":3,"turns":4},{"damage":0,"enemies":"Cultist","floor":5,"turns":2},{"damage":11,"enemies":"Looter","floor":8,"turns":2},{"damage":8,"enemies":"Gremlin Gang","floor":10,"turns":3},{"damage":28,"enemies":"Lagavulin","floor":12,"turns":4},{"damage":5,"enemies":"Blue Slaver","floor":13,"turns":2},{"damage":11,"enemies":"Looter","floor":14,"turns":2},{"damage":7,"enemies":"Slime Boss","floor":16,"turns":7},{"damage":49,"enemies":"Shell Parasite","floor":18,"turns":5},{"damage":3,"enemies":"Spheric Guardian","floor":20,"turns":3},{"damage":36,"enemies":"Snecko","floor":22,"turns":4},{"damage":12,"enemies":"Gremlin Leader","floor":25,"turns":3},{"damage":9,"enemies":"3 Cultists","floor":27,"turns":5},{"damage":23,"enemies":"Centurion and Healer","floor":28,"turns":3},{"damage":23,"enemies":"Cultist and Chosen","floor":29,"turns":6},{"damage":24,"enemies":"Slavers","floor":31,"turns":3},{"damage":49,"enemies":"Automaton","floor":33,"turns":6}],"event_choices":[{"event_name":"Shining Light","player_choice":"Entered Light","floor":2,"damage_taken":0},{"event_name":"Bonfire Elementals","player_choice":"BASIC","floor":6,"damage_taken":0},{"event_name":"Match and Keep!","player_choice":"2 cards matched","floor":19,"damage_taken":0},{"event_name":"The Library","player_choice":"Heal","floor":21,"damage_taken":0}],"boss_relics":[{"not_picked":["Lizard Tail","Eternal Feather"],"picked":"Runic Pyramid"}],"potions_floor_spawned":[5,12,13,16,22,27,28],"seed_played":"6404148437816045531","killed_by":"Automaton","ascension_level":2,"is_trial":false}