{"path_per_floor":["M","M","$","M","?","R","M","?","T","?","M","R","?","$","R","B",null,"M","M","?","?","M"],"character_chosen":"IRONCLAD","items_purchased":["Madness","Du-Vu Doll","Ghostly Armor"],"gold_per_floor":[114,126,20,31,31,31,48,223,223,298,308,308,385,23,23,122,122,135,152,77,77,95],"floor_reached":23,"campfire_rested":2,"playtime":884,"current_hp_per_floor":[45,50,50,51,39,63,62,62,62,51,53,77,77,77,77,30,80,76,62,62,62,45],"items_purged":[],"gold":95,"score":307,"play_id":"430b2684-c011-4845-bbd6-d73a68e10a75","local_time":"20180304190005","is_prod":false,"is_daily":false,"is_ascension_mode":false,"campfire_upgraded":1,"timestamp":1520208005,"path_taken":["M","M","$","M","?","R","?","?","T","?","?","R","?","$","R","BOSS","M","M","?","?","M","E"],"build_version":"2018-03-01-PROD1","purchased_purges":0,"victory":false,"master_deck":["Strike_R","Strike_R","Strike_R","Strike_R","Strike_R","Defend_R","Defend_R","Defend_R","Defend_R","Limit Break+1","Perfected Strike","Shrug It Off","Madness","Perfected Strike","Wild Strike","Doubt","Heavy Blade","Ghostly Armor","Immolate","Regret","Writhe","Clumsy","Perfected Strike","Perfected Strike","Decay","Bludgeon"],"max_hp_per_floor":[80,80,80,80,80,80,80,80,80,80,80,80,80,80,80,80,80,80,80,80,80,80],"relics":["Burning Blood","Oddly Smooth Stone","Frozen Eye","Du-Vu Doll","Calling Bell","Charon\u0027s Ashes","Calipers","Blue Candle"],"card_choices":[{"not_picked":["Fiend Fire","Feed"],"picked":"Limit Break"},{"not_picked":["Thunderclap","Rupture"],"picked":"Perfected Strike"},{"not_picked":["Twin Strike","Sword Boomerang"],"picked":"Shrug It Off"},{"not_picked":["Bloodletting","Feel No Pain"],"picked":"Perfected Strike"},{"not_picked":["Entrench","Rampage"],"picked":"Wild Strike"},{"not_picked":["Rage","Anger"],"picked":"Heavy Blade"},{"not_picked":["Juggernaut","Offering"],"picked":"Immolate"},{"not_picked":["Iron Wave","Thunderclap"],"picked":"Perfected Strike"},{"not_picked":["Dropkick","Iron Wave"],"picked":"Perfected Strike"},{"not_picked":["Hemokinesis","Cleave"],"picked":"Bludgeon"}],"player_experience":246363,"potions_floor_usage":[7,22],"damage_taken":[{"damage":1,"enemies":"2 Louse","floor":1,"turns":3},{"damage":1,"enemies":"Cultist","floor":2,"turns":3},{"damage":5,"enemies":"Small Slimes","floor":4,"turns":5},{"damage":7,"enemies":"2 Fungi Beasts","floor":7,"turns":4},{"damage":4,"enemies":"Large Slime","floor":11,"turns":7},{"damage":53,"enemies":"Slime Boss","floor":16,"turns":12},{"damage":10,"enemies":"Spheric Guardian","floor":18,"turns":3},{"damage":20,"enemies":"2 Thieves","floor":19,"turns":4},{"damage":23,"enemies":"Centurion and Healer","floor":22,"turns":4},{"damage":47,"enemies":"Book of Stabbing","floor":23,"turns":3}],"event_choices":[{"event_name":"Scrap Ooze","player_choice":"success","floor":5,"damage_taken":12},{"event_name":"Liars Game","player_choice":"agreed","floor":8,"damage_taken":0},{"event_name":"World of Goop","player_choice":"Gather Gold","floor":10,"damage_taken":0},{"event_name":"Golden Wing","player_choice":"Gained Gold","floor":13,"damage_taken":0},{"event_name":"Beggar","player_choice":"Gave Gold","floor":20,"damage_taken":0},{"event_name":"Forgotten Altar","player_choice":"Smashed Altar","floor":21,"damage_taken":0}],"boss_relics":[{"not_picked":["Runic Cube","Black Blood"],"picked":"Calling Bell"}],"potions_floor_spawned":[4,18],"seed_played":"5747015892256544009","killed_by":"Book of Stabbing","ascension_level":0,"is_trial":false}