{"gold_per_floor":[119,119,119,119,135,168,168,168],"floor_reached":8,"playtime":296,"items_purged":[],"score":68,"play_id":"9c047120-9c07-4090-90e0-fc9ec13b2701","local_time":"20190701021726","is_ascension_mode":true,"campfire_choices":[{"floor":7,"key":"REST"}],"neow_cost":"NONE","seed_source_timestamp":300667071294300,"circlet_count":0,"master_deck":["Strike_B","Strike_B","Strike_B","Defend_B","Defend_B","Defend_B","Defend_B","Zap","Dualcast","White Noise","Injury","Go for the Eyes","Capacitor","Seek","Turbo"],"relics":["Black Star","Golden Idol","Dream Catcher","Du-Vu Doll","Meat on the Bone"],"potions_floor_usage":[6],"damage_taken":[{"damage":5,"enemies":"Cultist","floor":1,"turns":4},{"damage":0,"enemies":"Small Slimes","floor":5,"turns":3},{"damage":31,"enemies":"Lagavulin","floor":6,"turns":10},{"damage":65,"enemies":"3 Sentries","floor":8,"turns":6}],"seed_played":"1319288681739001939","potions_obtained":[{"floor":5,"key":"SpeedPotion"},{"floor":6,"key":"Ancient Potion"}],"is_trial":false,"path_per_floor":["M","?","?","T","M","E","R","E"],"character_chosen":"DEFECT","items_purchased":[],"campfire_rested":1,"item_purchase_floors":[],"current_hp_per_floor":[70,70,70,70,70,39,61,0],"gold":168,"neow_bonus":"BOSS_RELIC","is_prod":false,"is_daily":false,"chose_seed":false,"campfire_upgraded":0,"win_rate":0,"timestamp":1561961846,"path_taken":["M","?","?","?","M","E","R","E"],"build_version":"2019-06-29","purchased_purges":0,"victory":false,"max_hp_per_floor":[75,75,75,75,75,75,75,75],"card_choices":[{"not_picked":["Conserve Battery","Redo"],"picked":"White Noise","floor":1},{"not_picked":["Cold Snap","Coolheaded"],"picked":"Capacitor","floor":5},{"not_picked":["Steam","Streamline"],"picked":"Seek","floor":6},{"not_picked":["Redo","Sweeping Beam"],"picked":"Turbo","floor":7}],"player_experience":1163893,"relics_obtained":[{"floor":4,"key":"Dream Catcher"},{"floor":6,"key":"Du-Vu Doll"},{"floor":6,"key":"Meat on the Bone"}],"event_choices":[{"damage_healed":0,"gold_gain":0,"player_choice":"Take Wound","damage_taken":0,"relics_obtained":["Golden Idol"],"max_hp_gain":0,"max_hp_loss":0,"event_name":"Golden Idol","floor":2,"gold_loss":0,"cards_obtained":["Injury"]},{"damage_healed":0,"gold_gain":0,"cards_transformed":["Strike_B"],"player_choice":"Change","damage_taken":0,"max_hp_gain":0,"max_hp_loss":0,"event_name":"Living Wall","floor":3,"gold_loss":0,"cards_obtained":["Go for the Eyes"]}],"is_beta":true,"boss_relics":[],"items_purged_floors":[],"is_endless":false,"potions_floor_spawned":[5,6],"killed_by":"3 Sentries","ascension_level":5}