{"gold_per_floor":[119,133,197,372,30,30,30,30,53,53,65,80,108,108],"floor_reached":14,"playtime":338,"items_purged":[],"score":101,"play_id":"1be0d16e-d8e7-4276-9214-9e525bb095dc","local_time":"20180914040730","is_ascension_mode":true,"campfire_choices":[{"data":"1","floor":7,"key":"LIFT"},{"data":"2","floor":10,"key":"LIFT"}],"neow_cost":"TEN_PERCENT_HP_LOSS","seed_source_timestamp":607080131373331,"circlet_count":0,"master_deck":["Strike_B","Strike_B","Strike_B","Strike_B","Defend_B","Defend_B","Defend_B","Defend_B","Zap","Dualcast","Gash","Streamline","Doubt","Zap","Skim","Fission","Genetic Algorithm"],"relics":["Cracked Core","Girya","DollysMirror","Boot","Shuriken","Art of War","PreservedInsect"],"potions_floor_usage":[11,14],"damage_taken":[{"damage":15,"enemies":"Small Slimes","floor":1,"turns":4},{"damage":0,"enemies":"Jaw Worm","floor":2,"turns":3},{"damage":0,"enemies":"2 Louse","floor":11,"turns":1},{"damage":11,"enemies":"Looter","floor":12,"turns":2},{"damage":33,"enemies":"Gremlin Nob","floor":13,"turns":4},{"damage":13,"enemies":"Exordium Wildlife","floor":14,"turns":2}],"seed_played":"1488613847510658749","potions_obtained":[{"floor":1,"key":"Dexterity Potion"},{"floor":2,"key":"Explosive Potion"}],"is_trial":false,"path_per_floor":["M","M","?","?","$","?","R","T","T","R","M","M","E"],"character_chosen":"DEFECT","items_purchased":["DollysMirror","Boot"],"campfire_rested":0,"item_purchase_floors":[5,5],"current_hp_per_floor":[53,53,53,53,53,53,53,53,53,53,53,42,9,0],"gold":108,"neow_bonus":"ONE_RARE_RELIC","is_prod":false,"is_daily":false,"chose_seed":false,"campfire_upgraded":0,"win_rate":0,"timestamp":1536912450,"path_taken":["M","M","?","?","$","?","R","?","T","R","?","M","E","?"],"build_version":"2018-09-12","purchased_purges":0,"victory":false,"max_hp_per_floor":[68,68,68,68,68,68,68,68,68,68,68,68,68,68],"card_choices":[{"not_picked":["Ball Lightning","Blizzard"],"picked":"Gash","floor":1},{"not_picked":["Coolheaded","Ball Lightning"],"picked":"Streamline","floor":2},{"not_picked":["Reprogram","Ball Lightning"],"picked":"Skim","floor":11},{"not_picked":["Consume","Sweeping Beam"],"picked":"Fission","floor":12},{"not_picked":["Streamline","Coolheaded"],"picked":"Genetic Algorithm","floor":13}],"player_experience":666465,"relics_obtained":[{"floor":8,"key":"Shuriken"},{"floor":9,"key":"Art of War"},{"floor":13,"key":"PreservedInsect"}],"event_choices":[{"event_name":"Golden Wing","player_choice":"Gained Gold","floor":3,"damage_taken":0},{"event_name":"Liars Game","player_choice":"agreed","floor":4,"damage_taken":0},{"event_name":"The Cleric","player_choice":"Leave","floor":6,"damage_taken":0}],"is_beta":true,"boss_relics":[],"items_purged_floors":[],"is_endless":false,"potions_floor_spawned":[1,2],"killed_by":"Exordium Wildlife","ascension_level":3}