{"gold_per_floor":[211,228,241,43,62,62,62,132,181,195,195,195,195,195,195,323,386,407,407],"floor_reached":19,"playtime":732,"items_purged":[],"score":269,"play_id":"4c6aa6d1-b258-4038-9a3f-7b035a785129","local_time":"20190606170835","is_ascension_mode":true,"campfire_choices":[{"data":"Inflame","floor":6,"key":"SMITH"},{"floor":11,"key":"REST"},{"floor":13,"key":"RECALL"},{"data":"Bash","floor":15,"key":"SMITH"}],"neow_cost":"NONE","seed_source_timestamp":1380219082825200,"circlet_count":0,"master_deck":["Strike_R","Strike_R","Strike_R","Strike_R+1","Strike_R","Defend_R","Defend_R","Defend_R","Defend_R","Bash+1","Spot Weakness","Inflame","Flex","Inflame+1","Flex","Limit Break","Shrug It Off"],"relics":["Burning Blood","Toy Ornithopter","Golden Idol","Centennial Puzzle","Regal Pillow","Tiny House"],"potions_floor_usage":[3,5,16,16,16,18,19],"damage_taken":[{"damage":6,"enemies":"Jaw Worm","floor":1,"turns":4},{"damage":0,"enemies":"2 Louse","floor":2,"turns":3},{"damage":1,"enemies":"Small Slimes","floor":3,"turns":2},{"damage":14,"enemies":"Red Slaver","floor":5,"turns":3},{"damage":32,"enemies":"Gremlin Nob","floor":8,"turns":4},{"damage":11,"enemies":"Looter","floor":10,"turns":2},{"damage":0,"enemies":"Slime Boss","floor":16,"turns":10},{"damage":46,"enemies":"Chosen","floor":18,"turns":6},{"damage":62,"enemies":"3 Byrds","floor":19,"turns":6}],"seed_played":"6401550720077996086","potions_obtained":[{"floor":2,"key":"Fire Potion"},{"floor":3,"key":"SteroidPotion"},{"floor":14,"key":"SpeedPotion"},{"floor":14,"key":"Weak Potion"},{"floor":14,"key":"SpeedPotion"},{"floor":17,"key":"SneckoOil"},{"floor":18,"key":"Swift Potion"}],"is_trial":false,"path_per_floor":["M","M","M","$","M","R","?","?","T","M","R","?","R","?","R","B",null,"M","M"],"character_chosen":"IRONCLAD","items_purchased":["Toy Ornithopter"],"campfire_rested":1,"item_purchase_floors":[4],"current_hp_per_floor":[72,78,80,80,72,72,52,26,26,21,60,65,65,65,65,85,90,55,0],"gold":407,"neow_bonus":"HUNDRED_GOLD","is_prod":false,"is_daily":false,"chose_seed":false,"campfire_upgraded":2,"win_rate":0,"timestamp":1559855315,"path_taken":["M","M","M","$","M","R","?","?","T","M","R","?","R","?","R","BOSS","M","M"],"build_version":"2019-06-05","purchased_purges":0,"victory":false,"max_hp_per_floor":[80,80,80,80,80,80,80,80,80,80,80,85,85,85,85,85,90,90,90],"card_choices":[{"not_picked":["Iron Wave","Heavy Blade"],"picked":"Spot Weakness","floor":1},{"not_picked":["Sword Boomerang","Body Slam"],"picked":"Inflame","floor":2},{"not_picked":["Body Slam","Warcry"],"picked":"Flex","floor":3},{"not_picked":["Entrench","Body Slam"],"picked":"Inflame","floor":5},{"not_picked":["Body Slam","Metallicize"],"picked":"Flex","floor":10},{"not_picked":["Juggernaut","Bludgeon"],"picked":"Limit Break","floor":16},{"not_picked":["True Grit","Evolve"],"picked":"Shrug It Off","floor":17},{"not_picked":["Warcry","Bloodletting+1","Anger"],"picked":"SKIP","floor":18}],"player_experience":998983,"relics_obtained":[{"floor":9,"key":"Regal Pillow"}],"event_choices":[{"damage_healed":0,"gold_gain":0,"player_choice":"Take Damage","damage_taken":20,"relics_obtained":["Golden Idol"],"max_hp_gain":0,"max_hp_loss":0,"event_name":"Golden Idol","floor":7,"gold_loss":0},{"damage_healed":0,"gold_gain":0,"player_choice":"Searched \u00272\u0027 times","damage_taken":0,"relics_obtained":["Centennial Puzzle"],"max_hp_gain":0,"max_hp_loss":0,"event_name":"Dead Adventurer","floor":8,"gold_loss":0},{"damage_healed":0,"gold_gain":0,"player_choice":"Donut","damage_taken":0,"max_hp_gain":5,"max_hp_loss":0,"event_name":"Big Fish","floor":12,"gold_loss":0},{"damage_healed":0,"gold_gain":0,"player_choice":"Got Potions","damage_taken":0,"max_hp_gain":0,"max_hp_loss":0,"event_name":"Lab","floor":14,"gold_loss":0}],"is_beta":true,"boss_relics":[{"not_picked":["Philosopher\u0027s Stone","Runic Pyramid"],"picked":"Tiny House"}],"items_purged_floors":[],"is_endless":false,"potions_floor_spawned":[2,3,18],"killed_by":"3 Byrds","ascension_level":6}