{"gold_per_floor":[114,124,135,115,132,132,161,161,242,266,293,340,370,415,427,511,523,555,581,259,269,469,469,469],"floor_reached":24,"playtime":824,"items_purged":["Strike_G"],"score":440,"play_id":"8109917a-db8d-45ba-94b0-988d0929ca0c","local_time":"20181105184151","is_ascension_mode":true,"campfire_choices":[{"data":"Neutralize","floor":6.0,"key":"SMITH"},{"floor":15.0,"key":"REST"},{"floor":23,"key":"REST"}],"neow_cost":"NONE","seed_source_timestamp":2231093953171173,"circlet_count":0,"master_deck":["AscendersBane","Defend_G","Defend_G","Defend_G","Defend_G","Defend_G","Strike_G","Strike_G","Strike_G","Strike_G","Survivor","Neutralize+1","Crippling Poison+1","Predator","Bouncing Flask","Flying Knee","Corpse Explosion+1","Leg Sweep+1","Cloak And Dagger","Deflect","PiercingWail","Malaise","Quick Slash","Mayhem","Backflip","Well Laid Plans"],"special_seed":0,"relics":["Ring of the Snake","Pen Nib","Matryoshka","MawBank","Tiny Chest","Dream Catcher","War Paint","HoveringKite"],"potions_floor_usage":[],"damage_taken":[{"damage":0.0,"enemies":"2 Louse","floor":1.0,"turns":4.0},{"damage":0.0,"enemies":"Cultist","floor":2.0,"turns":4.0},{"damage":1.0,"enemies":"Small Slimes","floor":3.0,"turns":5.0},{"damage":1.0,"enemies":"2 Fungi Beasts","floor":5.0,"turns":3.0},{"damage":14.0,"enemies":"3 Sentries","floor":7.0,"turns":8.0},{"damage":0.0,"enemies":"Lots of Slimes","floor":10.0,"turns":1.0},{"damage":3.0,"enemies":"Looter","floor":11.0,"turns":3.0},{"damage":25.0,"enemies":"Lagavulin","floor":12.0,"turns":5.0},{"damage":12.0,"enemies":"Large Slime","floor":13.0,"turns":8.0},{"damage":4.0,"enemies":"Gremlin Nob","floor":14.0,"turns":3.0},{"damage":20,"enemies":"Hexaghost","floor":16,"turns":9},{"damage":0,"enemies":"Chosen","floor":18,"turns":5},{"damage":12,"enemies":"2 Thieves","floor":19,"turns":3},{"damage":12,"enemies":"Snecko","floor":21,"turns":6},{"damage":55,"enemies":"Gremlin Leader","floor":24,"turns":4}],"seed_played":"-4675493372804934003","potions_obtained":[{"floor":1.0,"key":"Regen Potion"},{"floor":2.0,"key":"Explosive Potion"},{"floor":10.0,"key":"FearPotion"},{"floor":13.0,"key":"SteroidPotion"},{"floor":16,"key":"FearPotion"},{"floor":19,"key":"SteroidPotion"}],"is_trial":false,"path_per_floor":["M","M","M","?","M","R","E","?","T","M","M","E","M","E","R","B",null,"M","M","$","M","?","R","E"],"character_chosen":"THE_SILENT","items_purchased":["Mayhem","Backflip"],"campfire_rested":2,"item_purchase_floors":[20,20],"current_hp_per_floor":[59,59,58,58,57,57,58,58,58,58,55,30,18,14,33,13,53,53,41,41,29,29,48,0],"gold":469,"neow_bonus":"RANDOM_COMMON_RELIC","is_prod":false,"is_daily":false,"chose_seed":false,"campfire_upgraded":1,"win_rate":0,"timestamp":1541468511,"path_taken":["M","M","M","?","?","R","E","?","T","?","M","E","M","E","R","BOSS","M","M","$","M","?","R","E"],"build_version":"2018-11-01","purchased_purges":1,"victory":false,"max_hp_per_floor":[66,66,66,66,66,66,66,66,66,66,66,66,66,66,66,66,66,66,66,66,66,66,66,66],"card_choices":[{"not_picked":["Blade Dance","Escape Plan"],"picked":"Crippling Poison","floor":1.0},{"not_picked":["PiercingWail","Underhanded Strike"],"picked":"Predator","floor":2.0},{"not_picked":["Acrobatics","A Thousand Cuts"],"picked":"Bouncing Flask","floor":3.0},{"not_picked":["Dodge and Roll","Prepared"],"picked":"Flying Knee","floor":5.0},{"not_picked":["Endless Agony","Deflect"],"picked":"Corpse Explosion","floor":7.0},{"not_picked":["Expertise","Dagger Spray"],"picked":"Leg Sweep","floor":10.0},{"not_picked":["Dagger Throw","Quick Slash"],"picked":"Cloak And Dagger","floor":11.0},{"not_picked":["Dagger Throw","Backflip","Setup"],"picked":"SKIP","floor":12.0},{"not_picked":["Concentrate","Deadly Poison"],"picked":"Deflect","floor":13.0},{"not_picked":["Acrobatics","Poisoned Stab","Eviscerate"],"picked":"SKIP","floor":14.0},{"not_picked":["Acrobatics","Poisoned Stab","Eviscerate"],"picked":"SKIP","floor":14.0},{"not_picked":["Expertise","Predator"],"picked":"PiercingWail","floor":15.0},{"not_picked":["Wraith Form v2","Storm of Steel"],"picked":"Malaise","floor":16},{"not_picked":["Sucker Punch","Dagger Throw"],"picked":"Quick Slash","floor":18},{"not_picked":["Cloak And Dagger","Poisoned Stab","Setup"],"picked":"SKIP","floor":19},{"not_picked":["Flechettes","Escape Plan","Sucker Punch"],"picked":"SKIP","floor":21},{"not_picked":["Quick Slash","Sucker Punch"],"picked":"Well Laid Plans","floor":23}],"player_experience":590403,"relics_obtained":[{"floor":7.0,"key":"Matryoshka"},{"floor":9.0,"key":"MawBank"},{"floor":9.0,"key":"Tiny Chest"},{"floor":12.0,"key":"Dream Catcher"},{"floor":14.0,"key":"War Paint"}],"event_choices":[{"damage_healed":0.0,"max_hp_gain":0.0,"max_hp_loss":0.0,"gold_gain":0.0,"event_name":"The Woman in Blue","player_choice":"Bought 1 Potion","floor":4.0,"gold_loss":0.0,"damage_taken":0.0},{"damage_healed":0.0,"max_hp_gain":0.0,"max_hp_loss":0.0,"gold_gain":0.0,"event_name":"Upgrade Shrine","player_choice":"Upgraded","floor":8.0,"gold_loss":0.0,"damage_taken":0.0,"cards_upgraded":["Corpse Explosion"]},{"damage_healed":0,"gold_gain":200,"player_choice":"Gold","damage_taken":0,"max_hp_gain":0,"max_hp_loss":0,"event_name":"Wheel of Change","floor":22,"gold_loss":0}],"is_beta":false,"boss_relics":[{"not_picked":["Lizard Tail","Coffee Dripper"],"picked":"HoveringKite"}],"items_purged_floors":[20],"is_endless":false,"potions_floor_spawned":[1,2,3,10,13,16,19],"killed_by":"Gremlin Leader","ascension_level":20}