{"gold_per_floor":[109,123,123,137,137,137,137,137,137,25,25,39,214,24,24,122,122,141,101,115,115],"floor_reached":21,"playtime":646,"items_purged":[],"score":184,"play_id":"b3a0866e-0a53-4182-9fd6-70665c224428","local_time":"20180829030114","is_ascension_mode":true,"campfire_choices":[{"data":"Loop","floor":6,"key":"SMITH"},{"data":"Buffer","floor":8,"key":"SMITH"},{"data":"Darkness","floor":11,"key":"SMITH"},{"data":"Doom and Gloom","floor":15,"key":"SMITH"}],"neow_cost":"CURSE","seed_source_timestamp":131306096575682,"circlet_count":0,"master_deck":["Strike_B","Strike_B","Strike_B","Strike_B","Defend_B","Defend_B","Defend_B","Defend_B","Zap","Dualcast","Buffer+1","Loop+1","Coolheaded","Doom and Gloom+1","Darkness+1","Self Repair","Doubt","Fission","Barrage","Rebound"],"relics":["Cracked Core","Blood Vial","Strawberry","Chemical X","Lizard Tail"],"potions_floor_usage":[18,18,20,20,20,20,21,21,21],"damage_taken":[{"damage":2,"enemies":"Jaw Worm","floor":1,"turns":3},{"damage":4,"enemies":"Cultist","floor":2,"turns":3},{"damage":0,"enemies":"Small Slimes","floor":4,"turns":3},{"damage":11,"enemies":"Looter","floor":12,"turns":3},{"damage":35,"enemies":"The Guardian","floor":16,"turns":9},{"damage":78,"enemies":"3 Byrds","floor":18,"turns":6},{"damage":17,"enemies":"2 Thieves","floor":20,"turns":2},{"damage":51,"enemies":"Masked Bandits","floor":21,"turns":3}],"seed_played":"2548725797323639153","potions_obtained":[{"floor":1,"key":"GamblersBrew"},{"floor":2,"key":"Swift Potion"},{"floor":19,"key":"AttackPotion"},{"floor":19,"key":"EntropicBrew"},{"floor":19,"key":"FearPotion"},{"floor":20,"key":"SteroidPotion"}],"is_trial":false,"path_per_floor":["M","M","?","M","?","R","?","R","T","$","R","M","?","$","R","B",null,"M","?","M"],"character_chosen":"DEFECT","items_purchased":["Doom and Gloom","Darkness","Chemical X"],"campfire_rested":0,"item_purchase_floors":[10,10,14],"current_hp_per_floor":[73,69,69,69,69,69,69,69,76,76,76,67,67,67,67,41,82,11,11,41,0],"gold":115,"neow_bonus":"THREE_RARE_CARDS","is_prod":false,"is_daily":false,"chose_seed":false,"campfire_upgraded":4,"win_rate":0,"timestamp":1535526074,"path_taken":["M","M","?","M","?","R","?","R","T","$","R","?","?","?","R","BOSS","M","?","?","?"],"build_version":"2018-08-27","purchased_purges":0,"victory":false,"max_hp_per_floor":[75,75,75,75,75,75,75,75,82,82,82,82,82,82,82,82,82,82,82,82,82],"card_choices":[{"not_picked":["Amplify","Biased Cognition"],"picked":"Buffer","floor":0},{"not_picked":["Steam","Hologram"],"picked":"Cold Snap","floor":1},{"not_picked":["Hologram","Conserve Battery"],"picked":"Loop","floor":2},{"not_picked":["Compile Driver","Streamline"],"picked":"Coolheaded","floor":4},{"not_picked":["Hologram","Double Energy"],"picked":"Self Repair","floor":12},{"not_picked":["Hyperbeam","Buffer"],"picked":"Fission","floor":16},{"not_picked":["Stack","Beam Cell"],"picked":"Barrage","floor":18},{"not_picked":["Fusion","Steam"],"picked":"Rebound","floor":20}],"player_experience":528551,"relics_obtained":[{"floor":9,"key":"Strawberry"}],"event_choices":[{"event_name":"Fountain of Cleansing","player_choice":"Removed Curse","floor":3,"damage_taken":0},{"event_name":"WeMeetAgain","player_choice":"Card","floor":5,"damage_taken":0},{"event_name":"Golden Wing","player_choice":"Ignored","floor":7,"damage_taken":0},{"event_name":"Liars Game","player_choice":"agreed","floor":13,"damage_taken":0},{"event_name":"The Woman in Blue","player_choice":"Bought 3 Potions","floor":19,"damage_taken":0},{"event_name":"Masked Bandits","player_choice":"Fought Bandits","floor":21,"damage_taken":0}],"is_beta":true,"boss_relics":[{"not_picked":["Ectoplasm","Empty Cage"],"picked":"Lizard Tail"}],"items_purged_floors":[],"is_endless":false,"potions_floor_spawned":[1,2,20],"killed_by":"Masked Bandits","ascension_level":2}