{"gold_per_floor":[118,129,129,143,108,108,121,68,68,94,104,161,186,219,231,344,356,383,310,339,351,389,401,38,72,97,116,142,142,158,187,187,283,283,303,303,403,403,149,180,197,225,225,101,120,145,20,30,30,30],"floor_reached":51,"playtime":2426,"items_purged":["Strike_G","Strike_G","Strike_G"],"score":853,"play_id":"27ae87be-6a66-420a-b323-8461bd685ee6","local_time":"20181115193049","is_ascension_mode":true,"campfire_choices":[{"data":"Neutralize","floor":6.0,"key":"SMITH"},{"data":"Noxious Fumes","floor":15.0,"key":"SMITH"},{"data":"Bouncing Flask","floor":23.0,"key":"SMITH"},{"floor":29.0,"key":"REST"},{"data":"Noxious Fumes","floor":32.0,"key":"SMITH"},{"data":"Leg Sweep","floor":49.0,"key":"SMITH"}],"neow_cost":"NONE","seed_source_timestamp":144431070677569,"circlet_count":0,"master_deck":["Defend_G","Defend_G+1","Defend_G","Defend_G+1","Defend_G","Strike_G+1","Strike_G+1","Survivor","Neutralize+1","Dagger Spray","Well Laid Plans","Dagger Throw","Noxious Fumes+1","Bane","Bouncing Flask+1","Die Die Die","Glass Knife","Crippling Poison","Noxious Fumes+1","Backflip+1","PiercingWail","Well Laid Plans+1","Backflip+1","Dodge and Roll+1","Leg Sweep+1","Dodge and Roll+1","Cloak And Dagger","Dodge and Roll+1","Parasite"],"special_seed":0,"relics":["Ring of the Snake","Unceasing Top","WingedGreaves","Tiny Chest","Orichalcum","MawBank","Eternal Feather","Darkstone Periapt","MutagenicStrength","Boot","Ancient Tea Set","Pen Nib","Dream Catcher","Blood Vial","Runic Dome","Bird Faced Urn","Ninja Scroll","Matryoshka","Shuriken","Incense Burner","War Paint","Bottled Tornado","Potion Belt"],"potions_floor_usage":[50,50],"damage_taken":[{"damage":0.0,"enemies":"Small Slimes","floor":1.0,"turns":4.0},{"damage":4.0,"enemies":"Jaw Worm","floor":2.0,"turns":5.0},{"damage":0.0,"enemies":"2 Louse","floor":4.0,"turns":2.0},{"damage":0.0,"enemies":"Blue Slaver","floor":7.0,"turns":3.0},{"damage":15.0,"enemies":"Lagavulin","floor":10.0,"turns":8.0},{"damage":0.0,"enemies":"Large Slime","floor":11.0,"turns":4.0},{"damage":20.0,"enemies":"3 Sentries","floor":12.0,"turns":6.0},{"damage":8.0,"enemies":"Lagavulin","floor":14.0,"turns":6.0},{"damage":1.0,"enemies":"Hexaghost","floor":16.0,"turns":9.0},{"damage":15.0,"enemies":"2 Thieves","floor":18.0,"turns":4.0},{"damage":6.0,"enemies":"Spheric Guardian","floor":20.0,"turns":5.0},{"damage":28.0,"enemies":"Book of Stabbing","floor":25.0,"turns":6.0},{"damage":14.0,"enemies":"Snecko","floor":27.0,"turns":5.0},{"damage":7.0,"enemies":"Centurion and Healer","floor":30.0,"turns":2.0},{"damage":10.0,"enemies":"Slavers","floor":31.0,"turns":4.0},{"damage":52.0,"enemies":"Champ","floor":33.0,"turns":13.0},{"damage":0.0,"enemies":"3 Shapes","floor":35.0,"turns":6.0},{"damage":0.0,"enemies":"Mind Bloom Boss Battle","floor":37.0,"turns":8.0},{"damage":24.0,"enemies":"Nemesis","floor":40.0,"turns":7.0},{"damage":11.0,"enemies":"3 Darklings","floor":41.0,"turns":5.0},{"damage":40.0,"enemies":"Reptomancer","floor":42.0,"turns":7.0},{"damage":5.0,"enemies":"4 Shapes","floor":45.0,"turns":3.0},{"damage":12.0,"enemies":"Giant Head","floor":46.0,"turns":10.0},{"damage":0.0,"enemies":"Writhing Mass","floor":48.0,"turns":7.0},{"damage":17,"enemies":"Time Eater","floor":50,"turns":14}],"seed_played":"-2325953089111342543","potions_obtained":[{"floor":7.0,"key":"EssenceOfSteel"},{"floor":10.0,"key":"SpeedPotion"},{"floor":18.0,"key":"SpeedPotion"},{"floor":25.0,"key":"Explosive Potion"},{"floor":27.0,"key":"PowerPotion"},{"floor":35.0,"key":"AttackPotion"},{"floor":41.0,"key":"SteroidPotion"},{"floor":42.0,"key":"Regen Potion"}],"is_trial":false,"path_per_floor":["M","M","?","M","?","R","M","$","T","E","M","E","T","E","R","B",null,"M","?","M","?","T","R","$","E","T","M","T","R","M","E","R","B",null,"M","?","?","T","$","E","M","E","T","$","M","E","$","M","R","B",null],"character_chosen":"THE_SILENT","items_purchased":["Bane","Glass Knife","Crippling Poison","Noxious Fumes","Matryoshka","Cloak And Dagger"],"campfire_rested":1,"item_purchase_floors":[8,24,24,24,39,44],"current_hp_per_floor":[77,73,58,58,77,77,77,77,77,62,62,42,42,34,34,33,77,62,62,56,56,56,65,65,37,37,23,23,58,51,41,53,3,77,77,73,73,73,73,51,50,18,18,18,17,30,30,46,61,56],"gold":30,"neow_bonus":"TEN_PERCENT_HP_BONUS","is_prod":false,"is_daily":false,"chose_seed":false,"campfire_upgraded":5,"win_rate":0,"timestamp":1542335449,"path_taken":["M","M","?","M","?","R","M","?","T","E","M","E","?","E","R","BOSS","M","?","M","?","?","R","$","E","T","?","?","R","M","E","R","BOSS","M","?","?","?","$","E","?","E","T","?","M","E","$","M","R","BOSS"],"build_version":"2018-11-15","purchased_purges":3,"victory":true,"max_hp_per_floor":[77,77,77,77,77,77,77,77,77,77,77,77,77,77,77,77,77,77,77,77,77,77,77,77,77,77,77,77,77,77,77,77,77,77,77,73,73,73,73,73,73,73,73,73,73,73,73,79,79,79],"card_choices":[{"not_picked":["Bane","Outmaneuver"],"picked":"Dagger Spray","floor":1.0},{"not_picked":["Prepared","Poisoned Stab"],"picked":"Well Laid Plans","floor":2.0},{"not_picked":["Poisoned Stab","Concentrate"],"picked":"Dagger Throw","floor":4.0},{"not_picked":["Wraith Form v2","Prepared"],"picked":"Noxious Fumes","floor":7.0},{"not_picked":["Underhanded Strike","Calculated Gamble"],"picked":"Bouncing Flask","floor":10.0},{"not_picked":["Deadly Poison","Expertise","Deflect"],"picked":"SKIP","floor":11.0},{"not_picked":["Quick Slash","Infinite Blades","Blade Dance"],"picked":"SKIP","floor":12.0},{"not_picked":["Bane","Outmaneuver","Wraith Form v2"],"picked":"SKIP","floor":14.0},{"not_picked":["Wraith Form v2","Doppelganger"],"picked":"Die Die Die","floor":16.0},{"not_picked":["Quick Slash","Caltrops","Riddle With Holes"],"picked":"SKIP","floor":18.0},{"not_picked":["Underhanded Strike","Flying Knee","Acrobatics"],"picked":"SKIP","floor":20.0},{"not_picked":["Quick Slash","Riddle With Holes+1","Crippling Poison+1"],"picked":"SKIP","floor":25.0},{"not_picked":["Flying Knee","Deflect","Dash"],"picked":"SKIP","floor":27.0},{"not_picked":["Poisoned Stab","Sucker Punch"],"picked":"Backflip+1","floor":29.0},{"not_picked":["Dash","Flechettes"],"picked":"PiercingWail","floor":30.0},{"not_picked":["Deflect","Distraction"],"picked":"Well Laid Plans+1","floor":31.0},{"not_picked":["Blade Dance+1","Eviscerate"],"picked":"Backflip+1","floor":35.0},{"not_picked":["Blur+1","Endless Agony"],"picked":"Dodge and Roll+1","floor":37.0},{"not_picked":["Prepared+1","Underhanded Strike+1","Crippling Poison"],"picked":"SKIP","floor":40.0},{"not_picked":["Backflip+1","Eviscerate+1"],"picked":"Leg Sweep","floor":41.0},{"not_picked":["Terror","Prepared"],"picked":"Dodge and Roll+1","floor":42.0},{"not_picked":["Flying Knee+1","Deadly Poison+1","Sucker Punch+1"],"picked":"SKIP","floor":45.0},{"not_picked":["Outmaneuver+1","Backflip+1"],"picked":"Dodge and Roll+1","floor":46.0},{"not_picked":["Unload","Backflip","Heel Hook"],"picked":"SKIP","floor":48.0}],"player_experience":624254,"relics_obtained":[{"floor":9.0,"key":"Unceasing Top"},{"floor":10.0,"key":"WingedGreaves"},{"floor":12.0,"key":"Tiny Chest"},{"floor":13.0,"key":"Orichalcum"},{"floor":14.0,"key":"MawBank"},{"floor":22.0,"key":"Boot"},{"floor":25.0,"key":"Ancient Tea Set"},{"floor":26.0,"key":"Pen Nib"},{"floor":28.0,"key":"Dream Catcher"},{"floor":31.0,"key":"Blood Vial"},{"floor":37.0,"key":"Bird Faced Urn"},{"floor":38.0,"key":"Ninja Scroll"},{"floor":40.0,"key":"Shuriken"},{"floor":42.0,"key":"Incense Burner"},{"floor":43.0,"key":"War Paint"},{"floor":43.0,"key":"Bottled Tornado"},{"floor":46.0,"key":"Potion Belt"}],"event_choices":[{"damage_healed":0.0,"max_hp_gain":0.0,"max_hp_loss":0.0,"gold_gain":0.0,"event_name":"Shining Light","player_choice":"Entered Light","floor":3.0,"gold_loss":0.0,"damage_taken":15.0,"cards_upgraded":["Strike_G","Strike_G"]},{"damage_healed":19.0,"max_hp_gain":0.0,"max_hp_loss":0.0,"gold_gain":0.0,"event_name":"The Cleric","player_choice":"Healed","floor":5.0,"gold_loss":35.0,"damage_taken":0.0},{"damage_healed":0.0,"max_hp_gain":0.0,"max_hp_loss":0.0,"gold_gain":0.0,"event_name":"Addict","player_choice":"Obtained Relic","floor":19.0,"gold_loss":85.0,"damage_taken":0.0,"relics_obtained":["Darkstone Periapt"]},{"damage_healed":0.0,"max_hp_gain":0.0,"max_hp_loss":0.0,"gold_gain":0.0,"event_name":"Drug Dealer","player_choice":"Inject Mutagens","floor":21.0,"gold_loss":0.0,"damage_taken":0.0,"relics_obtained":["MutagenicStrength"]},{"damage_healed":0.0,"max_hp_gain":0.0,"max_hp_loss":4.0,"gold_gain":0.0,"event_name":"Winding Halls","player_choice":"Max HP","floor":36.0,"gold_loss":0.0,"damage_taken":0.0},{"damage_healed":0.0,"max_hp_gain":0.0,"max_hp_loss":0.0,"gold_gain":0.0,"event_name":"MindBloom","player_choice":"Fight","floor":37.0,"gold_loss":0.0,"damage_taken":0.0}],"is_beta":false,"boss_relics":[{"not_picked":["Orrery","Coffee Dripper"],"picked":"Eternal Feather"},{"not_picked":["Runic Pyramid","Philosopher\u0027s Stone"],"picked":"Runic Dome"}],"items_purged_floors":[24,44,47],"is_endless":false,"potions_floor_spawned":[7,10,18,25,27,35,41,42],"ascension_level":1}