{"gold_per_floor":[20,34,34,34,50,50,88,101,101,137,137,137],"floor_reached":12,"playtime":402,"items_purged":[],"score":135,"play_id":"68e23de1-0e41-4bcc-a945-a438fcff1587","local_time":"20190606054703","is_ascension_mode":true,"campfire_choices":[{"data":"Pummel","floor":6,"key":"SMITH"}],"neow_cost":"NO_GOLD","seed_source_timestamp":1339656879322100,"circlet_count":0,"master_deck":["Strike_R","Strike_R","Strike_R","Strike_R","Strike_R","Defend_R","Defend_R","Defend_R","Defend_R","Bash","Pommel Strike","Dual Wield","Pummel+1","Rampage","Dropkick"],"relics":["Burning Blood","Golden Idol","Bag of Preparation","Paper Frog","Strawberry","Champion Belt"],"potions_floor_usage":[7],"damage_taken":[{"damage":7,"enemies":"2 Louse","floor":1,"turns":3},{"damage":12,"enemies":"Jaw Worm","floor":2,"turns":2},{"damage":1,"enemies":"Cultist","floor":5,"turns":3},{"damage":25,"enemies":"Gremlin Nob","floor":7,"turns":4},{"damage":16,"enemies":"2 Fungi Beasts","floor":8,"turns":4},{"damage":50,"enemies":"3 Sentries","floor":10,"turns":10},{"damage":22,"enemies":"Large Slime","floor":12,"turns":3}],"seed_played":"-2973098698651376458","potions_obtained":[{"floor":5,"key":"EssenceOfSteel"}],"is_trial":false,"path_per_floor":["M","M","?","?","M","R","E","M","T","E","$","M"],"character_chosen":"IRONCLAD","items_purchased":[],"campfire_rested":0,"item_purchase_floors":[],"current_hp_per_floor":[95,89,89,82,87,87,68,58,65,21,21,0],"gold":137,"neow_bonus":"TWENTY_PERCENT_HP_BONUS","is_prod":false,"is_daily":false,"chose_seed":false,"campfire_upgraded":1,"win_rate":0,"timestamp":1559814423,"path_taken":["M","M","?","?","?","R","E","M","T","E","$","?"],"build_version":"2019-06-05","purchased_purges":0,"victory":false,"max_hp_per_floor":[96,96,89,89,89,89,89,89,96,96,96,96],"card_choices":[{"not_picked":["Entrench","Havoc"],"picked":"Pommel Strike","floor":1},{"not_picked":["Pommel Strike","Heavy Blade"],"picked":"Dual Wield","floor":2},{"not_picked":["Thunderclap","Clothesline"],"picked":"Pummel","floor":5},{"not_picked":["Armaments","Berserk","True Grit"],"picked":"SKIP","floor":7},{"not_picked":["Bloodletting","Shockwave"],"picked":"Rampage","floor":8},{"not_picked":["Evolve","Fire Breathing"],"picked":"Dropkick","floor":10}],"player_experience":986607,"relics_obtained":[{"floor":7,"key":"Paper Frog"},{"floor":9,"key":"Strawberry"},{"floor":10,"key":"Champion Belt"}],"event_choices":[{"damage_healed":0,"gold_gain":0,"player_choice":"Lose Max HP","damage_taken":0,"relics_obtained":["Golden Idol"],"max_hp_gain":0,"max_hp_loss":7,"event_name":"Golden Idol","floor":3,"gold_loss":0},{"damage_healed":0,"gold_gain":0,"player_choice":"Success","damage_taken":7,"relics_obtained":["Bag of Preparation"],"max_hp_gain":0,"max_hp_loss":0,"event_name":"Scrap Ooze","floor":4,"gold_loss":0}],"is_beta":true,"boss_relics":[],"items_purged_floors":[],"is_endless":false,"potions_floor_spawned":[5],"killed_by":"Large Slime","ascension_level":5}