{"gold_per_floor":[118,129,139,150,167,185,6,6,6,6,20,20,48,65,65,163,163,175,175,190,51,67,67,67],"floor_reached":24,"playtime":1535,"items_purged":["Defend_R"],"score":211,"play_id":"b6321b30-b36b-472d-b7af-8cc19ecef14c","local_time":"20190701161628","is_ascension_mode":true,"campfire_choices":[{"data":"Perfected Strike","floor":8,"key":"SMITH"},{"floor":15,"key":"REST"},{"floor":23,"key":"REST"}],"neow_cost":"NONE","seed_source_timestamp":637939178299120,"circlet_count":0,"master_deck":["Strike_R","Strike_R","Strike_R","Strike_R","Strike_R","Defend_R","Defend_R","Defend_R","Bash+1","Feel No Pain","Pummel","Spot Weakness","Pummel","Perfected Strike+1","Metallicize","Shrug It Off","Demon Form","Perfected Strike","Double Tap+1","Shrug It Off+1","Flex+1","Heavy Blade","Feed","Dark Embrace"],"relics":["Black Blood","Toxic Egg 2","Odd Mushroom"],"potions_floor_usage":[5,11,16],"damage_taken":[{"damage":6,"enemies":"Cultist","floor":1,"turns":3},{"damage":8,"enemies":"2 Louse","floor":2,"turns":2},{"damage":5,"enemies":"Jaw Worm","floor":3,"turns":5},{"damage":25,"enemies":"3 Louse","floor":4,"turns":4},{"damage":0,"enemies":"2 Fungi Beasts","floor":5,"turns":2},{"damage":6,"enemies":"Looter","floor":6,"turns":2},{"damage":23,"enemies":"Lots of Slimes","floor":11,"turns":7},{"damage":25,"enemies":"The Mushroom Lair","floor":13,"turns":4},{"damage":2,"enemies":"Exordium Thugs","floor":14,"turns":4},{"damage":22,"enemies":"Hexaghost","floor":16,"turns":7},{"damage":39,"enemies":"2 Thieves","floor":18,"turns":4},{"damage":33,"enemies":"Shell Parasite","floor":20,"turns":5},{"damage":34,"enemies":"Cultist and Chosen","floor":22,"turns":6},{"damage":53,"enemies":"3 Cultists","floor":24,"turns":5}],"seed_played":"-6772095360107013444","potions_obtained":[{"floor":1,"key":"Dexterity Potion"},{"floor":3,"key":"FairyPotion"},{"floor":4,"key":"AttackPotion"},{"floor":13,"key":"Strength Potion"},{"floor":20,"key":"GamblersBrew"}],"is_trial":false,"path_per_floor":["M","M","M","M","M","M","$","R","T","?","M","?","?","M","R","B",null,"M","?","M","$","M","R","M"],"character_chosen":"IRONCLAD","items_purchased":["Metallicize","Shrug It Off","Feed"],"campfire_rested":2,"item_purchase_floors":[7,7,21],"current_hp_per_floor":[80,78,79,60,66,66,66,66,66,66,49,49,30,34,58,42,80,51,51,28,28,18,42,0],"gold":67,"neow_bonus":"UPGRADE_CARD","is_prod":false,"is_daily":false,"chose_seed":false,"campfire_upgraded":1,"win_rate":0,"timestamp":1562012188,"path_taken":["M","?","M","M","M","M","$","R","T","?","M","?","?","M","R","BOSS","M","?","M","$","M","R","M"],"build_version":"2019-01-23","purchased_purges":1,"victory":false,"max_hp_per_floor":[80,80,80,80,80,80,80,80,80,80,80,80,80,80,80,80,80,80,80,80,80,80,80,83],"card_choices":[{"not_picked":["Ghostly Armor","Sentinel"],"picked":"Feel No Pain","floor":1},{"not_picked":["Wild Strike","Iron Wave"],"picked":"Pummel","floor":2},{"not_picked":["Wild Strike","Thunderclap"],"picked":"Spot Weakness","floor":3},{"not_picked":["Anger","Perfected Strike"],"picked":"Pummel","floor":4},{"not_picked":["Clothesline","Shockwave"],"picked":"Perfected Strike","floor":5},{"not_picked":["Havoc","Body Slam","True Grit"],"picked":"SKIP","floor":6},{"not_picked":["Bloodletting+1","Inflame"],"picked":"Demon Form","floor":11},{"not_picked":["Thunderclap","Uppercut"],"picked":"Perfected Strike","floor":13},{"not_picked":["Entrench+1","Twin Strike","Pommel Strike"],"picked":"SKIP","floor":14},{"not_picked":["Exhume+1","Demon Form"],"picked":"Double Tap+1","floor":16},{"not_picked":["Anger+1","Sever Soul"],"picked":"Shrug It Off+1","floor":18},{"not_picked":["Armaments+1","Anger+1"],"picked":"Heavy Blade","floor":20},{"not_picked":["Pommel Strike","Headbutt"],"picked":"Dark Embrace","floor":22}],"player_experience":173262,"relics_obtained":[{"floor":9,"key":"Toxic Egg 2"},{"floor":13,"key":"Odd Mushroom"}],"event_choices":[{"damage_healed":0,"gold_gain":0,"player_choice":"Leave","damage_taken":0,"max_hp_gain":0,"max_hp_loss":0,"event_name":"The Cleric","floor":10,"gold_loss":0},{"damage_healed":0,"gold_gain":0,"player_choice":"Ignored","damage_taken":0,"max_hp_gain":0,"max_hp_loss":0,"event_name":"Golden Idol","floor":12,"gold_loss":0},{"damage_healed":0,"gold_gain":0,"player_choice":"Fought Mushrooms","damage_taken":0,"max_hp_gain":0,"max_hp_loss":0,"event_name":"Mushrooms","floor":13,"gold_loss":0},{"damage_healed":0,"gold_gain":0,"player_choice":"Read","damage_taken":0,"max_hp_gain":0,"max_hp_loss":0,"event_name":"The Library","floor":19,"gold_loss":0,"cards_obtained":["Flex"]}],"is_beta":false,"boss_relics":[{"not_picked":["Tiny House","Ectoplasm"],"picked":"Black Blood"}],"items_purged_floors":[7],"is_endless":false,"potions_floor_spawned":[1,3,4,13,20],"killed_by":"3 Cultists","ascension_level":2}