{"path_per_floor":["M","$","?","$","M","E","M","R","T","M","M","?","M","$","R"],"character_chosen":"DEFECT","items_purchased":["Bandage Up","Sunder","Blizzard"],"gold_per_floor":[119,20,20,20,35,64,84,84,110,128,146,146,166,25,25,25],"floor_reached":16,"campfire_rested":2,"playtime":751,"current_hp_per_floor":[75,75,75,75,75,49,53,77,77,32,30,23,14,14,38,0],"items_purged":[],"gold":25,"score":102,"play_id":"ba4dc9ce-b712-42e8-a8e0-5f51f802471e","local_time":"20180515111017","is_prod":false,"is_daily":false,"chose_seed":false,"is_ascension_mode":false,"campfire_upgraded":0,"timestamp":1526397017,"path_taken":["M","$","?","$","M","E","M","R","T","M","M","?","M","?","R","BOSS"],"build_version":"2018-05-14v2","seed_source_timestamp":159274415212827,"purchased_purges":0,"victory":false,"master_deck":["Strike_B","Strike_B","Strike_B","Strike_B","Defend_B","Defend_B","Defend_B","Defend_B","Zap","Dualcast","Glacier","Bandage Up","FTL","Genetic Algorithm","Go for the Eyes","Glacier","Sunder","Blizzard"],"max_hp_per_floor":[75,75,75,75,75,82,82,82,82,82,82,82,82,82,82,82],"relics":["Black Star","Strawberry","Juzu Bracelet","Prayer Wheel","Shuriken"],"card_choices":[{"not_picked":["Steam","Turbo"],"picked":"Glacier","floor":1},{"not_picked":["Skim","Rip and Tear","Turbo"],"picked":"SKIP","floor":5},{"not_picked":["Fission","Reboot","Streamline"],"picked":"SKIP","floor":6},{"not_picked":["Coolheaded","Leap"],"picked":"FTL","floor":7},{"not_picked":["Ball Lightning","Steam"],"picked":"Genetic Algorithm","floor":10},{"not_picked":["Steam Power","Axe Kick"],"picked":"Go for the Eyes","floor":11},{"not_picked":["Cold Snap","Beam Cell"],"picked":"Glacier","floor":13}],"player_experience":269784,"potions_floor_usage":[6,7,11,13],"damage_taken":[{"damage":0,"enemies":"2 Louse","floor":1,"turns":4},{"damage":0,"enemies":"Jaw Worm","floor":5,"turns":5},{"damage":51,"enemies":"Gremlin Nob","floor":6,"turns":7},{"damage":0,"enemies":"Small Slimes","floor":7,"turns":4},{"damage":49,"enemies":"Gremlin Gang","floor":10,"turns":7},{"damage":6,"enemies":"Looter","floor":11,"turns":4},{"damage":13,"enemies":"Exordium Thugs","floor":13,"turns":7},{"damage":43,"enemies":"Hexaghost","floor":16,"turns":16}],"relics_obtained":[{"floor":6,"key":"Strawberry"},{"floor":6,"key":"Juzu Bracelet"},{"floor":9,"key":"Prayer Wheel"}],"event_choices":[{"event_name":"Golden Wing","player_choice":"Ignored","floor":3,"damage_taken":0},{"event_name":"Scrap Ooze","player_choice":"success","floor":12,"damage_taken":7}],"boss_relics":[],"potions_floor_spawned":[5,6,10,11],"seed_played":"-6984384367948667433","killed_by":"Hexaghost","ascension_level":0,"potions_obtained":[{"floor":5,"key":"Regen Potion"},{"floor":6,"key":"SteroidPotion"},{"floor":10,"key":"SkillPotion"},{"floor":11,"key":"Weak Potion"}],"is_trial":false}