{"path_per_floor":["M","M","?","M","$","R","M","M","T","M","M","?","R","?","R","B",null,"M","$","M","?","M","R","?","M","T","?"],"character_chosen":"DEFECT","items_purchased":["Gash","Static Discharge","DataDisk"],"gold_per_floor":[113,129,129,140,37,37,54,71,71,85,103,103,103,103,103,203,203,215,59,73,73,85,85,85,101,101,101,101],"floor_reached":28,"campfire_rested":4,"playtime":863,"current_hp_per_floor":[45,40,22,22,22,48,37,16,16,8,8,37,63,56,82,34,89,76,76,51,51,23,49,49,3,13,13,0],"items_purged":[],"gold":101,"score":237,"play_id":"4012cb6b-7e47-4940-841e-7c0e309293a1","local_time":"20180501193708","is_prod":false,"is_daily":false,"chose_seed":false,"is_ascension_mode":false,"campfire_upgraded":0,"timestamp":1525217828,"path_taken":["M","?","?","?","$","R","M","M","T","M","M","?","R","?","R","BOSS","M","$","M","?","?","R","?","M","T","?","?"],"build_version":"2018-05-01","seed_source_timestamp":1388235146457720,"purchased_purges":0,"victory":false,"master_deck":["Strike_B","Strike_B","Strike_B","Defend_B","Defend_B","Defend_B+1","Defend_B","Zap","Dualcast+1","Conserve Battery","Scrape","Static Discharge","Gash","Static Discharge","Ball Lightning","Reprieve","Beam Cell","Buffer","Buffer","Redo","Doom and Gloom","FTL","Melter","Aggregate","Ball Lightning","Turbo"],"max_hp_per_floor":[89,89,89,89,89,89,89,89,89,89,89,89,89,89,89,89,89,89,89,89,89,89,89,89,89,99,99,99],"relics":["Cracked Core","Dream Catcher","Bag of Marbles","White Beast Statue","DataDisk","Pear"],"card_choices":[{"not_picked":["Reinforced Body","Go for the Eyes"],"picked":"Conserve Battery","floor":1},{"not_picked":["Turbo","Sweeping Beam"],"picked":"Scrape","floor":2},{"not_picked":["Go for the Eyes","Auto Shields"],"picked":"Static Discharge","floor":4},{"not_picked":["Steam Power","Coolheaded"],"picked":"Ball Lightning","floor":7},{"not_picked":["Streamline","Rebound"],"picked":"Reprieve","floor":8},{"not_picked":["Axe Kick","Impulse"],"picked":"Beam Cell","floor":10},{"not_picked":["Reprogram","Turbo"],"picked":"Buffer","floor":11},{"not_picked":["Coolheaded","Sweeping Beam"],"picked":"Buffer","floor":15},{"not_picked":["Hyperbeam","Seek"],"picked":"Redo","floor":16},{"not_picked":["Skim","Streamline"],"picked":"Doom and Gloom","floor":18},{"not_picked":["Leap","Reinforced Body"],"picked":"FTL","floor":20},{"not_picked":["Skim","Hologram"],"picked":"Melter","floor":22},{"not_picked":["Hologram","Cold Snap"],"picked":"Aggregate","floor":23},{"not_picked":["Impulse","Skim"],"picked":"Turbo","floor":25}],"player_experience":109058,"potions_floor_usage":[2,7,10,20,22,22,28],"damage_taken":[{"damage":0,"enemies":"Cultist","floor":1,"turns":4},{"damage":5,"enemies":"Small Slimes","floor":2,"turns":4},{"damage":0,"enemies":"2 Louse","floor":4,"turns":2},{"damage":14,"enemies":"Blue Slaver","floor":7,"turns":4},{"damage":21,"enemies":"Gremlin Gang","floor":8,"turns":3},{"damage":8,"enemies":"2 Fungi Beasts","floor":10,"turns":3},{"damage":0,"enemies":"Looter","floor":11,"turns":2},{"damage":48,"enemies":"Slime Boss","floor":16,"turns":9},{"damage":13,"enemies":"3 Byrds","floor":18,"turns":3},{"damage":25,"enemies":"Shell Parasite","floor":20,"turns":5},{"damage":28,"enemies":"Snake Plant","floor":22,"turns":5},{"damage":46,"enemies":"Centurion and Healer","floor":25,"turns":5},{"damage":13,"enemies":"Sentry and Sphere","floor":28,"turns":3}],"event_choices":[{"event_name":"Shining Light","player_choice":"Entered Light","floor":3,"damage_taken":0},{"event_name":"Big Fish","player_choice":"Banana","floor":12,"damage_taken":0},{"event_name":"Scrap Ooze","player_choice":"success","floor":14,"damage_taken":7},{"event_name":"Addict","player_choice":"Ignored","floor":21,"damage_taken":0},{"event_name":"Transmorgrifier","player_choice":"Transform","floor":24,"damage_taken":0},{"event_name":"Drug Dealer","player_choice":"Ignored","floor":27,"damage_taken":0}],"boss_relics":[{"not_picked":["Philosopher\u0027s Stone","Sozu"],"picked":"White Beast Statue"}],"potions_floor_spawned":[1,4,8,11,18,20,22,25],"seed_played":"-5772633448267615930","killed_by":"Sentry and Sphere","ascension_level":0,"is_trial":false}