{"gold_per_floor":[117,136,136,86,100,133,133,196,196,196],"floor_reached":10,"playtime":325,"items_purged":[],"score":87,"play_id":"d61f192f-642b-44b1-a2f0-44a3358aabd8","local_time":"20180905154540","is_ascension_mode":true,"campfire_choices":[{"data":"Steam Power","floor":7,"key":"SMITH"}],"neow_cost":"","seed_source_timestamp":782294665368363,"circlet_count":0,"master_deck":["Strike_B","Strike_B","Strike_B","Defend_B","Defend_B","Defend_B","Defend_B","Zap","Dualcast","Beam Cell","Lockon","Steam Power+1","Defragment"],"relics":["Cracked Core","Question Card","Tiny Chest","Pear"],"potions_floor_usage":[5,5,6,8],"damage_taken":[{"damage":5,"enemies":"Small Slimes","floor":1,"turns":3},{"damage":1,"enemies":"Cultist","floor":2,"turns":3},{"damage":2,"enemies":"Jaw Worm","floor":5,"turns":2},{"damage":24,"enemies":"Gremlin Nob","floor":6,"turns":4},{"damage":46,"enemies":"Lagavulin","floor":8,"turns":6},{"damage":14,"enemies":"3 Louse","floor":10,"turns":1}],"seed_played":"4770186615820339382","potions_obtained":[{"floor":3,"key":"Fire Potion"},{"floor":3,"key":"PowerPotion"},{"floor":3,"key":"SpeedPotion"},{"floor":6,"key":"Energy Potion"},{"floor":8,"key":"FearPotion"}],"is_trial":false,"path_per_floor":["M","M","?","?","M","E","R","E","T"],"character_chosen":"DEFECT","items_purchased":[],"campfire_rested":0,"item_purchase_floors":[],"current_hp_per_floor":[70,69,69,69,74,50,50,4,14,0],"gold":196,"neow_bonus":"","is_prod":false,"is_daily":false,"chose_seed":false,"campfire_upgraded":1,"win_rate":0,"timestamp":1536176740,"path_taken":["M","M","?","?","M","E","R","E","T","M"],"build_version":"2018-09-04-v2","purchased_purges":0,"victory":false,"max_hp_per_floor":[75,75,75,75,75,75,75,75,85,85],"card_choices":[{"not_picked":["Coolheaded","Lockon"],"picked":"Beam Cell","floor":1},{"not_picked":["Conserve Battery","Coolheaded"],"picked":"Lockon","floor":2},{"not_picked":["Undo","Conserve Battery","Compile Driver"],"picked":"SKIP","floor":5},{"not_picked":["Steam","Recycle"],"picked":"Steam Power","floor":6},{"not_picked":["Hologram","Force Field","Redo"],"picked":"Defragment","floor":8}],"player_experience":573829,"relics_obtained":[{"floor":6,"key":"Question Card"},{"floor":8,"key":"Tiny Chest"},{"floor":9,"key":"Pear"}],"event_choices":[{"event_name":"The Lab","player_choice":"Got Potions","floor":3,"damage_taken":0},{"event_name":"The Cleric","player_choice":"Card Removal","floor":4,"damage_taken":0}],"is_beta":true,"boss_relics":[],"items_purged_floors":[],"is_endless":false,"potions_floor_spawned":[6,8],"killed_by":"3 Louse","ascension_level":3}