{"path_per_floor":["?","?","?","?","?","?","?","?","?","?","?","?","?","?","?","B",null,"?","?","?","?"],"character_chosen":"IRONCLAD","items_purchased":[],"gold_per_floor":[114,129,144,159,174,174,204,164,239,239,269,284,299,349,349,449,449,464,479,479,494],"floor_reached":22,"campfire_rested":0,"playtime":1138,"current_hp_per_floor":[80,80,77,73,75,75,75,75,75,75,61,58,52,52,52,72,80,55,51,51,41],"items_purged":[],"gold":494,"score":190,"play_id":"97da9723-3b01-4037-ae33-4c3dd88594e7","local_time":"20180302121012","daily_mods":[{"name":"Diverse","description":"Start with 2 cards from another class.","modID":"Diverse","img":{"data":{"file":{"file":{"path":"images\\ui\\run_mods\\diverse.png"},"type":"Internal"},"width":64,"height":64,"format":"RGBA8888","useMipMaps":false,"isPrepared":false},"glTarget":3553,"glHandle":685,"minFilter":"Linear","magFilter":"Linear","uWrap":"ClampToEdge","vWrap":"ClampToEdge"},"positive":true},{"name":"Uncertain Future","description":"The map shows only ?.","modID":"Uncertain Future","img":{"data":{"file":{"file":{"path":"images\\ui\\run_mods\\uncertain_future.png"},"type":"Internal"},"width":64,"height":64,"format":"RGBA8888","useMipMaps":false,"isPrepared":false},"glTarget":3553,"glHandle":679,"minFilter":"Linear","magFilter":"Linear","uWrap":"ClampToEdge","vWrap":"ClampToEdge"},"positive":false},{"name":"Binary","description":"Card rewards contain only 2 cards.","modID":"Binary","img":{"data":{"file":{"file":{"path":"images\\ui\\run_mods\\binary.png"},"type":"Internal"},"width":64,"height":64,"format":"RGBA8888","useMipMaps":false,"isPrepared":false},"glTarget":3553,"glHandle":680,"minFilter":"Linear","magFilter":"Linear","uWrap":"ClampToEdge","vWrap":"ClampToEdge"},"positive":false},{"name":"Vintage","description":"The Merchant\u0027s prices are increased by 25%.","modID":"Vintage","img":{"data":{"file":{"file":{"path":"images\\ui\\run_mods\\vintage.png"},"type":"Internal"},"width":64,"height":64,"format":"RGBA8888","useMipMaps":false,"isPrepared":false},"glTarget":3553,"glHandle":677,"minFilter":"Linear","magFilter":"Linear","uWrap":"ClampToEdge","vWrap":"ClampToEdge"},"positive":false}],"is_prod":false,"is_daily":true,"is_ascension_mode":false,"campfire_upgraded":3,"timestamp":1520010612,"path_taken":["?","?","?","?","?","?","?","?","?","?","?","?","?","?","?","BOSS","?","?","?","?","?"],"build_version":"2018-03-01-PROD1","purchased_purges":0,"victory":false,"master_deck":["Strike_R","Strike_R","Strike_R","Strike_R","Strike_R","Defend_R","Defend_R","Defend_R","Defend_R","Bash","Bouncing Flask+1","Bouncing Flask+1","Clash","Battle Trance","Sentinel","Spot Weakness+1","Shockwave","Regret","Wild Strike","Sword Boomerang","Heavy Blade","Limit Break","Perfected Strike+1","Power Through","Spot Weakness","Disarm+1"],"max_hp_per_floor":[80,80,80,80,80,80,80,80,80,80,80,80,80,80,80,80,80,80,80,80,80],"relics":["Burning Blood","Tiny Chest","Gremlin Horn","Pantograph","Regal Pillow","Question Card"],"card_choices":[{"not_picked":["Warcry"],"picked":"Clash"},{"not_picked":["Body Slam"],"picked":"Battle Trance"},{"not_picked":["Body Slam"],"picked":"Sentinel"},{"not_picked":["Battle Trance"],"picked":"Spot Weakness"},{"not_picked":["Clothesline"],"picked":"Shockwave"},{"not_picked":["Shrug It Off"],"picked":"Wild Strike"},{"not_picked":["Feel No Pain"],"picked":"Sword Boomerang"},{"not_picked":["Iron Wave"],"picked":"Heavy Blade"},{"not_picked":["Impervious"],"picked":"Limit Break"},{"not_picked":["Cleave","Twin Strike"],"picked":"Perfected Strike"},{"not_picked":["Headbutt","Armaments"],"picked":"Power Through"},{"not_picked":["Perfected Strike","Anger"],"picked":"Disarm"}],"player_experience":213494,"potions_floor_usage":[5,5,5,11,11,12,18,19,21,22],"damage_taken":[{"damage":1,"enemies":"Cultist","floor":1,"turns":3},{"damage":1,"enemies":"Jaw Worm","floor":2,"turns":3},{"damage":9,"enemies":"Small Slimes","floor":3,"turns":3},{"damage":10,"enemies":"2 Fungi Beasts","floor":4,"turns":3},{"damage":4,"enemies":"Red Slaver","floor":5,"turns":3},{"damage":31,"enemies":"Gremlin Nob","floor":11,"turns":4},{"damage":9,"enemies":"Looter","floor":12,"turns":4},{"damage":12,"enemies":"Blue Slaver","floor":13,"turns":3},{"damage":11,"enemies":"Slime Boss","floor":16,"turns":5},{"damage":31,"enemies":"3 Byrds","floor":18,"turns":6},{"damage":10,"enemies":"Chosen","floor":19,"turns":4},{"damage":16,"enemies":"Snecko","floor":21,"turns":4},{"damage":44,"enemies":"Cultist and Chosen","floor":22,"turns":5}],"event_choices":[{"event_name":"Big Fish","player_choice":"Box","floor":7,"damage_taken":0},{"event_name":"The Woman in Blue","player_choice":"Bought 3 Potions","floor":8,"damage_taken":0},{"event_name":"The Library","player_choice":"Read","floor":20,"damage_taken":0}],"boss_relics":[{"not_picked":["Cursed Key","Velvet Choker"],"picked":"Question Card"}],"potions_floor_spawned":[2,3,4,11,16,19,21],"seed_played":"-4064848218327866266","killed_by":"Cultist and Chosen","ascension_level":0,"is_trial":false}