{"gold_per_floor":[10,22,36,48,0,28,28,28,52,77,77,88,88,118,118,221,221,236,252,252],"floor_reached":20,"playtime":1072,"items_purged":[],"score":204,"play_id":"b6ba5b63-f2ad-4a07-bedd-d4bedcb492d4","local_time":"20180714041604","is_ascension_mode":true,"campfire_choices":[{"floor":7,"key":"REST"},{"data":"Strike_B","floor":11,"key":"PURGE"},{"floor":13,"key":"REST"},{"floor":15,"key":"REST"}],"neow_cost":"NO_GOLD","seed_source_timestamp":434587649219314,"circlet_count":0,"master_deck":["Strike_B+1","Strike_B","Strike_B+1","Defend_B","Defend_B","Defend_B","Defend_B","Zap","Dualcast","Consume","Consume","Chill","Redo","Beam Cell","Melter","Loop","FTL","Thunder Strike","Decay","Writhe","Writhe","Redo+1","Rebound","Gash","Go for the Eyes"],"relics":["Cracked Core","Peace Pipe","Whetstone","Art of War","Happy Flower","Matryoshka","Calling Bell","Bag of Preparation","Shuriken","Prayer Wheel"],"potions_floor_usage":[6,10,16,18,20],"damage_taken":[{"damage":0,"enemies":"2 Louse","floor":1,"turns":2},{"damage":20,"enemies":"Jaw Worm","floor":2,"turns":4},{"damage":7,"enemies":"Small Slimes","floor":3,"turns":4},{"damage":15,"enemies":"Blue Slaver","floor":4,"turns":3},{"damage":21,"enemies":"3 Sentries","floor":6,"turns":7},{"damage":25,"enemies":"Gremlin Nob","floor":10,"turns":5},{"damage":5,"enemies":"Lots of Slimes","floor":12,"turns":4},{"damage":22,"enemies":"3 Sentries","floor":14,"turns":7},{"damage":33,"enemies":"Slime Boss","floor":16,"turns":10},{"damage":11,"enemies":"Shell Parasite","floor":18,"turns":4},{"damage":48,"enemies":"2 Thieves","floor":19,"turns":4},{"damage":19,"enemies":"Snake Plant","floor":20,"turns":3}],"seed_played":"930977250346726960","potions_obtained":[{"floor":2,"key":"FearPotion"},{"floor":3,"key":"Explosive Potion"},{"floor":14,"key":"SteroidPotion"},{"floor":16,"key":"Explosive Potion"},{"floor":19,"key":"EssenceOfSteel"}],"is_trial":false,"path_per_floor":["M","M","M","M","?","E","R","?","T","E","R","M","R","E","R","B",null,"M","M"],"character_chosen":"DEFECT","items_purchased":[],"campfire_rested":3,"item_purchase_floors":[],"current_hp_per_floor":[75,55,48,33,33,12,34,75,75,50,50,45,67,45,67,34,75,64,16,0],"gold":252,"neow_bonus":"ONE_RARE_RELIC","is_prod":false,"is_daily":false,"chose_seed":false,"campfire_upgraded":0,"win_rate":0,"timestamp":1531556164,"path_taken":["M","M","M","M","?","E","R","?","T","E","R","?","R","E","R","BOSS","M","M","M"],"build_version":"2018-07-12","purchased_purges":0,"victory":false,"max_hp_per_floor":[75,75,75,75,75,75,75,75,75,75,75,75,75,75,75,75,75,75,75,75],"card_choices":[{"not_picked":["Coolheaded","Blizzard"],"picked":"Consume","floor":1},{"not_picked":["Steam","Beam Cell"],"picked":"Consume","floor":2},{"not_picked":["Turbo","Steam"],"picked":"Chill","floor":3},{"not_picked":["Storm","Turbo"],"picked":"Redo","floor":4},{"not_picked":["Coolheaded","Biased Cognition"],"picked":"Beam Cell","floor":6},{"not_picked":["Stack","Heatsinks"],"picked":"Melter","floor":10},{"not_picked":["Gash","Sweeping Beam"],"picked":"Loop","floor":12},{"not_picked":["Compile Driver","Fusion"],"picked":"FTL","floor":14},{"not_picked":["Machine Learning","Core Surge"],"picked":"Thunder Strike","floor":16},{"not_picked":["Ball Lightning","Streamline"],"picked":"Redo+1","floor":18},{"not_picked":["Double Energy","Cold Snap"],"picked":"Rebound","floor":18},{"not_picked":["Barrage","Defragment"],"picked":"Gash","floor":19},{"not_picked":["Hologram","Beam Cell"],"picked":"Go for the Eyes","floor":19}],"player_experience":418463,"relics_obtained":[{"floor":6,"key":"Whetstone"},{"floor":9,"key":"Art of War"},{"floor":10,"key":"Happy Flower"},{"floor":14,"key":"Matryoshka"},{"floor":17,"key":"Bag of Preparation"},{"floor":17,"key":"Shuriken"},{"floor":17,"key":"Prayer Wheel"}],"event_choices":[{"event_name":"World of Goop","player_choice":"Left","floor":5,"damage_taken":0},{"event_name":"Wheel of Change","player_choice":"Full Heal","floor":8,"damage_taken":0}],"boss_relics":[{"not_picked":["FrozenCore","Black Star"],"picked":"Calling Bell"}],"items_purged_floors":[],"is_endless":false,"potions_floor_spawned":[2,3,14,16,19],"killed_by":"Snake Plant","ascension_level":1}