{"gold_per_floor":[110,110,126,126,126,166,166,199,225,225,300,300,23,37,37,163,163,177,102],"floor_reached":19,"playtime":761,"items_purged":[],"score":190,"play_id":"743a7172-3937-4c07-9f20-5aaee394eee6","local_time":"20180829072546","is_ascension_mode":true,"campfire_choices":[{"floor":7,"key":"REST"},{"floor":10,"key":"REST"},{"floor":12,"key":"REST"},{"floor":15,"key":"REST"}],"neow_cost":"","seed_source_timestamp":147063918146230,"circlet_count":0,"master_deck":["Strike_B","Strike_B","Strike_B","Strike_B","Defend_B","Defend_B","Defend_B","Defend_B","Zap","Dualcast","Storm","Buffer","Zap","Coolheaded","Injury","Leap","Reprogram","Defragment","Loop","Echo Form","Stack","Conserve Battery","Ball Lightning","Undo","Redo","Streamline+1"],"relics":["Cracked Core","Golden Idol","Blood Vial","Letter Opener","Ancient Tea Set","Strange Spoon","Orrery"],"potions_floor_usage":[8,16,16],"damage_taken":[{"damage":1,"enemies":"Cultist","floor":1,"turns":3},{"damage":2,"enemies":"Jaw Worm","floor":3,"turns":3},{"damage":39,"enemies":"3 Sentries","floor":6,"turns":9},{"damage":50,"enemies":"Gremlin Nob","floor":8,"turns":5},{"damage":5,"enemies":"Small Slimes","floor":14,"turns":2},{"damage":46,"enemies":"Hexaghost","floor":16,"turns":11},{"damage":43,"enemies":"Spheric Guardian","floor":18,"turns":6},{"damage":42,"enemies":"2 Thieves","floor":19,"turns":3}],"seed_played":"1622527212941417131","potions_obtained":[{"floor":6,"key":"GamblersBrew"},{"floor":8,"key":"Poison Potion"},{"floor":14,"key":"Strength Potion"}],"is_trial":false,"path_per_floor":["M","?","M","?","?","E","R","E","T","R","?","R","$","M","R","B",null,"M"],"character_chosen":"DEFECT","items_purchased":["Strange Spoon","Defragment"],"campfire_rested":4,"item_purchase_floors":[13,13],"current_hp_per_floor":[74,74,72,77,77,38,62,14,14,38,27,51,51,48,72,28,80,37,0],"gold":102,"neow_bonus":"","is_prod":false,"is_daily":false,"chose_seed":false,"campfire_upgraded":0,"win_rate":0,"timestamp":1535541946,"path_taken":["M","?","M","?","?","E","R","E","T","R","?","R","$","M","R","BOSS","M","M"],"build_version":"2018-08-28","purchased_purges":0,"victory":false,"max_hp_per_floor":[75,75,75,80,80,80,80,80,80,80,80,80,80,80,80,80,80,80,80],"card_choices":[{"not_picked":["Go for the Eyes","Hello World"],"picked":"Storm","floor":1},{"not_picked":["Go for the Eyes","Sweeping Beam"],"picked":"Coolheaded","floor":3},{"not_picked":["Go for the Eyes","Steam"],"picked":"Leap","floor":6},{"not_picked":["Barrage","Beam Cell"],"picked":"Reprogram","floor":8},{"not_picked":["Sweeping Beam","Go for the Eyes"],"picked":"Loop","floor":14},{"not_picked":["Core Surge","Seek"],"picked":"Echo Form","floor":16},{"not_picked":["Go for the Eyes","Sweeping Beam"],"picked":"Stack","floor":17},{"not_picked":["Coolheaded","Sweeping Beam"],"picked":"Conserve Battery","floor":17},{"not_picked":["Barrage","Leap"],"picked":"Ball Lightning","floor":17},{"not_picked":["Steam","Skim"],"picked":"Undo","floor":17},{"not_picked":["Heatsinks","Ball Lightning"],"picked":"Redo","floor":17},{"not_picked":["Coolheaded","Redo"],"picked":"Streamline+1","floor":18}],"player_experience":534486,"relics_obtained":[{"floor":6,"key":"Blood Vial"},{"floor":8,"key":"Letter Opener"},{"floor":9,"key":"Ancient Tea Set"}],"event_choices":[{"event_name":"Match and Keep!","player_choice":"2 cards matched","floor":2,"damage_taken":0},{"event_name":"Big Fish","player_choice":"Donut","floor":4,"damage_taken":0},{"event_name":"Golden Idol","player_choice":"Take Wound","floor":5,"damage_taken":0},{"event_name":"World of Goop","player_choice":"Gather Gold","floor":11,"damage_taken":0}],"is_beta":true,"boss_relics":[{"not_picked":["Busted Crown","Tiny House"],"picked":"Orrery"}],"items_purged_floors":[],"is_endless":false,"potions_floor_spawned":[6,8,14],"killed_by":"2 Thieves","ascension_level":2}