{"path_per_floor":["M","?","?","?","$","E","R","E","T","R","M","M","M","M","R","B",null,"M","M","?","M","M","E","?","R","T","M","$","?","M","$","R","B",null,"M","M","M","M","?","E","M","R","T","$","M","M","$","?","R","B"],"character_chosen":"IRONCLAD","items_purchased":["Fire Potion","Feed","Mind Blast","Paper Frog","Fire Potion","Secret Technique","Bandage Up","Deep Breath"],"gold_per_floor":[114,64,64,64,14,44,44,74,74,74,89,104,119,134,134,234,234,249,264,264,279,294,324,324,324,324,339,109,359,374,74,74,174,174,189,204,219,234,234,264,279,279,279,52,67,82,12,12,12,12],"floor_reached":51,"campfire_rested":4,"playtime":2253,"current_hp_per_floor":[80,80,86,69,69,54,79,77,83,83,83,83,83,81,81,89,98,85,82,82,84,60,64,64,64,64,64,64,64,63,63,95,102,117,116,109,105,65,65,62,61,96,102,102,100,99,99,99,123,108],"items_purged":[],"gold":12,"score":936,"play_id":"d0b60212-c455-47b4-8081-b0c4b937b163","local_time":"20180313222849","daily_mods":["Diverse","Cursed Run","Vintage"],"is_prod":false,"is_daily":true,"is_ascension_mode":false,"campfire_upgraded":0,"timestamp":1520994529,"path_taken":["M","?","?","?","?","E","R","E","T","R","M","M","?","M","R","BOSS","M","M","?","?","M","E","?","R","T","M","$","?","M","$","R","BOSS","M","M","M","M","?","E","M","R","T","$","M","M","$","?","R","BOSS"],"build_version":"2018-03-09","purchased_purges":0,"victory":true,"master_deck":["Strike_R","Strike_R+1","Defend_R+1","Defend_R+1","Bash+1","Poisoned Stab","Blur+1","Regret","Heavy Blade","Clothesline","Clumsy","Regret","Limit Break+1","Immolate+1","Evolve+1","Rupture+1","Pommel Strike+1","Feed","Mind Blast+1","Decay","Exhume+1","Flex+1","Pommel Strike+1","Flex+1","Cleave","Cleave","Flex+1","Decay","Havoc+1","Secret Technique+1","Bandage Up+1","Deep Breath+1","Blood for Blood","Pain"],"max_hp_per_floor":[80,80,86,86,86,86,86,86,92,92,92,92,92,92,92,98,98,98,98,98,108,108,108,108,108,108,108,108,108,108,108,108,117,117,117,117,117,117,117,117,117,117,123,123,123,123,123,123,123,132],"relics":["Cursed Key","Darkstone Periapt","Du-Vu Doll","Toxic Egg 2","Oddly Smooth Stone","Champion Belt","Shovel","Anchor","Blue Candle","Prayer Wheel","Toolbox","Kunai","Mercury Hourglass","Girya","Pen Nib","Astrolabe","Omamori","Meat on the Bone","Pear","War Paint","Charon\u0027s Ashes","Thread and Needle","Bottled Tornado","Vajra","Matryoshka","Paper Frog","Sundial","Orrery","Shuriken","Whetstone","Ice Cream","Mummified Hand","The Courier","Gambling Chip","Juzu Bracelet","Dead Branch","Bottled Flame","Frozen Egg 2"],"card_choices":[{"not_picked":["Pommel Strike","Sever Soul"],"picked":"Heavy Blade"},{"not_picked":["Warcry","Armaments"],"picked":"Clothesline"},{"not_picked":["Exhume","Juggernaut"],"picked":"Limit Break"},{"not_picked":["Dual Wield","Sword Boomerang"],"picked":"Pommel Strike"},{"not_picked":["Body Slam","Warcry"],"picked":"Headbutt"},{"not_picked":["Dark Embrace","Juggernaut"],"picked":"Exhume"},{"not_picked":["Pommel Strike","Warcry"],"picked":"Flex"},{"not_picked":["Evolve","Disarm"],"picked":"Pommel Strike"},{"not_picked":["Rage","Searing Blow"],"picked":"Flex"},{"not_picked":["Clothesline","Twin Strike"],"picked":"Cleave"},{"not_picked":["Entrench","Body Slam"],"picked":"Cleave"},{"not_picked":["Anger","Body Slam"],"picked":"Flex"},{"not_picked":["Clothesline","Anger"],"picked":"Havoc"}],"player_experience":420355,"potions_floor_usage":[8,8,13,16,21,23,30,33,33,33,35,45,50,50],"damage_taken":[{"damage":0,"enemies":"2 Louse","floor":1,"turns":2},{"damage":15,"enemies":"3 Sentries","floor":6,"turns":9},{"damage":2,"enemies":"Gremlin Nob","floor":8,"turns":2},{"damage":0,"enemies":"Small Slimes","floor":11,"turns":2},{"damage":0,"enemies":"Jaw Worm","floor":12,"turns":2},{"damage":0,"enemies":"Looter","floor":13,"turns":3},{"damage":2,"enemies":"Large Slime","floor":14,"turns":4},{"damage":10,"enemies":"Slime Boss","floor":16,"turns":9},{"damage":13,"enemies":"3 Byrds","floor":18,"turns":3},{"damage":3,"enemies":"Spheric Guardian","floor":19,"turns":3},{"damage":8,"enemies":"Centurion and Healer","floor":21,"turns":4},{"damage":24,"enemies":"Sentry and Sphere","floor":22,"turns":4},{"damage":8,"enemies":"Slavers","floor":23,"turns":3},{"damage":0,"enemies":"Snecko","floor":27,"turns":2},{"damage":1,"enemies":"Snake Plant","floor":30,"turns":3},{"damage":2,"enemies":"Automaton","floor":33,"turns":6},{"damage":1,"enemies":"Orb Walker","floor":35,"turns":2},{"damage":7,"enemies":"3 Shapes","floor":36,"turns":2},{"damage":4,"enemies":"3 Darklings","floor":37,"turns":3},{"damage":40,"enemies":"Maw","floor":38,"turns":5},{"damage":3,"enemies":"Giant Head","floor":40,"turns":4},{"damage":1,"enemies":"4 Shapes","floor":41,"turns":3},{"damage":2,"enemies":"3 Darklings","floor":45,"turns":1},{"damage":1,"enemies":"Sphere and 2 Shapes","floor":46,"turns":1},{"damage":44,"enemies":"Awakened One","floor":50,"turns":7}],"event_choices":[{"event_name":"The Cleric","player_choice":"Card Removal","floor":2,"damage_taken":0},{"event_name":"Big Fish","player_choice":"Box","floor":3,"damage_taken":0},{"event_name":"Shining Light","player_choice":"Entered Light","floor":4,"damage_taken":0},{"event_name":"The Lab","player_choice":"Got Potions","floor":20,"damage_taken":0},{"event_name":"Accursed Blacksmith","player_choice":"Rummage","floor":24,"damage_taken":0},{"event_name":"Golden Shrine","player_choice":"Desecrate","floor":29,"damage_taken":0},{"event_name":"Purifier","player_choice":"One Purge","floor":39,"damage_taken":0},{"event_name":"Transmorgrifier","player_choice":"Transform","floor":48,"damage_taken":0}],"boss_relics":[{"not_picked":["Runic Dome","Sozu"],"picked":"Astrolabe"},{"not_picked":["Tiny House","Black Star"],"picked":"Orrery"}],"potions_floor_spawned":[1,8,13,19,23,30,33,38,40,41,45],"seed_played":"2308081983426786839","ascension_level":0,"is_trial":false}