{"gold_per_floor":[110,110,110,129,14,14,41,41,68,18,47,222,234,294,294,391,391,408,424,4,4,4,34,34,61,134,144,173,173,173,190,190,190],"floor_reached":33,"playtime":895,"items_purged":[],"score":451,"play_id":"fc63df9c-c7ce-4fe5-ab6d-20ec09a9a2e3","local_time":"20190506052411","is_ascension_mode":true,"campfire_choices":[{"data":"Sunder","floor":6,"key":"SMITH"},{"data":"Static Discharge","floor":8,"key":"SMITH"},{"floor":15,"key":"REST"},{"data":"Panache","floor":24,"key":"SMITH"},{"floor":29,"key":"REST"},{"floor":32,"key":"REST"}],"neow_cost":"NONE","seed_source_timestamp":1669587125526700,"circlet_count":0,"master_deck":["Defend_B","Defend_B","Defend_B","Defend_B","Zap","Dualcast","Lockon","Ball Lightning","Sunder+1","Static Discharge+1","Storm","Gash","Loop","Buffer","Rebound+1","Go for the Eyes","Panache+1","Beam Cell","Bite","Bite","Bite","Bite","Bite","Sunder+1","Hologram+1","Capacitor","Rip and Tear+1","RitualDagger","Chill+1"],"relics":["Cracked Core","NeowsBlessing","Bottled Tornado","Lantern","Omamori","PreservedInsect","Snecko Eye","ClockworkSouvenir","Toxic Egg 2","Matryoshka","Centennial Puzzle","Pear","Thread and Needle"],"potions_floor_usage":[11,14,23,23,25,27,31],"damage_taken":[{"damage":0,"enemies":"2 Louse","floor":1,"turns":1},{"damage":0,"enemies":"Cultist","floor":4,"turns":1},{"damage":0,"enemies":"3 Sentries","floor":7,"turns":1},{"damage":18,"enemies":"Gremlin Nob","floor":11,"turns":3},{"damage":7,"enemies":"Jaw Worm","floor":13,"turns":2},{"damage":15,"enemies":"3 Sentries","floor":14,"turns":3},{"damage":50,"enemies":"Slime Boss","floor":16,"turns":7},{"damage":5,"enemies":"3 Byrds","floor":18,"turns":2},{"damage":6,"enemies":"Chosen","floor":19,"turns":3},{"damage":26,"enemies":"Book of Stabbing","floor":23,"turns":4},{"damage":25,"enemies":"Gremlin Leader","floor":25,"turns":5},{"damage":0,"enemies":"Snecko","floor":27,"turns":3},{"damage":26,"enemies":"Book of Stabbing","floor":28,"turns":2},{"damage":16,"enemies":"Sentry and Sphere","floor":31,"turns":4},{"damage":102,"enemies":"Collector","floor":33,"turns":6}],"seed_played":"-1403830378781726688","potions_obtained":[{"floor":1,"key":"Ancient Potion"},{"floor":4,"key":"SpeedPotion"},{"floor":7,"key":"Swift Potion"},{"floor":11,"key":"SpeedPotion"},{"floor":16,"key":"SpeedPotion"},{"floor":25,"key":"Strength Potion"},{"floor":28,"key":"Regen Potion"},{"floor":31,"key":"SmokeBomb"}],"is_trial":false,"path_per_floor":["M","?","?","M","$","R","E","R","T","?","E","?","M","?","R","B",null,"M","M","$","?","?","E","R","E","T","M","E","R","?","M","R","B"],"character_chosen":"DEFECT","items_purchased":["Sunder","Static Discharge","ClockworkSouvenir","Panache","Beam Cell"],"campfire_rested":3,"item_purchase_floors":[5,5,20,20,20],"current_hp_per_floor":[75,72,75,75,75,75,75,75,75,75,57,57,52,39,61,13,75,70,66,66,66,85,63,63,46,56,56,30,58,52,47,75,0],"gold":190,"neow_bonus":"THREE_ENEMY_KILL","is_prod":false,"is_daily":false,"chose_seed":false,"campfire_upgraded":3,"win_rate":0,"timestamp":1557134651,"path_taken":["M","?","?","?","$","R","E","R","T","?","E","?","M","?","R","BOSS","M","M","$","?","?","E","R","E","T","?","E","R","?","M","R","BOSS"],"build_version":"2019-04-23","purchased_purges":0,"victory":false,"max_hp_per_floor":[75,75,75,75,75,75,75,75,75,75,75,75,75,75,75,75,75,75,75,75,75,85,85,85,85,95,95,95,95,95,95,95,95],"card_choices":[{"not_picked":["Barrage","Heatsinks"],"picked":"Lockon","floor":1},{"not_picked":["Hologram","Rebound"],"picked":"Ball Lightning","floor":4},{"not_picked":["Rebound","Capacitor"],"picked":"Storm","floor":7},{"not_picked":["Steam","Hologram"],"picked":"Gash","floor":11},{"not_picked":["Hologram","Rebound"],"picked":"Loop","floor":13},{"not_picked":["Cold Snap","Reinforced Body"],"picked":"Buffer","floor":14},{"not_picked":["Seek","Creative AI"],"picked":"Thunder Strike","floor":16},{"not_picked":["Melter","Steam"],"picked":"Rebound+1","floor":18},{"not_picked":["Coolheaded","Auto Shields"],"picked":"Go for the Eyes","floor":19},{"not_picked":["Coolheaded","BootSequence"],"picked":"Sunder+1","floor":23},{"not_picked":["Beam Cell","Redo+1"],"picked":"Hologram+1","floor":25},{"not_picked":["Turbo+1","Hologram+1"],"picked":"Capacitor","floor":27},{"not_picked":["Cold Snap","Sweeping Beam"],"picked":"Rip and Tear+1","floor":28},{"not_picked":["Barrage+1","Leap+1"],"picked":"Chill+1","floor":31}],"player_experience":850372,"relics_obtained":[{"floor":7,"key":"Bottled Tornado"},{"floor":9,"key":"Lantern"},{"floor":11,"key":"Omamori"},{"floor":14,"key":"PreservedInsect"},{"floor":23,"key":"Toxic Egg 2"},{"floor":25,"key":"Matryoshka"},{"floor":26,"key":"Centennial Puzzle"},{"floor":26,"key":"Pear"},{"floor":28,"key":"Thread and Needle"}],"event_choices":[{"damage_healed":0,"gold_gain":0,"player_choice":"Success","damage_taken":3,"relics_obtained":["Blood Vial"],"max_hp_gain":0,"max_hp_loss":0,"event_name":"Scrap Ooze","floor":2,"gold_loss":0},{"damage_healed":3,"gold_gain":0,"player_choice":"Full Heal","damage_taken":0,"max_hp_gain":0,"max_hp_loss":0,"event_name":"Wheel of Change","floor":3,"gold_loss":0},{"cards_removed":["Strike_B"],"damage_healed":0,"gold_gain":0,"player_choice":"Card Removal","damage_taken":0,"max_hp_gain":0,"max_hp_loss":0,"event_name":"The Cleric","floor":10,"gold_loss":50},{"damage_healed":0,"gold_gain":175,"player_choice":"AGREE","damage_taken":0,"max_hp_gain":0,"max_hp_loss":0,"event_name":"Liars Game","floor":12,"gold_loss":0,"cards_obtained":["Doubt"]},{"damage_healed":0,"gold_gain":0,"player_choice":"Searched \u00271\u0027 times","damage_taken":0,"max_hp_gain":0,"max_hp_loss":0,"event_name":"Dead Adventurer","floor":14,"gold_loss":0},{"damage_healed":0,"gold_gain":0,"player_choice":"Became a vampire (Vial)","damage_taken":0,"max_hp_gain":0,"max_hp_loss":0,"event_name":"Vampires","floor":21,"relics_lost":["Blood Vial"],"gold_loss":0,"cards_obtained":["Bite","Bite","Bite","Bite","Bite"]},{"cards_removed":["Thunder Strike"],"damage_healed":9,"gold_gain":0,"player_choice":"Offered Rare","damage_taken":0,"max_hp_gain":10,"max_hp_loss":0,"event_name":"Bonfire Elementals","floor":22,"gold_loss":0},{"damage_healed":0,"gold_gain":0,"player_choice":"Joined the Cult","damage_taken":6,"max_hp_gain":0,"max_hp_loss":0,"event_name":"Nest","floor":30,"gold_loss":0,"cards_obtained":["RitualDagger"]}],"is_beta":true,"boss_relics":[{"not_picked":["Busted Crown","Cursed Key"],"picked":"Snecko Eye"}],"items_purged_floors":[],"is_endless":false,"potions_floor_spawned":[1,4,7,11,16,25,28,31],"killed_by":"Collector","ascension_level":4}