{"gold_per_floor":[113,133,133,148,108,108,128,161,161,161,173,191,85,85,85,186,186,175,175],"floor_reached":19,"playtime":1123,"items_purged":[],"score":211,"play_id":"7e53ddaa-a383-45b8-a95c-bcf3b44eec09","local_time":"20180914031447","is_ascension_mode":true,"campfire_choices":[{"floor":6,"key":"REST"},{"floor":10,"key":"REST"},{"floor":15,"key":"REST"}],"neow_cost":"PERCENT_DAMAGE","seed_source_timestamp":603131013590833,"circlet_count":0,"master_deck":["Strike_R","Strike_R","Strike_R","Defend_R","Defend_R","Defend_R","Bash","Feel No Pain","Metallicize","Seeing Red","Flame Barrier","Rampage","Entrench+1","Shockwave+1","Forethought+1","Offering+1","Entrench+1"],"relics":["Burning Blood","Turnip","Toxic Egg 2","The Courier","Black Star"],"potions_floor_usage":[7,7,8,8,16,18],"damage_taken":[{"damage":15,"enemies":"Cultist","floor":1,"turns":5},{"damage":8,"enemies":"Small Slimes","floor":2,"turns":7},{"damage":2,"enemies":"Jaw Worm","floor":4,"turns":5},{"damage":30,"enemies":"Gremlin Gang","floor":7,"turns":5},{"damage":40,"enemies":"Gremlin Nob","floor":8,"turns":5},{"damage":2,"enemies":"Exordium Wildlife","floor":11,"turns":6},{"damage":5,"enemies":"2 Fungi Beasts","floor":12,"turns":5},{"damage":37,"enemies":"The Guardian","floor":16,"turns":15},{"damage":20,"enemies":"2 Thieves","floor":18,"turns":4},{"damage":21,"enemies":"Colosseum Slavers","floor":19,"turns":8},{"damage":42,"enemies":"Colosseum Nobs","floor":19,"turns":3}],"seed_played":"1411380364317854634","potions_obtained":[{"floor":5,"key":"SneckoOil"},{"floor":5,"key":"FearPotion"},{"floor":5,"key":"BloodPotion"},{"floor":7,"key":"Energy Potion"},{"floor":12,"key":"PowerPotion"},{"floor":16,"key":"PowerPotion"}],"is_trial":false,"path_per_floor":["M","M","?","M","?","R","M","E","T","R","M","M","$","?","R","B",null,"M"],"character_chosen":"IRONCLAD","items_purchased":["Forethought+1"],"campfire_rested":3,"item_purchase_floors":[13],"current_hp_per_floor":[47,45,38,42,42,66,50,16,16,40,44,45,45,27,51,20,65,51,0],"gold":175,"neow_bonus":"REMOVE_TWO","is_prod":false,"is_daily":false,"chose_seed":false,"campfire_upgraded":0,"win_rate":0,"timestamp":1536909287,"path_taken":["M","?","?","M","?","R","M","E","T","R","M","M","$","?","R","BOSS","M","?"],"build_version":"2018-09-12","purchased_purges":0,"victory":false,"max_hp_per_floor":[80,80,80,80,80,80,80,80,80,80,80,80,80,80,80,80,80,80,80],"card_choices":[{"not_picked":["Cleave","Pommel Strike"],"picked":"Feel No Pain","floor":1},{"not_picked":["Perfected Strike","Heavy Blade"],"picked":"Metallicize","floor":2},{"not_picked":["Inflame","Pummel"],"picked":"Seeing Red","floor":4},{"not_picked":["Thunderclap","Heavy Blade"],"picked":"Flame Barrier","floor":7},{"not_picked":["Offering","Clash"],"picked":"Rampage","floor":8},{"not_picked":["Clothesline","Pommel Strike"],"picked":"Entrench+1","floor":11},{"not_picked":["Twin Strike","Heavy Blade"],"picked":"Shockwave+1","floor":12},{"not_picked":["Exhume+1","Berserk"],"picked":"Offering+1","floor":16},{"not_picked":["Wild Strike+1","Iron Wave"],"picked":"Entrench+1","floor":18}],"player_experience":662643,"relics_obtained":[{"floor":8,"key":"Turnip"},{"floor":9,"key":"Toxic Egg 2"}],"event_choices":[{"event_name":"Golden Wing","player_choice":"Card Removal","floor":3,"damage_taken":0},{"event_name":"The Woman in Blue","player_choice":"Bought 3 Potions","floor":5,"damage_taken":0},{"event_name":"Scrap Ooze","player_choice":"success","floor":14,"damage_taken":18},{"event_name":"Colosseum","player_choice":"Fight","floor":19,"damage_taken":0},{"event_name":"Colosseum","player_choice":"Fought Nobs","floor":19,"damage_taken":0}],"is_beta":true,"boss_relics":[{"not_picked":["Empty Cage","Philosopher\u0027s Stone"],"picked":"Black Star"}],"items_purged_floors":[],"is_endless":false,"potions_floor_spawned":[7,12,16],"killed_by":"Colosseum Nobs","ascension_level":5}