{"path_per_floor":["M","?","M","?","M","E","?","E","T","?","M","R","$","?","R","B",null,"M","?","?","?","$","E","R","M","T","M","M","?","R","$","R","B",null,"M","$","T","?","M","R","M","?","T"],"character_chosen":"IRONCLAD","items_purchased":["Double Tap","Jack Of All Trades","Sever Soul","Panacea","Spot Weakness"],"gold_per_floor":[113,113,125,125,136,165,165,196,221,221,234,234,0,0,0,103,103,117,117,117,117,39,69,69,87,87,103,116,116,116,9,9,105,105,116,47,74,74,85,85,100,100,100],"floor_reached":44,"campfire_rested":3,"playtime":1896,"current_hp_per_floor":[71,55,58,58,61,57,57,49,49,69,75,75,75,75,75,17,80,46,46,80,64,64,34,58,54,54,54,39,39,63,63,63,36,80,57,57,57,57,53,77,18,18,18],"items_purged":[],"gold":100,"score":407,"play_id":"03f4922b-53cc-4ce5-933b-7d9919b26308","local_time":"20180310010257","is_prod":false,"is_daily":false,"is_ascension_mode":false,"campfire_upgraded":3,"timestamp":1520661777,"path_taken":["M","?","M","?","M","E","?","E","T","?","M","R","?","?","R","BOSS","M","?","?","?","$","E","R","M","T","M","M","?","R","?","R","BOSS","M","$","?","?","M","R","M","?","T","E"],"build_version":"2018-03-01-PROD1","purchased_purges":0,"victory":false,"master_deck":["Strike_R+1","Strike_R","Strike_R","Strike_R","Defend_R","Defend_R+1","Bash","Immolate+1","Inflame","Cleave","Clash","Flex","Parasite","Flex","Double Tap","Jack Of All Trades+1","Bludgeon","Heavy Blade","Necronomicurse","Sever Soul","Offering","Infernal Blade+1","Dual Wield","Sentinel","Decay","Panacea+1","Impervious","Barricade+1","Inflame+1","Disarm+1","Pommel Strike","Spot Weakness","Dramatic Entrance","Flex+1","Carnage"],"max_hp_per_floor":[80,80,80,80,80,80,80,80,80,80,80,80,80,80,80,80,80,80,80,80,80,80,80,80,80,80,80,80,80,80,80,80,80,80,80,80,80,80,80,80,80,80,80],"relics":["Burning Blood","Bronze Scales","Art of War","Frozen Egg 2","Juzu Bracelet","Lizard Tail","Necronomicon","Letter Opener","Dead Branch","Astrolabe","Oddly Smooth Stone","Lantern"],"card_choices":[{"not_picked":["Sever Soul","Uppercut"],"picked":"Inflame"},{"not_picked":["Iron Wave","Havoc"],"picked":"Cleave"},{"not_picked":["Ghostly Armor","Searing Blow"],"picked":"Clash"},{"not_picked":["Havoc","Fire Breathing"],"picked":"Evolve"},{"not_picked":["Entrench","Headbutt"],"picked":"Flex"},{"not_picked":["Rage","Body Slam"],"picked":"Flex"},{"not_picked":["Reaper","Exhume"],"picked":"Bludgeon"},{"not_picked":["Hemokinesis","Headbutt"],"picked":"Heavy Blade"},{"not_picked":["Headbutt","Armaments"],"picked":"Offering"},{"not_picked":["Metallicize","Pommel Strike"],"picked":"Infernal Blade"},{"not_picked":["Whirlwind","Cleave"],"picked":"Dual Wield"},{"not_picked":["Spot Weakness","Warcry"],"picked":"Sentinel"},{"not_picked":["Fiend Fire","Feed"],"picked":"Impervious"},{"not_picked":["Warcry","Blood for Blood"],"picked":"Pommel Strike"},{"not_picked":["Twin Strike","Bloodletting"],"picked":"Flex"},{"not_picked":["Perfected Strike","Body Slam"],"picked":"Carnage"}],"player_experience":382444,"potions_floor_usage":[6,8,11,18,23,28,33,41,41,44],"damage_taken":[{"damage":15,"enemies":"Jaw Worm","floor":1,"turns":4},{"damage":3,"enemies":"2 Louse","floor":3,"turns":3},{"damage":3,"enemies":"Cultist","floor":5,"turns":3},{"damage":10,"enemies":"3 Sentries","floor":6,"turns":5},{"damage":14,"enemies":"Gremlin Nob","floor":8,"turns":3},{"damage":0,"enemies":"Large Slime","floor":11,"turns":3},{"damage":64,"enemies":"The Guardian","floor":16,"turns":13},{"damage":40,"enemies":"Chosen","floor":18,"turns":6},{"damage":36,"enemies":"Gremlin Leader","floor":23,"turns":5},{"damage":10,"enemies":"3 Byrds","floor":25,"turns":3},{"damage":6,"enemies":"Cultist and Chosen","floor":27,"turns":3},{"damage":25,"enemies":"Snake Plant","floor":28,"turns":3},{"damage":73,"enemies":"Collector","floor":33,"turns":5},{"damage":29,"enemies":"3 Shapes","floor":35,"turns":3},{"damage":10,"enemies":"Orb Walker","floor":39,"turns":1},{"damage":73,"enemies":"Sphere and 2 Shapes","floor":41,"turns":5},{"damage":28,"enemies":"Giant Head","floor":44,"turns":5}],"event_choices":[{"event_name":"Shining Light","player_choice":"Entered Light","floor":2,"damage_taken":0},{"event_name":"Big Fish","player_choice":"Box","floor":4,"damage_taken":0},{"event_name":"Fountain of Cleansing","player_choice":"Removed Curse","floor":7,"damage_taken":0},{"event_name":"Mushrooms","player_choice":"Healed and dodged fight","floor":10,"damage_taken":0},{"event_name":"The Cleric","player_choice":"Leave","floor":14,"damage_taken":0},{"event_name":"Drug Dealer","player_choice":"Ignored","floor":19,"damage_taken":0},{"event_name":"Wheel of Change","player_choice":"Full Heal","floor":20,"damage_taken":0},{"event_name":"Cursed Tome","player_choice":"Obtained Book","floor":21,"damage_taken":0},{"event_name":"Forgotten Altar","player_choice":"Smashed Altar","floor":29,"damage_taken":0},{"event_name":"Match and Keep!","player_choice":"1 cards matched","floor":38,"damage_taken":0}],"boss_relics":[{"not_picked":["Ectoplasm","Sozu"],"picked":"Lizard Tail"},{"not_picked":["Orrery","White Beast Statue"],"picked":"Astrolabe"}],"potions_floor_spawned":[1,3,8,16,18,25,27,35,39,41],"seed_played":"3925559259063963496","killed_by":"Giant Head","ascension_level":0,"is_trial":false}