{"gold_per_floor":[13,288,308,322,340,340,372,392,418,199,210,229,242,256,256,358,358,371,371,99,119,119,119,119,119,142,174,190,203,97,97],"floor_reached":31,"playtime":1210,"items_purged":["Regret"],"score":286,"play_id":"22ddfe2f-ff6d-4f1a-a91b-c52371c8161d","local_time":"20190619162024","is_ascension_mode":false,"campfire_choices":[{"data":"Double Energy","floor":6,"key":"SMITH"},{"floor":15,"key":"REST"},{"data":"Aggregate","floor":23,"key":"SMITH"},{"floor":25,"key":"RECALL"}],"neow_cost":"NO_GOLD","seed_source_timestamp":29366292183800,"circlet_count":0,"master_deck":["Defend_B","Defend_B","Defend_B","Defend_B","Zap","Dualcast","Electrodynamics","Double Energy+1","Melter","Leap","Turbo","Ball Lightning","Scrape","Self Repair","Double Energy","Static Discharge","Gash","Consume","Meteor Strike","Loop+1","Force Field+1","Amplify+1","Hello World+1","Aggregate+1","Bite","Bite","Bite","Bite","Bite","All For One","Scrape","Auto Shields","Conserve Battery"],"relics":["Cracked Core","Bronze Scales","Strawberry","Astrolabe","Runic Capacitor","Letter Opener","Potion Belt","Omamori"],"potions_floor_usage":[4,5,8,13,29,31],"damage_taken":[{"damage":8,"enemies":"2 Louse","floor":1,"turns":2},{"damage":1,"enemies":"Cultist","floor":3,"turns":3},{"damage":11,"enemies":"Jaw Worm","floor":4,"turns":2},{"damage":0,"enemies":"Exordium Thugs","floor":5,"turns":3},{"damage":46,"enemies":"Lagavulin","floor":7,"turns":6},{"damage":0,"enemies":"3 Louse","floor":8,"turns":1},{"damage":5,"enemies":"Exordium Wildlife","floor":11,"turns":3},{"damage":3,"enemies":"2 Fungi Beasts","floor":12,"turns":4},{"damage":0,"enemies":"3 Louse","floor":13,"turns":2},{"damage":4,"enemies":"Exordium Wildlife","floor":14,"turns":3},{"damage":21,"enemies":"Slime Boss","floor":16,"turns":8},{"damage":20,"enemies":"2 Thieves","floor":18,"turns":4},{"damage":0,"enemies":"3 Byrds","floor":21,"turns":2},{"damage":36,"enemies":"Book of Stabbing","floor":27,"turns":4},{"damage":10,"enemies":"Snecko","floor":28,"turns":6},{"damage":9,"enemies":"Sentry and Sphere","floor":29,"turns":4},{"damage":29,"enemies":"3 Cultists","floor":31,"turns":4}],"seed_played":"3523487672567431472","potions_obtained":[{"floor":3,"key":"SteroidPotion"},{"floor":4,"key":"AttackPotion"},{"floor":7,"key":"Strength Potion"},{"floor":12,"key":"Fire Potion"},{"floor":28,"key":"Ancient Potion"},{"floor":29,"key":"PowerPotion"}],"is_trial":false,"path_per_floor":["M","?","M","M","M","R","E","M","T","$","M","M","M","M","R","B",null,"M","?","$","M","T","R","?","R","T","E","M","M","$","M"],"character_chosen":"DEFECT","items_purchased":["Self Repair","Strawberry","Runic Capacitor","Auto Shields","Conserve Battery"],"campfire_rested":1,"item_purchase_floors":[10,10,20,30,30],"current_hp_per_floor":[67,67,66,55,55,55,9,9,9,16,11,8,8,4,28,14,82,62,62,62,69,69,69,57,57,57,23,17,12,12,0],"gold":97,"neow_bonus":"THREE_RARE_CARDS","is_prod":false,"is_daily":false,"chose_seed":false,"campfire_upgraded":2,"win_rate":0,"timestamp":1560975624,"path_taken":["M","?","M","M","M","R","E","M","T","?","?","M","M","M","R","BOSS","M","?","$","M","?","R","?","R","T","E","M","M","$","?"],"build_version":"2019-06-18","purchased_purges":1,"victory":false,"max_hp_per_floor":[75,75,75,75,75,75,75,75,75,82,82,82,82,82,82,82,82,82,82,82,82,82,82,57,57,57,57,57,57,57,57],"card_choices":[{"not_picked":["Echo Form","Amplify"],"picked":"Electrodynamics","floor":0},{"not_picked":["Conserve Battery","Force Field"],"picked":"Double Energy","floor":1},{"not_picked":["Go for the Eyes","Force Field"],"picked":"Melter","floor":3},{"not_picked":["Blizzard","Rebound"],"picked":"Leap","floor":4},{"not_picked":["Sweeping Beam","Leap"],"picked":"Turbo","floor":5},{"not_picked":["Turbo","Hologram"],"picked":"Ball Lightning","floor":7},{"not_picked":["Meteor Strike","Barrage"],"picked":"Scrape","floor":8},{"not_picked":["Redo","Stack"],"picked":"Double Energy","floor":11},{"not_picked":["Ball Lightning","Steam"],"picked":"Static Discharge","floor":12},{"not_picked":["Beam Cell","Cold Snap"],"picked":"Gash","floor":13},{"not_picked":["Seek","Steam"],"picked":"Consume","floor":14},{"not_picked":["Rainbow","Electrodynamics"],"picked":"Meteor Strike","floor":16},{"not_picked":["Cold Snap","Sweeping Beam"],"picked":"Hello World+1","floor":18},{"not_picked":["Sweeping Beam","Reinforced Body"],"picked":"Aggregate","floor":21},{"not_picked":["Stack","Auto Shields+1"],"picked":"All For One","floor":27},{"not_picked":["Doom and Gloom","Hologram+1"],"picked":"Scrape","floor":28},{"not_picked":["Compile Driver","Cold Snap","Streamline"],"picked":"SKIP","floor":29}],"player_experience":1079120,"relics_obtained":[{"floor":7,"key":"Bronze Scales"},{"floor":22,"key":"Letter Opener"},{"floor":26,"key":"Potion Belt"},{"floor":27,"key":"Omamori"}],"event_choices":[{"damage_healed":0,"gold_gain":275,"player_choice":"Desecrate","damage_taken":0,"max_hp_gain":0,"max_hp_loss":0,"event_name":"Golden Shrine","floor":2,"gold_loss":0,"cards_obtained":["Regret"]},{"damage_healed":0,"gold_gain":0,"player_choice":"Ignored","damage_taken":0,"max_hp_gain":0,"max_hp_loss":0,"event_name":"Ghosts","floor":19,"gold_loss":0},{"damage_healed":0,"gold_gain":0,"player_choice":"Became a vampire","damage_taken":0,"max_hp_gain":0,"max_hp_loss":25,"event_name":"Vampires","floor":24,"gold_loss":0,"cards_obtained":["Bite","Bite","Bite","Bite","Bite"]}],"is_beta":true,"boss_relics":[{"not_picked":["Philosopher\u0027s Stone","White Beast Statue"],"picked":"Astrolabe"}],"items_purged_floors":[20],"is_endless":false,"potions_floor_spawned":[3,4,7,12,28,29],"killed_by":"3 Cultists","ascension_level":0}