{"gold_per_floor":[109,120,139,289,301,301,319,319,319,345,345,355,367,1,1,75,75,85,27,40,60,76,76,103,115,127,139],"floor_reached":27,"playtime":1412,"items_purged":["Doubt"],"score":450,"play_id":"4d5610e0-8ba3-4d38-ba3e-9ba88f92780d","local_time":"20190602163322","is_ascension_mode":true,"campfire_choices":[{"data":"Dramatic Entrance","floor":6.0,"key":"SMITH"},{"data":"Caltrops","floor":8.0,"key":"SMITH"},{"data":"Corpse Explosion","floor":11.0,"key":"SMITH"},{"data":"Noxious Fumes","floor":15,"key":"SMITH"},{"data":"Night Terror","floor":23,"key":"SMITH"},{"data":"Footwork","floor":25,"key":"SMITH"}],"neow_cost":"NONE","seed_source_timestamp":155405497461722,"circlet_count":0,"master_deck":["AscendersBane","Defend_G","Defend_G","Defend_G","Defend_G","Defend_G","Strike_G","Strike_G","Strike_G","Strike_G","Strike_G","Survivor","Neutralize","Dramatic Entrance+1","PiercingWail","Caltrops+1","Blade Dance","Caltrops","Corpse Explosion+1","Noxious Fumes+1","Footwork+1","Dodge and Roll","Night Terror+1","Leg Sweep","Escape Plan","Deadly Poison"],"special_seed":0,"relics":["Ring of the Snake","Meat on the Bone","Vajra","Bronze Scales","Black Star","Gremlin Horn","MawBank","Pen Nib","Shuriken"],"potions_floor_usage":[16,24,24],"damage_taken":[{"damage":0.0,"enemies":"Cultist","floor":1.0,"turns":4.0},{"damage":7.0,"enemies":"Jaw Worm","floor":2.0,"turns":5.0},{"damage":0.0,"enemies":"2 Louse","floor":3.0,"turns":2.0},{"damage":7.0,"enemies":"Exordium Wildlife","floor":5.0,"turns":4.0},{"damage":4.0,"enemies":"Looter","floor":7.0,"turns":4.0},{"damage":40.0,"enemies":"Lagavulin","floor":10.0,"turns":11.0},{"damage":1.0,"enemies":"Lots of Slimes","floor":12.0,"turns":2.0},{"damage":6,"enemies":"Gremlin Gang","floor":13,"turns":5},{"damage":19,"enemies":"The Guardian","floor":16,"turns":10},{"damage":28,"enemies":"Spheric Guardian","floor":18,"turns":6},{"damage":16,"enemies":"Shell Parasite","floor":20,"turns":7},{"damage":1,"enemies":"3 Cultists","floor":21,"turns":3},{"damage":44,"enemies":"Shelled Parasite and Fungi","floor":22,"turns":5},{"damage":16,"enemies":"Slavers","floor":24,"turns":5},{"damage":19,"enemies":"Chosen and Byrds","floor":27,"turns":3}],"seed_played":"4826610157769147579","potions_obtained":[{"floor":2.0,"key":"GhostInAJar"},{"floor":7.0,"key":"SkillPotion"},{"floor":13,"key":"EssenceOfSteel"},{"floor":16,"key":"FairyPotion"},{"floor":18,"key":"EssenceOfSteel"},{"floor":21,"key":"PowerPotion"},{"floor":22,"key":"PowerPotion"},{"floor":24,"key":"Poison Potion"}],"is_trial":false,"path_per_floor":["M","M","M","?","M","R","M","R","T","E","R","M","M","$","R","B",null,"M","?","M","M","M","R","E","R","T","M"],"character_chosen":"THE_SILENT","items_purchased":["Bronze Scales","Footwork","Dodge and Roll"],"campfire_rested":0,"item_purchase_floors":[14,14,14],"current_hp_per_floor":[59,52,52,52,45,45,41,41,41,13,13,24,30,30,30,23,55,39,39,35,34,18,18,14,14,14,0],"gold":139,"neow_bonus":"RANDOM_COLORLESS","is_prod":false,"is_daily":false,"chose_seed":false,"campfire_upgraded":6,"win_rate":0,"timestamp":1559486002,"path_taken":["M","M","M","?","M","R","M","R","T","E","R","M","M","$","R","BOSS","M","?","M","M","?","R","E","R","T","M"],"build_version":"2019-01-23","purchased_purges":1,"victory":false,"max_hp_per_floor":[66,66,66,66,66,66,66,66,66,66,66,66,66,66,66,66,66,66,66,66,66,66,66,66,66,66,66],"card_choices":[{"not_picked":["Reflex","Underhanded Strike","Bane"],"picked":"SKIP","floor":1.0},{"not_picked":["Heel Hook","Setup"],"picked":"PiercingWail","floor":2.0},{"not_picked":["Sucker Punch","PiercingWail"],"picked":"Caltrops","floor":3.0},{"not_picked":["Deflect","Underhanded Strike"],"picked":"Blade Dance","floor":5.0},{"not_picked":["Dodge and Roll","Footwork"],"picked":"Caltrops","floor":7.0},{"not_picked":["Deadly Poison","Dagger Throw"],"picked":"Corpse Explosion","floor":10.0},{"not_picked":["Quick Slash","Setup"],"picked":"Noxious Fumes","floor":12.0},{"not_picked":["Flying Knee","Accuracy","Underhanded Strike"],"picked":"SKIP","floor":13},{"not_picked":["Phantasmal Killer","Die Die Die"],"picked":"Night Terror","floor":16},{"not_picked":["Outmaneuver","Slice"],"picked":"Leg Sweep","floor":18},{"not_picked":["Dodge and Roll","Backstab+1"],"picked":"Escape Plan","floor":20},{"not_picked":["Distraction+1","Sucker Punch","Die Die Die"],"picked":"SKIP","floor":21},{"not_picked":["Finisher","Outmaneuver"],"picked":"Deadly Poison","floor":22},{"not_picked":["Outmaneuver","Underhanded Strike","Quick Slash"],"picked":"SKIP","floor":24}],"player_experience":589493,"relics_obtained":[{"floor":9.0,"key":"Meat on the Bone"},{"floor":10.0,"key":"Vajra"},{"floor":24,"key":"MawBank"},{"floor":24,"key":"Pen Nib"},{"floor":26,"key":"Shuriken"}],"event_choices":[{"damage_healed":0.0,"max_hp_gain":0.0,"max_hp_loss":0.0,"gold_gain":150.0,"event_name":"Liars Game","player_choice":"AGREE","floor":4.0,"gold_loss":0.0,"damage_taken":0.0,"cards_obtained":["Doubt"]},{"damage_healed":0,"gold_gain":0,"player_choice":"Paid Gold","damage_taken":0,"relics_obtained":["Gremlin Horn"],"max_hp_gain":0,"max_hp_loss":0,"event_name":"WeMeetAgain","floor":19,"gold_loss":58}],"is_beta":false,"boss_relics":[{"not_picked":["Snecko Eye","Pandora\u0027s Box"],"picked":"Black Star"}],"items_purged_floors":[14],"is_endless":false,"potions_floor_spawned":[2,7,13,16,18,21,22,24],"killed_by":"Chosen and Byrds","ascension_level":18}