{"path_per_floor":["M","?","$","?","?","E","M","?","T","M","M","M","M","M","R","B",null,"M","M","?","T","$","R","?","M","T","M","R","M","T","E","R"],"character_chosen":"DEFECT","items_purchased":["Fusion","Storm","Bottled Tornado"],"gold_per_floor":[111,111,38,38,38,66,86,261,261,281,300,316,329,347,347,444,444,432,447,447,447,119,119,119,131,158,175,175,194,239,272,272,272],"floor_reached":33,"campfire_rested":3,"playtime":1415,"current_hp_per_floor":[75,75,75,68,53,36,25,25,25,28,32,34,24,28,50,33,75,65,72,72,72,72,72,72,67,67,34,56,15,15,2,24,0],"items_purged":[],"gold":272,"score":269,"play_id":"3a132187-a06a-4e3d-9c85-2d131cb9a827","local_time":"20180430124633","is_prod":false,"is_daily":false,"chose_seed":false,"is_ascension_mode":false,"campfire_upgraded":1,"timestamp":1525106793,"path_taken":["M","?","$","?","?","E","M","?","T","?","M","M","M","M","R","BOSS","M","M","?","?","$","R","?","?","T","M","R","?","?","E","R","BOSS"],"build_version":"2018-04-27v3","seed_source_timestamp":1276648944427155,"purchased_purges":0,"victory":false,"master_deck":["Strike_B","Strike_B","Defend_B","Defend_B","Zap","Rainbow+1","Self Repair","Fusion+1","Static Discharge","Cold Snap","Doubt","Genetic Algorithm+1","Capacitor","Blaster+1","Chaos","Melter+1","Fission","Static Discharge+1","Auto Shields+1","Beam Cell+1","Hologram+1","Tempest+1","Storm","Genetic Algorithm+1","Cold Snap+1","White Noise","Go for the Eyes+1"],"max_hp_per_floor":[75,75,75,75,75,75,75,75,75,75,75,75,75,75,75,75,75,75,75,75,75,75,75,75,75,75,75,75,75,75,75,75,75],"relics":["Cracked Core","Happy Flower","Molten Egg 2","Astrolabe","Vajra","Kunai","Bottled Tornado","War Paint","Bag of Marbles","Orichalcum"],"card_choices":[{"not_picked":["Darkness","Turbo"],"picked":"Self Repair","floor":1},{"not_picked":["Fission","Capacitor"],"picked":"Static Discharge","floor":6},{"not_picked":["Rip and Tear","Capacitor"],"picked":"Cold Snap","floor":7},{"not_picked":["Reprogram","Capacitor"],"picked":"Genetic Algorithm","floor":10},{"not_picked":["Hologram","Streamline"],"picked":"Capacitor","floor":11},{"not_picked":["Heatsinks","Axe Kick"],"picked":"Blaster","floor":12},{"not_picked":["Undo","Heatsinks"],"picked":"Chaos","floor":13},{"not_picked":["Impulse","Cold Snap"],"picked":"Melter","floor":14},{"not_picked":["Meteor Strike","All For One"],"picked":"Fission","floor":16},{"not_picked":["Streamline","Rip and Tear"],"picked":"Hologram","floor":18},{"not_picked":["Rebound","Skim"],"picked":"Tempest","floor":19},{"not_picked":["Hologram","Rebound"],"picked":"Genetic Algorithm","floor":25},{"not_picked":["FTL","Doom and Gloom"],"picked":"Cold Snap","floor":27},{"not_picked":["Hologram","Impulse"],"picked":"White Noise","floor":29},{"not_picked":["Skim","Rip and Tear"],"picked":"Go for the Eyes","floor":31}],"player_experience":89495,"potions_floor_usage":[6,11,13,16,18,25,27,31],"damage_taken":[{"damage":0,"enemies":"Small Slimes","floor":1,"turns":3},{"damage":24,"enemies":"Gremlin Nob","floor":6,"turns":4},{"damage":18,"enemies":"Jaw Worm","floor":7,"turns":4},{"damage":4,"enemies":"Cultist","floor":10,"turns":3},{"damage":3,"enemies":"3 Louse","floor":11,"turns":4},{"damage":5,"enemies":"Looter","floor":12,"turns":3},{"damage":17,"enemies":"Exordium Wildlife","floor":13,"turns":3},{"damage":3,"enemies":"Large Slime","floor":14,"turns":6},{"damage":24,"enemies":"The Guardian","floor":16,"turns":10},{"damage":17,"enemies":"2 Thieves","floor":18,"turns":4},{"damage":0,"enemies":"Spheric Guardian","floor":19,"turns":3},{"damage":12,"enemies":"Snake Plant","floor":25,"turns":3},{"damage":33,"enemies":"Centurion and Healer","floor":27,"turns":6},{"damage":48,"enemies":"Slaver and Parasite","floor":29,"turns":7},{"damage":13,"enemies":"Book of Stabbing","floor":31,"turns":4},{"damage":54,"enemies":"Automaton","floor":33,"turns":6}],"event_choices":[{"event_name":"The Cleric","player_choice":"Leave","floor":2,"damage_taken":0},{"event_name":"Golden Wing","player_choice":"Card Removal","floor":4,"damage_taken":0},{"event_name":"Shining Light","player_choice":"Entered Light","floor":5,"damage_taken":0},{"event_name":"Liars Game","player_choice":"agreed","floor":8,"damage_taken":0},{"event_name":"The Mausoleum","player_choice":"Yes","floor":20,"damage_taken":0},{"event_name":"Back to Basics","player_choice":"Elegance","floor":24,"damage_taken":0}],"boss_relics":[{"not_picked":["Snecko Eye","Inserter"],"picked":"Astrolabe"}],"potions_floor_spawned":[1,10,11,14,16,19,25,29],"seed_played":"-6571690048766067433","killed_by":"Automaton","ascension_level":0,"is_trial":false}