{"path_per_floor":["M","?","?","?","M","R","E","M","T","R","$","E","$","?","R","B",null,"M","M","$","?","?","M","?","$","T","M","R","T"],"character_chosen":"IRONCLAD","items_purchased":["Panache","Infernal Blade","Mind Blast","Feel No Pain","Warcry","True Grit","Warcry"],"gold_per_floor":[367,367,367,367,387,387,419,431,431,431,50,81,1,1,1,100,100,111,130,27,27,27,40,40,16,16,34,34,34,34],"floor_reached":30,"campfire_rested":2,"playtime":1001,"current_hp_per_floor":[72,47,47,47,45,45,27,33,33,54,54,47,47,33,33,46,72,66,45,45,45,45,32,32,32,32,11,32,32,0],"items_purged":[],"gold":34,"score":282,"play_id":"fc1b0c29-6fae-45c5-acbe-a9f4d916ad66","local_time":"20180415191929","is_prod":false,"is_daily":false,"chose_seed":false,"is_ascension_mode":true,"campfire_upgraded":2,"timestamp":1523834369,"path_taken":["M","?","?","?","?","R","E","?","T","R","$","E","$","?","R","BOSS","M","M","?","?","?","M","?","$","T","?","R","?","M"],"build_version":"2018-04-12","seed_source_timestamp":4663900473244,"purchased_purges":0,"victory":false,"master_deck":["Strike_R","Strike_R","Strike_R","Strike_R","Strike_R","Defend_R+1","Defend_R","Defend_R","Bash","Thunderclap+1","Flex+1","Seeing Red","Flex","Panache","Infernal Blade+1","Mind Blast+1","Reaper+1","Feel No Pain+1","Fiend Fire+1","Infernal Blade","Thunderclap+1","Flex","Combust","Sentinel+1","Warcry","True Grit","Double Tap","Decay","Flex","Warcry"],"max_hp_per_floor":[72,72,72,72,72,72,72,72,72,72,72,72,72,72,72,72,72,72,72,72,72,72,72,72,72,72,72,72,72,72],"relics":["Burning Blood","Molten Egg 2","Pantograph","Kunai","Blue Candle","Orrery","Du-Vu Doll","Happy Flower"],"card_choices":[{"not_picked":["Armaments","Twin Strike"],"picked":"Flex","floor":5},{"not_picked":["Heavy Blade","Clothesline"],"picked":"Seeing Red","floor":7},{"not_picked":["Shrug It Off","Reckless Charge"],"picked":"Flex","floor":8},{"not_picked":["Battle Trance","Shrug It Off"],"picked":"Reaper","floor":12},{"not_picked":["Berserk","Barricade"],"picked":"Fiend Fire","floor":16},{"not_picked":["Iron Wave","Searing Blow"],"picked":"Infernal Blade","floor":17},{"not_picked":["Twin Strike","Carnage"],"picked":"Thunderclap","floor":17},{"not_picked":["Sword Boomerang","Second Wind"],"picked":"Flex","floor":17},{"not_picked":["Carnage","Iron Wave"],"picked":"Combust","floor":17},{"not_picked":["Warcry","Anger"],"picked":"Sentinel","floor":19},{"not_picked":["Heavy Blade","Fire Breathing"],"picked":"Flex","floor":23}],"player_experience":643497,"potions_floor_usage":[16],"damage_taken":[{"damage":1,"enemies":"Cultist","floor":1,"turns":3},{"damage":8,"enemies":"2 Louse","floor":5,"turns":3},{"damage":24,"enemies":"Gremlin Nob","floor":7,"turns":4},{"damage":0,"enemies":"Small Slimes","floor":8,"turns":2},{"damage":13,"enemies":"3 Sentries","floor":12,"turns":5},{"damage":18,"enemies":"Slime Boss","floor":16,"turns":6},{"damage":12,"enemies":"2 Thieves","floor":18,"turns":2},{"damage":27,"enemies":"Shell Parasite","floor":19,"turns":5},{"damage":35,"enemies":"Cultist and Chosen","floor":23,"turns":6},{"damage":27,"enemies":"Centurion and Healer","floor":27,"turns":8},{"damage":39,"enemies":"Sentry and Sphere","floor":30,"turns":4}],"event_choices":[{"event_name":"Scrap Ooze","player_choice":"success","floor":2,"damage_taken":25},{"event_name":"Match and Keep!","player_choice":"1 cards matched","floor":3,"damage_taken":0},{"event_name":"Transmorgrifier","player_choice":"Transform","floor":4,"damage_taken":0},{"event_name":"Shining Light","player_choice":"Entered Light","floor":14,"damage_taken":0},{"event_name":"Transmorgrifier","player_choice":"Transform","floor":21,"damage_taken":0},{"event_name":"Wheel of Change","player_choice":"Curse","floor":22,"damage_taken":0},{"event_name":"Drug Dealer","player_choice":"Ignored","floor":24,"damage_taken":0}],"boss_relics":[{"not_picked":["Sozu","Philosopher\u0027s Stone"],"picked":"Orrery"}],"potions_floor_spawned":[12],"seed_played":"-5696211728245058402","killed_by":"Sentry and Sphere","ascension_level":2,"is_trial":false}