{"path_per_floor":["M","?","M","$","?","R","?","M","T","M","M","R","M","?","R","B",null,"M","M","M","M","?","R","?","M","T","M","M","R","E","M","R","B",null,"M","M","$","?","?","R","M","R","T","M","$","M","M","M","R"],"character_chosen":"IRONCLAD","items_purchased":["Torii","Reaper","Panache","Carnage"],"gold_per_floor":[112,287,299,11,11,11,11,28,28,41,56,56,75,75,75,171,171,185,195,213,224,224,224,224,238,238,258,277,277,310,320,320,419,419,439,456,180,232,0,0,10,10,58,69,33,49,62,77,77],"floor_reached":50,"campfire_rested":6,"playtime":2685,"current_hp_per_floor":[54,54,52,52,33,61,61,63,77,63,65,98,95,95,95,58,110,103,93,86,79,79,110,110,100,100,72,45,78,60,50,83,13,110,96,98,98,104,104,104,93,93,100,72,72,52,35,29,64],"items_purged":[],"gold":77,"score":562,"play_id":"d6a2c132-47f2-40fc-86a5-4f4cbbf36d65","local_time":"20180319194325","is_prod":false,"is_daily":false,"is_ascension_mode":false,"campfire_upgraded":1,"timestamp":1521503005,"path_taken":["M","?","M","$","?","R","?","M","T","M","M","R","M","?","R","BOSS","M","M","M","M","?","R","?","M","T","M","M","R","E","M","R","BOSS","M","M","$","?","?","R","M","R","T","M","?","M","M","M","R","BOSS"],"build_version":"2018-03-15v3","purchased_purges":0,"victory":false,"master_deck":["Strike_R+1","Strike_R+1","Strike_R+1","Strike_R+1","Strike_R+1","Defend_R+1","Defend_R+1","Defend_R+1","Bash","Clash","Pommel Strike","Offering+1","Exhume","Rage","Spot Weakness","Twin Strike","Exhume","Sentinel+1","Blood for Blood+1","Rupture","Flex","Offering+1","Dual Wield","Fire Breathing+1","Flex","Bludgeon","Armaments+1","Dark Embrace","Blood for Blood","Anger+1","Reaper","Panache","Anger+1","Spot Weakness","Cleave","Carnage","Heavy Blade+1","Twin Strike+1","Thunderclap+1"],"max_hp_per_floor":[96,96,96,96,96,96,96,96,110,110,110,110,110,110,110,110,110,110,110,110,110,110,110,110,110,110,110,110,110,110,110,110,110,110,110,110,110,110,110,110,110,110,117,117,117,117,117,117,117],"relics":["Black Blood","Torii","Mango","Sozu","Girya","Orichalcum","Thread and Needle","Red Mask","Strawberry"],"card_choices":[{"not_picked":["Flex","Wild Strike"],"picked":"Clash"},{"not_picked":["Clothesline","Wild Strike"],"picked":"Pommel Strike"},{"not_picked":["Burning Pact","Flame Barrier"],"picked":"Exhume"},{"not_picked":["Power Through","Flex"],"picked":"Rage"},{"not_picked":["Flex","Pummel"],"picked":"Spot Weakness"},{"not_picked":["Shrug It Off","Clothesline"],"picked":"Twin Strike"},{"not_picked":["Double Tap","Berserk"],"picked":"Exhume"},{"not_picked":["Wild Strike","Clothesline"],"picked":"Sentinel"},{"not_picked":["Clothesline","Uppercut"],"picked":"Blood for Blood"},{"not_picked":["Anger","Uppercut"],"picked":"Rupture"},{"not_picked":["Heavy Blade","Perfected Strike"],"picked":"Flex"},{"not_picked":["Second Wind","Shrug It Off"],"picked":"Dual Wield"},{"not_picked":["Thunderclap","Carnage"],"picked":"Fire Breathing"},{"not_picked":["Heavy Blade","Intimidate"],"picked":"Flex"},{"not_picked":["Clothesline","Heavy Blade"],"picked":"Bludgeon"},{"not_picked":["Entrench","Pommel Strike"],"picked":"Armaments"},{"not_picked":["Bludgeon","Barricade"],"picked":"Dark Embrace"},{"not_picked":["Warcry","Metallicize"],"picked":"Blood for Blood"},{"not_picked":["Wild Strike","Havoc"],"picked":"Anger"},{"not_picked":["Twin Strike","Fiend Fire"],"picked":"Anger"},{"not_picked":["Thunderclap","Shrug It Off"],"picked":"Spot Weakness"},{"not_picked":["Dropkick","Shrug It Off"],"picked":"Cleave"},{"not_picked":["Flame Barrier","True Grit"],"picked":"Heavy Blade"},{"not_picked":["Ghostly Armor","Anger"],"picked":"Twin Strike"},{"not_picked":["Sever Soul","Dropkick"],"picked":"Thunderclap"}],"player_experience":470146,"potions_floor_usage":[13,19],"damage_taken":[{"damage":0,"enemies":"Small Slimes","floor":1,"turns":3},{"damage":8,"enemies":"Jaw Worm","floor":3,"turns":4},{"damage":4,"enemies":"2 Louse","floor":8,"turns":2},{"damage":20,"enemies":"Looter","floor":10,"turns":3},{"damage":4,"enemies":"2 Fungi Beasts","floor":11,"turns":3},{"damage":9,"enemies":"Exordium Wildlife","floor":13,"turns":3},{"damage":43,"enemies":"The Guardian","floor":16,"turns":9},{"damage":13,"enemies":"3 Byrds","floor":18,"turns":4},{"damage":16,"enemies":"Chosen","floor":19,"turns":6},{"damage":13,"enemies":"Snake Plant","floor":20,"turns":2},{"damage":13,"enemies":"Centurion and Healer","floor":21,"turns":3},{"damage":16,"enemies":"Sentry and Sphere","floor":25,"turns":3},{"damage":34,"enemies":"Cultist and Chosen","floor":27,"turns":5},{"damage":33,"enemies":"Chosen and Byrds","floor":28,"turns":4},{"damage":24,"enemies":"Book of Stabbing","floor":30,"turns":3},{"damage":16,"enemies":"Snecko","floor":31,"turns":1},{"damage":76,"enemies":"Automaton","floor":33,"turns":8},{"damage":24,"enemies":"3 Shapes","floor":35,"turns":5},{"damage":8,"enemies":"Orb Walker","floor":36,"turns":2},{"damage":16,"enemies":"Mysterious Sphere","floor":38,"turns":2},{"damage":30,"enemies":"4 Shapes","floor":41,"turns":3},{"damage":44,"enemies":"Maw","floor":44,"turns":5},{"damage":42,"enemies":"Sphere and 2 Shapes","floor":46,"turns":5},{"damage":27,"enemies":"4 Shapes","floor":47,"turns":3},{"damage":16,"enemies":"Maw","floor":48,"turns":4},{"damage":94,"enemies":"Time Eater","floor":50,"turns":6}],"event_choices":[{"event_name":"Liars Game","player_choice":"agreed","floor":2,"damage_taken":0},{"event_name":"Shining Light","player_choice":"Entered Light","floor":5,"damage_taken":0},{"event_name":"Living Wall","player_choice":"Change","floor":7,"damage_taken":0},{"event_name":"Purifier","player_choice":"One Purge","floor":14,"damage_taken":0},{"event_name":"Back to Basics","player_choice":"Simplicity","floor":22,"damage_taken":0},{"event_name":"Duplicator","player_choice":"One dupe","floor":24,"damage_taken":0},{"event_name":"Mysterious Sphere","player_choice":"Fight","floor":38,"damage_taken":0},{"event_name":"Tomb of Lord Red Mask","player_choice":"Paid","floor":39,"damage_taken":0}],"boss_relics":[{"not_picked":["Velvet Choker","Black Star"],"picked":"Sozu"},{"not_picked":["Snecko Eye","Calling Bell"],"picked":"Black Blood"}],"potions_floor_spawned":[1,10,20,25,28,30,33,36,38,44,48],"seed_played":"-618128376072830780","killed_by":"Time Eater","ascension_level":0,"is_trial":false}