{"gold_per_floor":[115,115,61,76,36,36,50,30,30,46,77,77,92,110,110,206,206,225,31,44,57,57,57,77,77,102,114,138,169,181,206,218,331,343,371,393,11,11,27,27,42,61,61,72,72,72,85,99,99,99],"floor_reached":51,"playtime":7292,"items_purged":[],"score":632,"play_id":"976ce88c-59d6-4864-9fd3-1751a000d712","local_time":"20190707205745","is_ascension_mode":false,"campfire_choices":[{"data":"Noxious Fumes","floor":6,"key":"SMITH"},{"floor":12,"key":"REST"},{"data":"Leg Sweep","floor":15,"key":"SMITH"},{"floor":23,"key":"REST"},{"floor":25,"key":"REST"},{"floor":32,"key":"REST"},{"data":"Noxious Fumes","floor":40,"key":"SMITH"},{"floor":45,"key":"REST"},{"floor":49,"key":"REST"}],"neow_cost":"NONE","seed_source_timestamp":42896341892100,"circlet_count":0,"master_deck":["Strike_G","Strike_G","Strike_G","Strike_G","Strike_G","Defend_G","Defend_G","Defend_G","Defend_G","Defend_G","Survivor","Neutralize","Flying Knee","Dodge and Roll","Noxious Fumes+1","Predator","Blur","PiercingWail","PiercingWail","Dagger Spray+1","Leg Sweep+1","Malaise+1","Dodge and Roll","Escape Plan","Footwork","Bandage Up","Deadly Poison+1","Deadly Poison+1","Deflect","Dash+1","Acrobatics+1","Predator+1","Malaise","Dodge and Roll+1","Deadly Poison+1","Enlightenment","Sucker Punch+1","Writhe","Noxious Fumes+1","Parasite","PiercingWail+1","Flying Knee+1","Blur+1","Outmaneuver+1"],"relics":["Ring of the Snake","Pear","Molten Egg 2","Dodecahedron","MawBank","MutagenicStrength","Velvet Choker","Torii","Ninja Scroll"],"potions_floor_usage":[11,11],"damage_taken":[{"damage":2,"enemies":"Small Slimes","floor":1,"turns":3},{"damage":0,"enemies":"2 Louse","floor":4,"turns":3},{"damage":1,"enemies":"Cultist","floor":7,"turns":3},{"damage":20,"enemies":"Exordium Thugs","floor":10,"turns":4},{"damage":10,"enemies":"Gremlin Nob","floor":11,"turns":4},{"damage":0,"enemies":"3 Louse","floor":13,"turns":5},{"damage":0,"enemies":"2 Fungi Beasts","floor":14,"turns":3},{"damage":18,"enemies":"The Guardian","floor":16,"turns":12},{"damage":13,"enemies":"Chosen","floor":18,"turns":8},{"damage":33,"enemies":"3 Byrds","floor":20,"turns":8},{"damage":13,"enemies":"Snake Plant","floor":21,"turns":8},{"damage":12,"enemies":"Shelled Parasite and Fungi","floor":24,"turns":7},{"damage":10,"enemies":"Sentry and Sphere","floor":28,"turns":5},{"damage":21,"enemies":"Snake Plant","floor":29,"turns":4},{"damage":15,"enemies":"Snecko","floor":31,"turns":7},{"damage":41,"enemies":"Champ","floor":33,"turns":17},{"damage":0,"enemies":"3 Shapes","floor":35,"turns":8},{"damage":5,"enemies":"3 Darklings","floor":36,"turns":7},{"damage":2,"enemies":"Maw","floor":39,"turns":8},{"damage":3,"enemies":"Writhing Mass","floor":41,"turns":9},{"damage":22,"enemies":"Spire Growth","floor":42,"turns":7},{"damage":8,"enemies":"4 Shapes","floor":44,"turns":6},{"damage":18,"enemies":"Maw","floor":47,"turns":9},{"damage":9,"enemies":"3 Darklings","floor":48,"turns":5},{"damage":53,"enemies":"Awakened One","floor":50,"turns":22}],"seed_played":"8202263997752458496","potions_obtained":[{"floor":4,"key":"SkillPotion"},{"floor":8,"key":"Regen Potion"},{"floor":10,"key":"Strength Potion"},{"floor":13,"key":"Energy Potion"},{"floor":21,"key":"Block Potion"},{"floor":44,"key":"Explosive Potion"}],"is_trial":false,"path_per_floor":["M","?","?","M","$","R","M","?","T","M","E","R","M","M","R","B",null,"M","$","M","M","$","R","M","R","T","?","M","M","?","M","R","B",null,"M","M","$","?","M","R","M","M","T","M","R","?","M","M","R","B",null],"character_chosen":"THE_SILENT","items_purchased":["Predator","Escape Plan","Footwork","Bandage Up","Torii","Enlightenment"],"campfire_rested":6,"item_purchase_floors":[5,19,19,19,37,37],"current_hp_per_floor":[68,68,78,78,78,78,77,77,77,57,61,80,80,80,80,62,80,67,67,38,29,29,53,45,69,69,69,63,46,46,35,59,22,80,80,79,79,79,79,79,77,59,59,51,75,75,61,56,80,31],"gold":99,"neow_bonus":"THREE_CARDS","is_prod":false,"is_daily":false,"chose_seed":false,"campfire_upgraded":3,"win_rate":0.0,"timestamp":1562507865,"path_taken":["M","?","?","?","?","R","M","?","T","M","E","R","M","?","R","BOSS","M","$","M","M","$","R","M","R","T","?","M","M","?","?","R","BOSS","M","M","$","?","M","R","?","M","T","M","R","?","M","M","R","BOSS"],"build_version":"2019-07-05","purchased_purges":0,"victory":true,"max_hp_per_floor":[70,70,80,80,80,80,80,80,80,80,80,80,80,80,80,80,80,80,80,80,80,80,80,80,80,80,80,80,80,80,80,80,80,80,80,80,80,80,80,80,80,80,80,80,80,80,80,80,80,80],"card_choices":[{"not_picked":["Footwork","Sucker Punch"],"picked":"Flying Knee","floor":0},{"not_picked":["Flying Knee","Bouncing Flask"],"picked":"Dodge and Roll","floor":1},{"not_picked":["Sucker Punch","Quick Slash"],"picked":"Noxious Fumes","floor":4},{"not_picked":["Bouncing Flask","Backstab"],"picked":"Blur","floor":7},{"not_picked":["Well Laid Plans","Blade Dance"],"picked":"PiercingWail","floor":10},{"not_picked":["Riddle With Holes+1","Noxious Fumes"],"picked":"PiercingWail","floor":11},{"not_picked":["Blade Dance","PiercingWail"],"picked":"Dagger Spray+1","floor":13},{"not_picked":["Sucker Punch+1","Dagger Spray+1"],"picked":"Leg Sweep","floor":14},{"not_picked":["Burst","Glass Knife+1"],"picked":"Malaise","floor":16},{"not_picked":["Poisoned Stab+1","Flying Knee+1"],"picked":"Dodge and Roll","floor":18},{"not_picked":["Dagger Spray+1","Terror"],"picked":"Deadly Poison+1","floor":20},{"not_picked":["Dagger Throw+1","Phantasmal Killer"],"picked":"Deadly Poison+1","floor":21},{"not_picked":["Sucker Punch+1","Tactician"],"picked":"Deflect","floor":24},{"not_picked":["Choke+1","Crippling Poison"],"picked":"Dash+1","floor":28},{"not_picked":["Dodge and Roll","Quick Slash+1"],"picked":"Acrobatics+1","floor":29},{"not_picked":["Caltrops","Underhanded Strike+1"],"picked":"Predator+1","floor":31},{"not_picked":["Glass Knife+1","Phantasmal Killer"],"picked":"Malaise","floor":33},{"not_picked":["Dagger Throw+1","Sucker Punch+1"],"picked":"Dodge and Roll+1","floor":35},{"not_picked":["Finisher+1","Poisoned Stab+1"],"picked":"Deadly Poison+1","floor":36},{"not_picked":["Slice+1","Expertise"],"picked":"Noxious Fumes","floor":39},{"not_picked":["Choke+1","Underhanded Strike+1"],"picked":"PiercingWail+1","floor":41},{"not_picked":["Dagger Spray+1","Prepared"],"picked":"Flying Knee+1","floor":42},{"not_picked":["Adrenaline","Prepared+1"],"picked":"Blur+1","floor":44},{"not_picked":["Slice+1","All Out Attack+1","Blade Dance"],"picked":"SKIP","floor":47},{"not_picked":["Blade Dance","Sucker Punch+1"],"picked":"Outmaneuver+1","floor":48}],"player_experience":7190,"relics_obtained":[{"floor":9,"key":"Molten Egg 2"},{"floor":11,"key":"Dodecahedron"},{"floor":26,"key":"MawBank"},{"floor":43,"key":"Ninja Scroll"}],"event_choices":[{"damage_healed":0,"gold_gain":0,"player_choice":"Ignored","damage_taken":0,"max_hp_gain":0,"max_hp_loss":0,"event_name":"Golden Wing","floor":2,"gold_loss":0},{"damage_healed":0,"gold_gain":0,"player_choice":"Paid Gold","damage_taken":0,"relics_obtained":["Pear"],"max_hp_gain":0,"max_hp_loss":0,"event_name":"WeMeetAgain","floor":3,"gold_loss":54},{"damage_healed":0,"gold_gain":0,"player_choice":"Bought 1 Potion","damage_taken":0,"max_hp_gain":0,"max_hp_loss":0,"event_name":"The Woman in Blue","floor":8,"gold_loss":0},{"damage_healed":0,"gold_gain":0,"player_choice":"Inject Mutagens","damage_taken":0,"relics_obtained":["MutagenicStrength"],"max_hp_gain":0,"max_hp_loss":0,"event_name":"Drug Dealer","floor":27,"gold_loss":0},{"damage_healed":0,"gold_gain":0,"player_choice":"Forge","damage_taken":0,"max_hp_gain":0,"max_hp_loss":0,"event_name":"Accursed Blacksmith","floor":30,"gold_loss":0,"cards_upgraded":["Malaise"]},{"damage_healed":0,"gold_gain":0,"player_choice":"2 cards matched","damage_taken":0,"max_hp_gain":0,"max_hp_loss":0,"event_name":"Match and Keep!","floor":38,"gold_loss":0,"cards_obtained":["Sucker Punch","Writhe"]},{"damage_healed":0,"gold_gain":0,"player_choice":"Ignored","damage_taken":0,"max_hp_gain":0,"max_hp_loss":0,"event_name":"Mysterious Sphere","floor":46,"gold_loss":0}],"is_beta":false,"boss_relics":[{"not_picked":["Astrolabe","Snecko Eye","Fusion Hammer"]},{"not_picked":["Busted Crown","Cursed Key"],"picked":"Velvet Choker"}],"items_purged_floors":[],"is_endless":false,"potions_floor_spawned":[4,10,13,21,24,39,44,48],"ascension_level":0}