{"path_per_floor":["M","?","?","?","M","R","E","$","T","?","M","$","?","M","R","B",null,"M","?","M","?","?","R","$","E","T","M","$","T"],"character_chosen":"IRONCLAD","items_purchased":["Perfected Strike","Bludgeon","Seeing Red","Oddly Smooth Stone","Iron Wave","Flex","Pen Nib"],"gold_per_floor":[363,363,363,363,388,388,423,32,32,32,55,10,79,100,100,219,219,237,160,180,105,105,105,57,90,144,164,10,10,10],"floor_reached":30,"campfire_rested":0,"playtime":1174,"current_hp_per_floor":[72,72,67,54,60,60,66,66,66,63,64,64,67,67,67,37,67,63,63,57,57,57,57,57,23,23,13,13,13,0],"items_purged":[],"gold":10,"score":269,"play_id":"b4b2dcd5-f9de-4aba-914d-2d31416f88fd","local_time":"20180503055702","is_prod":false,"is_daily":false,"chose_seed":false,"is_ascension_mode":false,"campfire_upgraded":3,"timestamp":1525341422,"path_taken":["M","?","?","?","?","R","E","?","T","?","M","$","?","M","R","BOSS","M","?","M","?","?","R","$","E","T","M","$","?","M"],"build_version":"2018-05-02","seed_source_timestamp":1511517241371389,"purchased_purges":0,"victory":false,"master_deck":["Strike_R","Strike_R","Strike_R","Strike_R+1","Strike_R","Defend_R","Defend_R","Defend_R+1","Bash","Anger","Iron Wave+1","Fire Breathing","Perfected Strike","Bludgeon+1","Seeing Red","Clash+1","Iron Wave+1","Shrug It Off","Perfected Strike+1","Limit Break+1","Perfected Strike+1","J.A.X.","Limit Break","Flex","Clash+1","Ghostly Armor"],"max_hp_per_floor":[72,72,67,67,67,67,67,67,67,67,67,67,67,67,67,67,67,67,67,67,67,67,67,67,67,67,67,67,67,67],"relics":["Burning Blood","Golden Idol","Happy Flower","Oddly Smooth Stone","Self Forming Clay","Molten Egg 2","Lantern","Runic Pyramid","Paper Frog","Vajra","Pen Nib","Shuriken"],"card_choices":[{"not_picked":["Intimidate","Twin Strike"],"picked":"Anger","floor":1},{"not_picked":["Burning Pact","Clash"],"picked":"Iron Wave","floor":5},{"not_picked":["Anger","Sword Boomerang"],"picked":"Fire Breathing","floor":7},{"not_picked":["Armaments","Dark Embrace"],"picked":"Clash","floor":11},{"not_picked":["Twin Strike","Heavy Blade"],"picked":"Shrug It Off","floor":13},{"not_picked":["True Grit","Carnage"],"picked":"Perfected Strike","floor":14},{"not_picked":["Juggernaut","Double Tap"],"picked":"Limit Break","floor":16},{"not_picked":["Flex","Metallicize"],"picked":"Perfected Strike","floor":18},{"not_picked":["Reckless Charge","Thunderclap"],"picked":"Clash","floor":25},{"not_picked":["Clothesline","Battle Trance"],"picked":"Ghostly Armor","floor":27}],"player_experience":130826,"potions_floor_usage":[7,7,7,18,27,30],"damage_taken":[{"damage":6,"enemies":"2 Louse","floor":1,"turns":4},{"damage":0,"enemies":"Cultist","floor":5,"turns":2},{"damage":0,"enemies":"Gremlin Nob","floor":7,"turns":3},{"damage":5,"enemies":"Jaw Worm","floor":11,"turns":2},{"damage":2,"enemies":"3 Sentries","floor":13,"turns":5},{"damage":0,"enemies":"Exordium Thugs","floor":14,"turns":3},{"damage":36,"enemies":"Slime Boss","floor":16,"turns":9},{"damage":10,"enemies":"Shell Parasite","floor":18,"turns":5},{"damage":12,"enemies":"3 Byrds","floor":20,"turns":6},{"damage":40,"enemies":"Gremlin Leader","floor":25,"turns":7},{"damage":16,"enemies":"3 Cultists","floor":27,"turns":5},{"damage":16,"enemies":"Cultist and Chosen","floor":30,"turns":3}],"event_choices":[{"event_name":"The Lab","player_choice":"Got Potions","floor":2,"damage_taken":0},{"event_name":"Golden Idol","player_choice":"Lose Max HP","floor":3,"damage_taken":0},{"event_name":"Shining Light","player_choice":"Entered Light","floor":4,"damage_taken":0},{"event_name":"Scrap Ooze","player_choice":"success","floor":10,"damage_taken":3},{"event_name":"Dead Adventurer","player_choice":"Searched \u00271\u0027 times","floor":13,"damage_taken":0},{"event_name":"Drug Dealer","player_choice":"Got JAXXED","floor":19,"damage_taken":0},{"event_name":"Beggar","player_choice":"Gave Gold","floor":21,"damage_taken":0},{"event_name":"Duplicator","player_choice":"One dupe","floor":22,"damage_taken":0}],"boss_relics":[{"not_picked":["Eternal Feather","Sozu"],"picked":"Runic Pyramid"}],"potions_floor_spawned":[1,13,16,25],"seed_played":"-1531621144181579769","killed_by":"Cultist and Chosen","ascension_level":0,"is_trial":false}