{"gold_per_floor":[115,22,22,22,38,38,70,70,70,70,88,105,105,123,123,223,223,238,10,28,41,52,52,52,52,52,52,62,80,80,80,80,178,178,192,42,1041,1041,1058,1058,1058,1058,1058,1058,1076,1088,1088],"floor_reached":47,"playtime":2448,"items_purged":[],"score":675,"play_id":"d2d2e5ef-a58b-437e-ad57-cea6b483b4e2","local_time":"20180722053715","daily_mods":["Draft"],"is_ascension_mode":false,"campfire_choices":[{"data":"Sentinel","floor":6,"key":"SMITH"},{"data":"Corruption","floor":10,"key":"SMITH"},{"data":"Body Slam","floor":13,"key":"SMITH"},{"data":"Body Slam","floor":15,"key":"SMITH"},{"data":"Limit Break","floor":23,"key":"SMITH"},{"data":"Double Tap","floor":25,"key":"SMITH"},{"data":"Flame Barrier","floor":27,"key":"SMITH"},{"data":"Evolve","floor":30,"key":"SMITH"},{"data":"Armaments","floor":32,"key":"SMITH"},{"floor":40,"key":"REST"},{"data":"Barricade","floor":42,"key":"SMITH"},{"data":"Apotheosis","floor":44,"key":"SMITH"}],"neow_cost":"","seed_source_timestamp":1125544126898530,"circlet_count":0,"master_deck":["Entrench","Body Slam","True Grit","True Grit","Armaments","Iron Wave","Flame Barrier+1","Seeing Red","Corruption+1","Body Slam+1","Feel No Pain","Ghostly Armor","Iron Wave","Iron Wave","Reckless Charge","Shrug It Off","Sentinel+1","Double Tap+1","Body Slam+1","Rage","Feel No Pain","Immolate","Power Through","Burning Pact","Limit Break+1","Bloodletting","Havoc","Thunderclap+1","Armaments+1","Shockwave","Burning Pact","Demon Form","Ghostly Armor","Evolve+1","Barricade+1","Dual Wield+1","Body Slam+1","Deep Breath","Shrug It Off+1","Purity","Apotheosis+1","Dramatic Entrance+1","Power Through","Hemokinesis+1"],"relics":["Black Blood","Mercury Hourglass","Bottled Tornado","Mummified Hand","Orrery","Strange Spoon","Molten Egg 2","Kunai"],"potions_floor_usage":[12,18,20,28,29,29,33,45,47],"damage_taken":[{"damage":4,"enemies":"Cultist","floor":1,"turns":5},{"damage":0,"enemies":"Small Slimes","floor":5,"turns":2},{"damage":1,"enemies":"3 Sentries","floor":7,"turns":7},{"damage":3,"enemies":"Jaw Worm","floor":11,"turns":2},{"damage":0,"enemies":"2 Fungi Beasts","floor":12,"turns":2},{"damage":0,"enemies":"Large Slime","floor":14,"turns":5},{"damage":14,"enemies":"Hexaghost","floor":16,"turns":8},{"damage":0,"enemies":"Spheric Guardian","floor":18,"turns":3},{"damage":8,"enemies":"2 Thieves","floor":20,"turns":3},{"damage":0,"enemies":"3 Cultists","floor":21,"turns":5},{"damage":3,"enemies":"Snecko","floor":22,"turns":6},{"damage":10,"enemies":"Centurion and Healer","floor":28,"turns":5},{"damage":4,"enemies":"Sentry and Sphere","floor":29,"turns":6},{"damage":68,"enemies":"Collector","floor":33,"turns":8},{"damage":38,"enemies":"3 Darklings","floor":35,"turns":9},{"damage":6,"enemies":"Orb Walker","floor":39,"turns":5},{"damage":56,"enemies":"Transient","floor":45,"turns":5},{"damage":3,"enemies":"Sphere and 2 Shapes","floor":46,"turns":7},{"damage":41,"floor":47,"turns":6}],"seed_played":"474354384429173942","potions_obtained":[{"floor":7,"key":"Ancient Potion"},{"floor":11,"key":"Fire Potion"},{"floor":12,"key":"GamblersBrew"},{"floor":16,"key":"Poison Potion"},{"floor":22,"key":"Poison Potion"},{"floor":28,"key":"Ancient Potion"},{"floor":29,"key":"Ancient Potion"},{"floor":39,"key":"Ancient Potion"},{"floor":46,"key":"Poison Potion"}],"is_trial":true,"path_per_floor":["M","$","?","?","M","R","E","?","T","R","M","M","R","M","R","B",null,"M","$","M","M","M","R","?","R","T","R","M","M","R","?","R","B",null,"M","$","?","?","M","R","?","R","T","R","M","M"],"character_chosen":"IRONCLAD","items_purchased":["Shrug It Off","Iron Wave","Strange Spoon","Armaments","Body Slam+1","Deep Breath"],"campfire_rested":1,"item_purchase_floors":[2,2,19,19,36,36],"current_hp_per_floor":[80,80,73,70,76,76,80,80,80,80,80,80,80,80,80,72,80,80,80,78,80,80,80,80,80,80,80,76,78,78,78,78,16,80,52,52,52,52,56,80,70,70,70,70,24,31,0],"gold":1088,"neow_bonus":"","is_prod":false,"is_daily":false,"chose_seed":false,"campfire_upgraded":11,"win_rate":0,"timestamp":1532252235,"path_taken":["M","$","?","?","?","R","E","?","T","R","M","M","R","M","R","BOSS","M","$","M","M","M","R","?","R","T","R","?","M","R","?","R","BOSS","M","$","?","?","M","R","?","R","T","R","M","?","?"],"build_version":"2018-07-19","purchased_purges":0,"victory":false,"max_hp_per_floor":[80,80,80,80,80,80,80,80,80,80,80,80,80,80,80,80,80,80,80,80,80,80,80,80,80,80,80,80,80,80,80,80,80,80,80,80,80,80,80,80,80,80,80,80,80,80,80],"card_choices":[{"not_picked":["Sword Boomerang","Warcry"],"picked":"Entrench","floor":0},{"not_picked":["Pommel Strike","Thunderclap"],"picked":"Body Slam","floor":0},{"not_picked":["Intimidate","Pommel Strike"],"picked":"True Grit","floor":0},{"not_picked":["Sword Boomerang","Thunderclap"],"picked":"True Grit","floor":0},{"not_picked":["Clash","Shockwave"],"picked":"Armaments","floor":0},{"not_picked":["Havoc","Rage"],"picked":"Iron Wave","floor":0},{"not_picked":["Twin Strike","Uppercut"],"picked":"Flame Barrier","floor":0},{"not_picked":["Shrug It Off","Infernal Blade"],"picked":"Seeing Red","floor":0},{"not_picked":["Shrug It Off","Power Through"],"picked":"Corruption","floor":0},{"not_picked":["Clothesline","Reckless Charge"],"picked":"Body Slam","floor":0},{"not_picked":["Anger","Heavy Blade"],"picked":"Feel No Pain","floor":0},{"not_picked":["Shrug It Off","Rampage"],"picked":"Ghostly Armor","floor":0},{"not_picked":["Cleave","Rupture"],"picked":"Iron Wave","floor":0},{"not_picked":["Perfected Strike","Anger"],"picked":"Iron Wave","floor":0},{"not_picked":["Havoc","Anger"],"picked":"Reckless Charge","floor":0},{"not_picked":["True Grit","Twin Strike"],"picked":"Pommel Strike","floor":1},{"not_picked":["Iron Wave","Thunderclap"],"picked":"Sentinel","floor":5},{"not_picked":["Cleave","Burning Pact"],"picked":"Double Tap","floor":7},{"not_picked":["Armaments","Searing Blow"],"picked":"Body Slam","floor":11},{"not_picked":["Rampage","Cleave"],"picked":"Rage","floor":12},{"not_picked":["True Grit","Flex"],"picked":"Feel No Pain","floor":14},{"not_picked":["Feed","Offering"],"picked":"Immolate","floor":16},{"not_picked":["Blood for Blood","Warcry"],"picked":"Power Through","floor":17},{"not_picked":["Clothesline","Clash"],"picked":"Burning Pact","floor":17},{"not_picked":["Iron Wave","Anger"],"picked":"Limit Break","floor":17},{"not_picked":["True Grit","Wild Strike"],"picked":"Bloodletting","floor":17},{"not_picked":["Armaments","Whirlwind"],"picked":"Havoc","floor":17},{"not_picked":["True Grit+1","Perfected Strike+1"],"picked":"Thunderclap+1","floor":18},{"not_picked":["Sword Boomerang+1","Reckless Charge"],"picked":"Shockwave","floor":20},{"not_picked":["Wild Strike","Pommel Strike+1"],"picked":"Burning Pact","floor":21},{"not_picked":["Shrug It Off+1","Iron Wave"],"picked":"Demon Form","floor":22},{"not_picked":["Thunderclap+1","Iron Wave+1"],"picked":"Ghostly Armor","floor":28},{"not_picked":["Clash+1","Iron Wave+1"],"picked":"Evolve","floor":29},{"not_picked":["Fiend Fire+1","Demon Form"],"picked":"Barricade","floor":33},{"not_picked":["Corruption","Headbutt+1"],"picked":"Dual Wield+1","floor":35},{"not_picked":["Warcry","Flex+1"],"picked":"Shrug It Off+1","floor":39},{"not_picked":["Transmutation","Blind"],"picked":"Purity","floor":41},{"not_picked":["Madness","Finesse"],"picked":"Apotheosis","floor":41},{"not_picked":["Swift Strike+1","Panache"],"picked":"Dramatic Entrance+1","floor":41},{"not_picked":["Pummel+1","Twin Strike+1"],"picked":"Power Through","floor":45},{"not_picked":["Perfected Strike+1","Twin Strike+1"],"picked":"Hemokinesis+1","floor":46}],"player_experience":481008,"relics_obtained":[{"floor":7,"key":"Bottled Tornado"},{"floor":9,"key":"Mummified Hand"},{"floor":26,"key":"Molten Egg 2"},{"floor":43,"key":"Kunai"}],"event_choices":[{"event_name":"Golden Wing","player_choice":"Card Removal","floor":3,"damage_taken":0},{"event_name":"Scrap Ooze","player_choice":"success","floor":4,"damage_taken":3},{"event_name":"The Cleric","player_choice":"Leave","floor":8,"damage_taken":0},{"event_name":"Purifier","player_choice":"One Purge","floor":24,"damage_taken":0},{"event_name":"Back to Basics","player_choice":"Simplicity","floor":31,"damage_taken":0},{"event_name":"MindBloom","player_choice":"Gold","floor":37,"damage_taken":0},{"event_name":"Fountain of Cleansing","player_choice":"Removed Curse","floor":38,"damage_taken":0},{"event_name":"SensoryStone","player_choice":"Memory 3","floor":41,"damage_taken":0},{"event_name":"Mysterious Sphere","player_choice":"Fight","floor":47,"damage_taken":0}],"is_beta":true,"boss_relics":[{"not_picked":["Pandora\u0027s Box","Black Star"],"picked":"Orrery"},{"not_picked":["Mark of Pain","Eternal Feather"],"picked":"Black Blood"}],"items_purged_floors":[],"is_endless":true,"potions_floor_spawned":[7,11,12,16,22,28,29,39,46],"ascension_level":0}