{"path_per_floor":["M","$","M","M","M","R","E","?","T","?","R","?","M","M","R","B",null,"M","$","M","?","M","R","?","M","T","R","?","M","R","?","R","B",null,"M"],"character_chosen":"DEFECT","items_purchased":["DataDisk","Regal Pillow","Static Discharge","Cables","FTL"],"gold_per_floor":[362,24,37,52,72,72,105,180,207,207,207,172,190,204,204,306,306,323,31,49,49,64,64,64,79,106,106,106,125,125,75,75,174,174,193,193],"floor_reached":36,"campfire_rested":5,"playtime":1486,"current_hp_per_floor":[64,64,64,64,39,75,43,32,32,57,57,75,56,43,75,35,75,56,56,49,33,6,43,43,3,3,40,40,31,68,68,68,31,75,13,0],"items_purged":[],"gold":193,"score":364,"play_id":"ccf26b22-013b-407f-99e4-2490f600f322","local_time":"20180430141748","is_prod":false,"is_daily":false,"chose_seed":false,"is_ascension_mode":false,"campfire_upgraded":2,"timestamp":1525112268,"path_taken":["M","$","M","M","M","R","E","?","T","?","R","?","M","M","R","BOSS","M","$","M","?","M","R","?","M","T","R","?","M","R","?","R","BOSS","M","M"],"build_version":"2018-04-27v3","seed_source_timestamp":1282050962638058,"purchased_purges":0,"victory":false,"master_deck":["Strike_B","Strike_B","Strike_B","Strike_B","Defend_B","Defend_B","Defend_B","Defend_B","Zap","Dualcast","Writhe","Auto Shields","Static Discharge","Go for the Eyes","Melter","Thunder Strike","Gash+1","Darkness","Echo Form+1","FTL","FTL","Machine Learning","Gash","White Noise+1","Aggregate","Biased Cognition","Parasite","Injury","Injury","Self Repair+1"],"max_hp_per_floor":[75,75,75,75,75,75,75,75,75,75,75,75,75,75,75,75,75,75,75,75,75,75,75,75,75,75,75,75,75,75,75,75,75,75,75,75],"relics":["Cracked Core","DataDisk","Regal Pillow","Juzu Bracelet","Blood Vial","Inserter","Cables","Enchiridion","Bronze Scales","Calling Bell","Lantern","Kunai","Ice Cream"],"card_choices":[{"not_picked":["Force Field","Capacitor"],"picked":"Auto Shields","floor":1},{"not_picked":["Reinforced Body","Turbo"],"picked":"Go for the Eyes","floor":3},{"not_picked":["Stack","Leap"],"picked":"Melter","floor":4},{"not_picked":["Stack","Axe Kick"],"picked":"Thunder Strike","floor":5},{"not_picked":["Beam Cell","Rebound"],"picked":"Gash","floor":7},{"not_picked":["Steam Power","Blizzard"],"picked":"Darkness","floor":14},{"not_picked":["Amplify","Fusion"],"picked":"Echo Form","floor":16},{"not_picked":["Sweeping Beam","Capacitor"],"picked":"FTL","floor":18},{"not_picked":["Hologram","Capacitor"],"picked":"Machine Learning","floor":20},{"not_picked":["Turbo","Axe Kick"],"picked":"Gash","floor":22},{"not_picked":["Aggregate","Hologram"],"picked":"White Noise","floor":25},{"not_picked":["Cold Snap","Hologram"],"picked":"Aggregate","floor":29},{"not_picked":["Meteor Strike","Hyperbeam"],"picked":"Biased Cognition","floor":33},{"not_picked":["Beam Cell","Glacier"],"picked":"Self Repair","floor":35}],"player_experience":94750,"potions_floor_usage":[3,5,16,20,22,33],"damage_taken":[{"damage":11,"enemies":"Jaw Worm","floor":1,"turns":4},{"damage":0,"enemies":"Small Slimes","floor":3,"turns":2},{"damage":0,"enemies":"2 Louse","floor":4,"turns":3},{"damage":25,"enemies":"Gremlin Gang","floor":5,"turns":5},{"damage":32,"enemies":"Gremlin Nob","floor":7,"turns":5},{"damage":19,"enemies":"3 Louse","floor":13,"turns":3},{"damage":15,"enemies":"Looter","floor":14,"turns":3},{"damage":40,"enemies":"The Guardian","floor":16,"turns":9},{"damage":19,"enemies":"Shell Parasite","floor":18,"turns":4},{"damage":9,"enemies":"3 Byrds","floor":20,"turns":2},{"damage":29,"enemies":"Snake Plant","floor":22,"turns":5},{"damage":42,"enemies":"Snecko","floor":25,"turns":5},{"damage":11,"enemies":"Centurion and Healer","floor":29,"turns":8},{"damage":43,"enemies":"Champ","floor":33,"turns":12},{"damage":62,"enemies":"3 Shapes","floor":35,"turns":4},{"damage":22,"enemies":"Flame Bruiser 1 Orb","floor":36,"turns":3}],"event_choices":[{"event_name":"World of Goop","player_choice":"Gather Gold","floor":8,"damage_taken":0},{"event_name":"Big Fish","player_choice":"Banana","floor":10,"damage_taken":0},{"event_name":"The Cleric","player_choice":"Healed","floor":12,"damage_taken":0},{"event_name":"Cursed Tome","player_choice":"Obtained Book","floor":21,"damage_taken":0},{"event_name":"Beggar","player_choice":"Ignored","floor":24,"damage_taken":0},{"event_name":"Drug Dealer","player_choice":"Ignored","floor":28,"damage_taken":0},{"event_name":"The Joust","player_choice":"Bet on Murderer","floor":31,"damage_taken":0}],"boss_relics":[{"not_picked":["Velvet Choker","Runic Dome"],"picked":"Inserter"},{"not_picked":["Tiny House","Nuclear Battery"],"picked":"Calling Bell"}],"potions_floor_spawned":[1,3,14,18,20,29],"seed_played":"-5812889760748886829","killed_by":"Flame Bruiser 1 Orb","ascension_level":0,"is_trial":false}