{"path_per_floor":["M","M","M","M","?","R","M","E","T","R","M","M","$","?","R","B",null,"M","$","?","?","?","R","?","?","T","M","M","R","?","M","R"],"character_chosen":"IRONCLAD","items_purchased":["Apotheosis","Offering"],"gold_per_floor":[116,135,151,169,169,169,180,206,206,206,217,228,46,46,46,150,180,194,34,34,34,34,34,34,0,0,17,29,29,29,49,49,49],"floor_reached":33,"campfire_rested":0,"playtime":1026,"current_hp_per_floor":[45,45,51,57,41,41,45,37,37,37,45,51,51,86,86,27,91,77,77,77,45,45,45,45,45,45,49,53,53,45,51,51,0],"items_purged":[],"gold":49,"score":272,"play_id":"8ac580ae-c832-4240-a506-625836b2bc0f","local_time":"20180508045804","is_prod":false,"is_daily":false,"chose_seed":false,"is_ascension_mode":false,"campfire_upgraded":6,"timestamp":1525769884,"path_taken":["M","M","M","?","?","R","M","E","T","R","?","M","$","?","R","BOSS","M","$","?","?","?","R","?","?","T","M","?","R","?","M","R","BOSS"],"build_version":"2018-05-03","seed_source_timestamp":1940111650303809,"purchased_purges":0,"victory":false,"master_deck":["Strike_R","Strike_R","Strike_R+1","Strike_R","Defend_R","Defend_R","Defend_R","Defend_R","Bash+1","Immolate","Searing Blow+7","Feed","Apotheosis","Feed","Armaments","Flex","Offering","Ghostly","Ghostly","Ghostly","Ghostly","Ghostly","Feed","Armaments"],"max_hp_per_floor":[80,80,80,80,80,80,80,83,83,83,86,86,86,86,86,86,91,91,91,91,45,45,45,45,45,45,49,53,53,58,66,66,66],"relics":["Burning Blood","Oddly Smooth Stone","Shuriken","Tiny House","Bronze Scales","Molten Egg 2"],"card_choices":[{"not_picked":["Feed","Impervious"],"picked":"Immolate","floor":0},{"not_picked":["Combust","Clash"],"picked":"Searing Blow","floor":1},{"not_picked":["Burning Pact","Pommel Strike"],"picked":"Feed","floor":4},{"not_picked":["Juggernaut","Twin Strike"],"picked":"Infernal Blade","floor":11},{"not_picked":["Impervious","Immolate"],"picked":"Feed","floor":16},{"not_picked":["Wild Strike","Sword Boomerang"],"picked":"Armaments","floor":17},{"not_picked":["Fire Breathing","Body Slam"],"picked":"Flex","floor":18},{"not_picked":["Seeing Red","Flex"],"picked":"Armaments","floor":27}],"player_experience":207967,"potions_floor_usage":[3,3,7,11,16,27,27,31,33],"damage_taken":[{"damage":1,"enemies":"Cultist","floor":1,"turns":3},{"damage":6,"enemies":"Jaw Worm","floor":2,"turns":3},{"damage":0,"enemies":"2 Louse","floor":3,"turns":2},{"damage":0,"enemies":"2 Fungi Beasts","floor":4,"turns":2},{"damage":2,"enemies":"Red Slaver","floor":7,"turns":3},{"damage":17,"enemies":"3 Sentries","floor":8,"turns":6},{"damage":1,"enemies":"Blue Slaver","floor":11,"turns":3},{"damage":0,"enemies":"Lots of Slimes","floor":12,"turns":1},{"damage":65,"enemies":"Hexaghost","floor":16,"turns":11},{"damage":20,"enemies":"Spheric Guardian","floor":18,"turns":5},{"damage":4,"enemies":"Shell Parasite","floor":27,"turns":3},{"damage":6,"enemies":"3 Cultists","floor":28,"turns":6},{"damage":8,"enemies":"Cultist and Chosen","floor":31,"turns":6},{"damage":51,"enemies":"Collector","floor":33,"turns":7}],"event_choices":[{"event_name":"Shining Light","player_choice":"Entered Light","floor":5,"damage_taken":0},{"event_name":"Bonfire Elementals","player_choice":"UNCOMMON","floor":14,"damage_taken":0},{"event_name":"Purifier","player_choice":"One Purge","floor":20,"damage_taken":0},{"event_name":"Ghosts","player_choice":"Became a Ghost","floor":21,"damage_taken":0},{"event_name":"The Mausoleum","player_choice":"Yes","floor":22,"damage_taken":0},{"event_name":"The Library","player_choice":"Read","floor":24,"damage_taken":0},{"event_name":"Masked Bandits","player_choice":"Paid Bandits 34 gold","floor":25,"damage_taken":0},{"event_name":"Forgotten Altar","player_choice":"Shed Blood","floor":30,"damage_taken":0}],"boss_relics":[{"not_picked":["Runic Dome","Mark of Pain"],"picked":"Tiny House"}],"potions_floor_spawned":[1,2,4,8,11,16,27,31],"seed_played":"8254334956836227552","killed_by":"Collector","ascension_level":0,"is_trial":false}