{"path_per_floor":["M","?","?","M","?","R","$","M","T","?","M","R","M","M","R","B",null,"M","?","?","$","M"],"character_chosen":"DEFECT","items_purchased":["Rainbow","War Paint","Capacitor"],"gold_per_floor":[109,109,109,128,88,88,16,31,31,281,293,293,312,329,329,427,427,414,339,289,34,52,52],"floor_reached":23,"campfire_rested":3,"playtime":800,"current_hp_per_floor":[32,32,25,25,25,47,47,50,50,56,54,78,46,46,70,42,99,48,48,48,48,26,0],"items_purged":["Pain"],"gold":52,"score":206,"play_id":"368da174-a367-451b-a5ed-fdd5035db689","local_time":"20180428195211","is_prod":false,"is_daily":false,"chose_seed":false,"is_ascension_mode":false,"campfire_upgraded":0,"timestamp":1524959531,"path_taken":["M","?","?","M","?","R","$","?","T","?","?","R","M","M","R","BOSS","M","?","?","$","M","M"],"build_version":"2018-04-27v3","seed_source_timestamp":1130016167578142,"purchased_purges":1,"victory":false,"master_deck":["Strike_B","Strike_B","Strike_B","Strike_B","Defend_B","Defend_B","Defend_B","Defend_B","Zap","Dualcast","Creative AI","Blaster+1","Barrage","Rainbow+1","Static Discharge","Impulse+1","Ball Lightning","Gash","Redo","Clumsy","Pain","Capacitor+1","Capacitor","Glacier"],"max_hp_per_floor":[75,75,75,75,75,75,75,75,75,81,81,81,81,81,81,81,99,99,99,99,99,99,99],"relics":["Cracked Core","Darkstone Periapt","Shuriken","Calling Bell","Bronze Scales","Centennial Puzzle","Calipers","War Paint"],"card_choices":[{"not_picked":["Amplify","Reboot"],"picked":"Creative AI","floor":0},{"not_picked":["Capacitor","Rebound"],"picked":"Blaster","floor":1},{"not_picked":["Glacier","Rip and Tear"],"picked":"Barrage","floor":4},{"not_picked":["Capacitor","Coolheaded"],"picked":"Static Discharge","floor":8},{"not_picked":["Leap","Barrage"],"picked":"Impulse","floor":11},{"not_picked":["Stack","Reprogram"],"picked":"Ball Lightning","floor":13},{"not_picked":["Creative AI","Go for the Eyes"],"picked":"Gash","floor":14},{"not_picked":["Fusion","All For One"],"picked":"Redo","floor":16},{"not_picked":["Flux Capacitor","Barrage"],"picked":"Capacitor","floor":18},{"not_picked":["Axe Kick","Capacitor"],"picked":"Glacier","floor":22}],"player_experience":8806,"potions_floor_usage":[8,8,11,11,14,16,23],"damage_taken":[{"damage":6,"enemies":"Cultist","floor":1,"turns":4},{"damage":0,"enemies":"Small Slimes","floor":4,"turns":3},{"damage":0,"enemies":"2 Louse","floor":8,"turns":2},{"damage":2,"enemies":"Exordium Wildlife","floor":11,"turns":4},{"damage":32,"enemies":"Looter","floor":13,"turns":4},{"damage":0,"enemies":"3 Louse","floor":14,"turns":2},{"damage":28,"enemies":"Slime Boss","floor":16,"turns":7},{"damage":51,"enemies":"2 Thieves","floor":18,"turns":4},{"damage":22,"enemies":"3 Byrds","floor":22,"turns":4},{"damage":34,"enemies":"Slaver and Parasite","floor":23,"turns":3}],"event_choices":[{"event_name":"Living Wall","player_choice":"Grow","floor":2,"damage_taken":0},{"event_name":"Scrap Ooze","player_choice":"success","floor":3,"damage_taken":7},{"event_name":"The Woman in Blue","player_choice":"Bought 3 Potions","floor":5,"damage_taken":0},{"event_name":"Golden Shrine","player_choice":"Desecrate","floor":10,"damage_taken":0},{"event_name":"Beggar","player_choice":"Gave Gold","floor":19,"damage_taken":0},{"event_name":"The Joust","player_choice":"Bet on Murderer","floor":20,"damage_taken":0}],"boss_relics":[{"not_picked":["Runic Pyramid","Philosopher\u0027s Stone"],"picked":"Calling Bell"}],"potions_floor_spawned":[8,13,14,22],"seed_played":"3564915018156507055","killed_by":"Slaver and Parasite","ascension_level":0,"is_trial":false}