{"gold_per_floor":[117,128,148,159,159,189,9,27,27,27,27,59,234,251,251,251],"floor_reached":16,"playtime":521,"items_purged":[],"score":129,"play_id":"10f9a33c-2812-4b4b-ab76-df139b6a4ab4","local_time":"20180705015221","is_ascension_mode":true,"campfire_choices":[{"floor":15,"key":"REST"}],"neow_cost":"NONE","seed_source_timestamp":266764880242321,"circlet_count":0,"master_deck":["Strike_R","Strike_R","Strike_R","Strike_R","Defend_R","Defend_R","Defend_R","Defend_R","Bash+1","Rampage","Flex","Sever Soul","Spot Weakness","Armaments","Rupture","Feed","Rage","Ghostly Armor","Pummel","Doubt","Anger"],"relics":["Burning Blood","Regal Pillow","Darkstone Periapt","CultistMask","Turnip"],"potions_floor_usage":[2,4,12,14],"damage_taken":[{"damage":9,"enemies":"Jaw Worm","floor":1,"turns":3},{"damage":6,"enemies":"Cultist","floor":2,"turns":3},{"damage":1,"enemies":"2 Louse","floor":3,"turns":2},{"damage":14,"enemies":"Red Slaver","floor":4,"turns":2},{"damage":25,"enemies":"Lagavulin","floor":6,"turns":5},{"damage":8,"enemies":"Blue Slaver","floor":8,"turns":2},{"damage":35,"enemies":"Gremlin Nob","floor":12,"turns":5},{"damage":1,"enemies":"Looter","floor":14,"turns":2},{"damage":81,"enemies":"Slime Boss","floor":16,"turns":10}],"seed_played":"-4877436177225830602","potions_obtained":[{"floor":1,"key":"Strength Potion"},{"floor":3,"key":"Fire Potion"},{"floor":8,"key":"Weak Potion"},{"floor":12,"key":"Fire Potion"}],"is_trial":false,"path_per_floor":["M","M","M","M","?","E","$","M","T","$","?","E","?","M","R"],"character_chosen":"IRONCLAD","items_purchased":["Feed","Rage"],"campfire_rested":1,"item_purchase_floors":[7,7],"current_hp_per_floor":[77,77,80,72,72,53,53,54,54,54,54,25,31,36,77,0],"gold":251,"neow_bonus":"UPGRADE_CARD","is_prod":false,"is_daily":false,"chose_seed":false,"campfire_upgraded":0,"win_rate":0,"timestamp":1530769941,"path_taken":["M","M","M","M","?","E","?","M","T","$","?","E","?","?","R","BOSS"],"build_version":"2018-07-03","purchased_purges":0,"victory":false,"max_hp_per_floor":[80,80,80,80,80,80,80,83,83,83,83,83,89,89,89,89],"card_choices":[{"not_picked":["Metallicize","Burning Pact"],"picked":"Rampage","floor":1},{"not_picked":["Sword Boomerang","Reckless Charge"],"picked":"Flex","floor":2},{"not_picked":["Clash","Uppercut"],"picked":"Sever Soul","floor":3},{"not_picked":["Fire Breathing","Havoc"],"picked":"Spot Weakness","floor":4},{"not_picked":["Twin Strike","Second Wind"],"picked":"Rupture","floor":6},{"not_picked":["Warcry","True Grit"],"picked":"Ghostly Armor","floor":8},{"not_picked":["Reckless Charge","True Grit"],"picked":"Pummel","floor":12},{"not_picked":["Reckless Charge","Perfected Strike"],"picked":"Anger","floor":14}],"player_experience":380706,"relics_obtained":[{"floor":6,"key":"Regal Pillow"},{"floor":9,"key":"Darkstone Periapt"},{"floor":12,"key":"Turnip"}],"event_choices":[{"event_name":"Living Wall","player_choice":"Change","floor":5,"damage_taken":0},{"event_name":"FaceTrader","player_choice":"Trade","floor":11,"damage_taken":0},{"event_name":"Liars Game","player_choice":"agreed","floor":13,"damage_taken":0}],"boss_relics":[],"items_purged_floors":[],"is_endless":false,"potions_floor_spawned":[1,3,8,12],"killed_by":"Slime Boss","ascension_level":3}