{"gold_per_floor":[119,136,38,49,49,77,77,77,100,100,126,73,73,25,25,129,129,144,69,9],"floor_reached":20,"playtime":856,"items_purged":["Normality"],"score":244,"play_id":"c10d0b25-4ddf-4b82-bf13-a0d6c2607c45","local_time":"20190706150226","is_ascension_mode":true,"campfire_choices":[{"floor":8,"key":"REST"},{"data":"Armaments","floor":10,"key":"SMITH"},{"data":"Clash","floor":13,"key":"SMITH"},{"data":"Flex","floor":15,"key":"SMITH"}],"neow_cost":"NONE","seed_source_timestamp":1066172884877688,"circlet_count":0,"master_deck":["Strike_R","Strike_R","Strike_R","Strike_R","Strike_R","Defend_R","Defend_R","Defend_R","Defend_R","Bash","Sentinel","Clash+1","Bandage Up","Armaments+1","Pummel","Brutality","Flex+1","Demon Form","Doubt","Parasite","Heavy Blade+1"],"relics":["Burning Blood","NeowsBlessing","Question Card","Blue Candle","Boot","Orichalcum","Calling Bell","PreservedInsect","Molten Egg 2","Dead Branch"],"potions_floor_usage":[6,11,16,20],"damage_taken":[{"damage":0,"enemies":"Cultist","floor":1,"turns":1},{"damage":0,"enemies":"Jaw Worm","floor":2,"turns":1},{"damage":0,"enemies":"2 Louse","floor":4,"turns":1},{"damage":47,"enemies":"Lagavulin","floor":6,"turns":7},{"damage":0,"enemies":"Gremlin Nob","floor":11,"turns":2},{"damage":43,"enemies":"The Guardian","floor":16,"turns":9},{"damage":68,"enemies":"Spheric Guardian","floor":18,"turns":8},{"damage":24,"enemies":"2 Thieves","floor":20,"turns":2}],"seed_played":"3874534261115465901","potions_obtained":[{"floor":1,"key":"FearPotion"},{"floor":6,"key":"AttackPotion"},{"floor":11,"key":"Swift Potion"},{"floor":18,"key":"SteroidPotion"}],"is_trial":false,"path_per_floor":["M","M","$","M","?","E","T","R","T","R","E","$","R","?","R","B",null,"M","$","M"],"character_chosen":"IRONCLAD","items_purchased":["Bandage Up","Flex"],"campfire_rested":1,"item_purchase_floors":[3,12],"current_hp_per_floor":[80,80,80,80,80,45,45,69,69,69,75,75,75,75,75,42,80,18,18,0],"gold":9,"neow_bonus":"THREE_ENEMY_KILL","is_prod":false,"is_daily":false,"chose_seed":false,"campfire_upgraded":3,"win_rate":0,"timestamp":1562439746,"path_taken":["M","?","$","M","?","E","?","R","T","R","E","$","R","?","R","BOSS","M","$","M"],"build_version":"2019-07-05","purchased_purges":1,"victory":false,"max_hp_per_floor":[80,80,80,80,80,80,80,80,80,80,80,80,80,80,80,80,80,80,80,80],"card_choices":[{"not_picked":["Clothesline","Havoc"],"picked":"Sentinel","floor":1},{"not_picked":["Twin Strike","Pommel Strike"],"picked":"Clash","floor":2},{"not_picked":["Sword Boomerang","Shrug It Off"],"picked":"Armaments","floor":4},{"not_picked":["Warcry","Ghostly Armor"],"picked":"Pummel","floor":6},{"not_picked":["Infernal Blade","Twin Strike","Sentinel"],"picked":"Brutality","floor":11},{"not_picked":["Double Tap","Bludgeon","Juggernaut"],"picked":"Demon Form","floor":16},{"not_picked":["Sword Boomerang+1","Clash+1","Dark Embrace"],"picked":"Heavy Blade+1","floor":18}],"player_experience":214305,"relics_obtained":[{"floor":6,"key":"Question Card"},{"floor":7,"key":"Blue Candle"},{"floor":9,"key":"Boot"},{"floor":11,"key":"Orichalcum"},{"floor":17,"key":"PreservedInsect"},{"floor":17,"key":"Molten Egg 2"},{"floor":17,"key":"Dead Branch"}],"event_choices":[{"damage_healed":0,"gold_gain":0,"player_choice":"Leave","damage_taken":0,"max_hp_gain":0,"max_hp_loss":0,"event_name":"The Cleric","floor":5,"gold_loss":0},{"damage_healed":0,"gold_gain":0,"player_choice":"Left Gold","damage_taken":0,"max_hp_gain":0,"max_hp_loss":0,"event_name":"World of Goop","floor":14,"gold_loss":48}],"is_beta":false,"boss_relics":[{"not_picked":["Astrolabe","Busted Crown"],"picked":"Calling Bell"}],"items_purged_floors":[19],"is_endless":false,"potions_floor_spawned":[1,6,11,18],"killed_by":"2 Thieves","ascension_level":4}