{"path_per_floor":["M","M","?","M","M","R","E","M","T","M","$","?","?","?","R"],"character_chosen":"IRONCLAD","items_purchased":["Gremlin Horn"],"gold_per_floor":[116,129,204,220,231,231,265,275,275,286,38,288,288,288,288],"floor_reached":16,"campfire_rested":2,"playtime":516,"current_hp_per_floor":[75,76,65,58,57,80,54,47,47,51,51,51,51,51,75],"items_purged":[],"gold":288,"score":102,"play_id":"0e0ef2f9-36cd-4fed-910e-56b0473b8138","local_time":"20180316080617","is_prod":false,"is_daily":false,"is_ascension_mode":false,"campfire_upgraded":0,"timestamp":1521201977,"path_taken":["M","M","?","M","M","R","E","M","T","?","$","?","?","?","R","BOSS"],"build_version":"2018-03-15","purchased_purges":0,"victory":false,"master_deck":["Strike_R","Strike_R","Strike_R","Strike_R","Strike_R","Defend_R","Defend_R","Defend_R","Defend_R","Bash","Demon Form","Body Slam","Whirlwind","Impervious","Cleave","Seeing Red","Juggernaut","Cleave","Regret","Regret","Injury"],"max_hp_per_floor":[80,80,80,80,80,80,80,80,80,80,80,80,80,80,80],"relics":["Burning Blood","Blue Candle","Anchor","Gremlin Horn","Charon\u0027s Ashes","Golden Idol"],"card_choices":[{"not_picked":["Pummel","Wild Strike"],"picked":"Body Slam"},{"not_picked":["Sentinel","Dropkick"],"picked":"Whirlwind"},{"not_picked":["Battle Trance","Iron Wave"],"picked":"Impervious"},{"not_picked":["Evolve","Havoc"],"picked":"Cleave"},{"not_picked":["Heavy Blade","Iron Wave"],"picked":"Seeing Red"},{"not_picked":["Anger","Iron Wave"],"picked":"Juggernaut"},{"not_picked":["Bloodletting","Warcry"],"picked":"Cleave"}],"player_experience":453092,"potions_floor_usage":[5,5],"damage_taken":[{"damage":11,"enemies":"Jaw Worm","floor":1,"turns":4},{"damage":5,"enemies":"Small Slimes","floor":2,"turns":4},{"damage":13,"enemies":"Cultist","floor":4,"turns":5},{"damage":7,"enemies":"Large Slime","floor":5,"turns":5},{"damage":32,"enemies":"3 Sentries","floor":7,"turns":4},{"damage":13,"enemies":"Lots of Slimes","floor":8,"turns":3},{"damage":2,"enemies":"3 Louse","floor":10,"turns":3},{"damage":79,"enemies":"Hexaghost","floor":16,"turns":7}],"event_choices":[{"event_name":"World of Goop","player_choice":"Gather Gold","floor":3,"damage_taken":0},{"event_name":"Golden Shrine","player_choice":"Desecrate","floor":12,"damage_taken":0},{"event_name":"Big Fish","player_choice":"Box","floor":13,"damage_taken":0},{"event_name":"Golden Idol","player_choice":"Take Wound","floor":14,"damage_taken":0}],"boss_relics":[],"potions_floor_spawned":[1,4],"seed_played":"352711323088274973","killed_by":"Hexaghost","ascension_level":0,"is_trial":false}