{"gold_per_floor":[118,148,167,22,36,36,66,66,121,153,164,25,37,57,57,156,156,171,171,188,206,206,232,7,19,43,55,99,111],"floor_reached":29,"playtime":1297,"items_purged":[],"score":303,"play_id":"40050e2e-c73f-41d6-a3f4-47ecade44fc4","local_time":"20180829082250","is_ascension_mode":true,"campfire_choices":[{"data":"Doom and Gloom","floor":6,"key":"SMITH"},{"floor":8,"key":"REST"},{"floor":15,"key":"REST"}],"neow_cost":"","seed_source_timestamp":149951727753736,"circlet_count":0,"master_deck":["Strike_B","Strike_B","Strike_B","Strike_B","Defend_B","Defend_B","Defend_B","Defend_B","Zap","Dualcast","Fusion","Barrage","Defragment","Doom and Gloom+1","Redo","Thunder Strike","White Noise","Leap","Storm","Double Energy","Redo","Conserve Battery","Meteor Strike","Gash+1","Gash","Force Field+1","Defragment","Chill","Conserve Battery+1","All For One"],"relics":["Cracked Core","Tiny Chest","Happy Flower","Centennial Puzzle","Gambling Chip","Snecko Eye","DataDisk","Blue Candle","Sling","MawBank","Dream Catcher"],"potions_floor_usage":[7,11,13,14,20,20,20,25,29],"damage_taken":[{"damage":0,"enemies":"2 Louse","floor":1,"turns":2},{"damage":12,"enemies":"Jaw Worm","floor":3,"turns":4},{"damage":6,"enemies":"Cultist","floor":5,"turns":3},{"damage":39,"enemies":"Lagavulin","floor":7,"turns":6},{"damage":22,"enemies":"Gremlin Nob","floor":10,"turns":4},{"damage":11,"enemies":"Exordium Thugs","floor":11,"turns":2},{"damage":0,"enemies":"Gremlin Gang","floor":13,"turns":3},{"damage":4,"enemies":"2 Fungi Beasts","floor":14,"turns":3},{"damage":19,"enemies":"Hexaghost","floor":16,"turns":8},{"damage":13,"enemies":"Shell Parasite","floor":18,"turns":3},{"damage":0,"enemies":"3 Byrds","floor":20,"turns":2},{"damage":14,"enemies":"Centurion and Healer","floor":21,"turns":3},{"damage":37,"enemies":"Book of Stabbing","floor":23,"turns":5},{"damage":13,"enemies":"Snecko","floor":25,"turns":4},{"damage":22,"enemies":"Slavers","floor":28,"turns":4},{"damage":9,"enemies":"Snake Plant","floor":29,"turns":2}],"seed_played":"-3626806102109246618","potions_obtained":[{"floor":1,"key":"Swift Potion"},{"floor":10,"key":"Poison Potion"},{"floor":11,"key":"SkillPotion"},{"floor":13,"key":"SkillPotion"},{"floor":18,"key":"EntropicBrew"},{"floor":23,"key":"Explosive Potion"}],"is_trial":false,"path_per_floor":["M","?","M","$","M","R","E","R","T","E","M","$","M","M","R","B",null,"M","T","M","M","?","E","$","M","T","$","E"],"character_chosen":"DEFECT","items_purchased":["Defragment","Doom and Gloom","Storm","Double Energy","Sling","Chill"],"campfire_rested":2,"item_purchase_floors":[4,4,12,12,24,24],"current_hp_per_floor":[75,72,60,60,54,54,15,37,37,15,4,4,11,7,29,10,75,62,62,62,48,73,36,36,30,30,30,8,0],"gold":111,"neow_bonus":"","is_prod":false,"is_daily":false,"chose_seed":false,"campfire_upgraded":1,"win_rate":0,"timestamp":1535545370,"path_taken":["M","?","M","?","M","R","E","R","T","E","M","$","M","M","R","BOSS","M","?","?","M","?","E","$","M","T","?","E","M"],"build_version":"2018-08-28","purchased_purges":0,"victory":false,"max_hp_per_floor":[75,75,75,75,75,75,75,75,75,75,75,75,75,75,75,75,75,75,75,75,75,75,75,75,75,75,75,75,75],"card_choices":[{"not_picked":["Capacitor","Beam Cell"],"picked":"Fusion","floor":1},{"not_picked":["Go for the Eyes","Stack"],"picked":"Barrage","floor":3},{"not_picked":["Cold Snap","FTL"],"picked":"Redo","floor":5},{"not_picked":["Recycle","Steam"],"picked":"Thunder Strike","floor":7},{"not_picked":["Compile Driver","Capacitor"],"picked":"White Noise","floor":10},{"not_picked":["Barrage","Auto Shields"],"picked":"Leap","floor":11},{"not_picked":["Stack","Beam Cell"],"picked":"Redo","floor":13},{"not_picked":["Cold Snap","Reprogram"],"picked":"Conserve Battery","floor":14},{"not_picked":["Rainbow","Reboot"],"picked":"Meteor Strike","floor":16},{"not_picked":["Compile Driver","Blizzard"],"picked":"Gash+1","floor":18},{"not_picked":["Reprogram","Stack"],"picked":"Gash","floor":20},{"not_picked":["Barrage","Genetic Algorithm"],"picked":"Force Field+1","floor":21},{"not_picked":["Go for the Eyes+1","Capacitor"],"picked":"Defragment","floor":23},{"not_picked":["Turbo","Coolheaded"],"picked":"Conserve Battery+1","floor":25},{"not_picked":["Gash","Rip and Tear"],"picked":"All For One","floor":28}],"player_experience":537316,"relics_obtained":[{"floor":7,"key":"Happy Flower"},{"floor":9,"key":"Centennial Puzzle"},{"floor":10,"key":"Gambling Chip"},{"floor":19,"key":"DataDisk"},{"floor":23,"key":"Blue Candle"},{"floor":26,"key":"MawBank"},{"floor":28,"key":"Dream Catcher"}],"event_choices":[{"event_name":"Scrap Ooze","player_choice":"success","floor":2,"damage_taken":3},{"event_name":"The Library","player_choice":"Heal","floor":22,"damage_taken":0}],"is_beta":true,"boss_relics":[{"not_picked":["Astrolabe","Ectoplasm"],"picked":"Snecko Eye"}],"items_purged_floors":[],"is_endless":false,"potions_floor_spawned":[1,10,11,13,18,23],"killed_by":"Snake Plant","ascension_level":2}