{"gold_per_floor":[118,118,25,36,36,36,54,54,106,135,155,168,197,214,214,313,313,331,256,456,472,490,490,490],"floor_reached":24,"playtime":855,"items_purged":[],"score":280,"play_id":"91438c66-931c-4b52-a41c-5c21ee53766f","local_time":"20190529193310","is_ascension_mode":true,"campfire_choices":[{"data":"Dramatic Entrance","floor":6,"key":"SMITH"},{"data":"Streamline","floor":8,"key":"SMITH"},{"floor":15,"key":"REST"},{"data":"Aggregate","floor":23,"key":"SMITH"}],"neow_cost":"NONE","seed_source_timestamp":697624552990200,"circlet_count":0,"master_deck":["Strike_B","Strike_B","Defend_B","Defend_B","Defend_B","Defend_B+1","Zap","Dualcast","Dramatic Entrance+1","Steam","Leap+1","Dramatic Entrance+1","Steam","Streamline+1","Creative AI","Beam Cell","Streamline","Meteor Strike","Gash","Creative AI","Sunder+1","Rebound","Aggregate+1"],"relics":["Cracked Core","Bag of Preparation","War Paint","Blood Vial","Runic Pyramid"],"potions_floor_usage":[10,13,14,14,21,22],"damage_taken":[{"damage":0,"enemies":"2 Louse","floor":1,"turns":2},{"damage":1,"enemies":"Cultist","floor":4,"turns":3},{"damage":0,"enemies":"Small Slimes","floor":7,"turns":1},{"damage":0,"enemies":"3 Sentries","floor":10,"turns":4},{"damage":0,"enemies":"Red Slaver","floor":11,"turns":2},{"damage":0,"enemies":"Lots of Slimes","floor":12,"turns":1},{"damage":25,"enemies":"Gremlin Nob","floor":13,"turns":6},{"damage":0,"enemies":"Large Slime","floor":14,"turns":3},{"damage":38,"enemies":"Slime Boss","floor":16,"turns":8},{"damage":29,"enemies":"Spheric Guardian","floor":18,"turns":7},{"damage":0,"enemies":"3 Byrds","floor":21,"turns":2},{"damage":34,"enemies":"Shelled Parasite and Fungi","floor":22,"turns":5},{"damage":22,"enemies":"Chosen and Byrds","floor":24,"turns":7}],"seed_played":"5683636622204840026","potions_obtained":[{"floor":1,"key":"Dexterity Potion"},{"floor":11,"key":"Swift Potion"},{"floor":12,"key":"SpeedPotion"},{"floor":13,"key":"AttackPotion"},{"floor":18,"key":"Fire Potion"},{"floor":21,"key":"Fire Potion"}],"is_trial":false,"path_per_floor":["M","?","$","M","?","R","M","R","T","E","M","M","E","M","R","B",null,"M","?","?","M","M","R","M"],"character_chosen":"DEFECT","items_purchased":["Dramatic Entrance"],"campfire_rested":1,"item_purchase_floors":[3],"current_hp_per_floor":[75,75,75,74,74,74,74,74,74,74,74,74,49,51,73,37,75,46,46,46,48,16,16,0],"gold":490,"neow_bonus":"RANDOM_COLORLESS","is_prod":false,"is_daily":false,"chose_seed":false,"campfire_upgraded":3,"win_rate":0,"timestamp":1559172790,"path_taken":["M","?","?","M","?","R","?","R","T","E","?","M","E","M","R","BOSS","M","?","?","M","M","R","M"],"build_version":"2019-05-28","purchased_purges":0,"victory":false,"max_hp_per_floor":[75,75,75,75,75,75,75,75,75,75,75,75,75,75,75,75,75,75,75,75,75,75,75,75],"card_choices":[{"not_picked":["Steam Power","Blizzard"],"picked":"Steam","floor":1},{"not_picked":["Stack","Blizzard"],"picked":"Steam","floor":4},{"not_picked":["Storm","Redo"],"picked":"Streamline","floor":7},{"not_picked":["Redo","Rebound"],"picked":"Creative AI","floor":10},{"not_picked":["Ball Lightning","Conserve Battery"],"picked":"Beam Cell","floor":11},{"not_picked":["Cold Snap","Compile Driver"],"picked":"Streamline","floor":12},{"not_picked":["Blizzard","Darkness"],"picked":"Meteor Strike","floor":13},{"not_picked":["Reinforced Body","Hologram"],"picked":"Gash","floor":14},{"not_picked":["All For One","Genetic Algorithm"],"picked":"Creative AI","floor":16},{"not_picked":["Go for the Eyes","Barrage"],"picked":"Sunder+1","floor":18},{"not_picked":["Ball Lightning","Reinforced Body"],"picked":"Rebound","floor":21},{"not_picked":["Go for the Eyes","Undo"],"picked":"Aggregate","floor":22}],"player_experience":916709,"relics_obtained":[{"floor":9,"key":"Bag of Preparation"},{"floor":10,"key":"War Paint"},{"floor":13,"key":"Blood Vial"}],"event_choices":[{"damage_healed":0,"gold_gain":0,"cards_transformed":["Strike_B"],"player_choice":"Transformed","damage_taken":0,"max_hp_gain":0,"max_hp_loss":0,"event_name":"Transmorgrifier","floor":2,"gold_loss":0,"cards_obtained":["Leap"]},{"damage_healed":0,"gold_gain":0,"player_choice":"Upgraded","damage_taken":0,"max_hp_gain":0,"max_hp_loss":0,"event_name":"Upgrade Shrine","floor":5,"gold_loss":0,"cards_upgraded":["Dramatic Entrance"]},{"cards_removed":["Strike_B"],"damage_healed":0,"gold_gain":0,"player_choice":"Gave Gold","damage_taken":0,"max_hp_gain":0,"max_hp_loss":0,"event_name":"Beggar","floor":19,"gold_loss":75},{"damage_healed":0,"gold_gain":200,"player_choice":"Gold","damage_taken":0,"max_hp_gain":0,"max_hp_loss":0,"event_name":"Wheel of Change","floor":20,"gold_loss":0}],"is_beta":true,"boss_relics":[{"not_picked":["Runic Dome","White Beast Statue"],"picked":"Runic Pyramid"}],"items_purged_floors":[],"is_endless":false,"potions_floor_spawned":[1,11,12,13,18,21],"killed_by":"Chosen and Byrds","ascension_level":4}