{"gold_per_floor":[109,120,135,145,158,190,190,147,195,195,206,131,157,157,157,248,248,261,311,311,94,112,112],"floor_reached":23,"playtime":777,"items_purged":["Injury"],"score":402,"play_id":"249b17c5-dcfa-4bf9-a278-60ea469b0a06","local_time":"20190523152354","is_ascension_mode":true,"campfire_choices":[{"data":"Sunder","floor":7.0,"key":"SMITH"},{"floor":10.0,"key":"REST"},{"floor":15.0,"key":"REST"}],"neow_cost":"NONE","seed_source_timestamp":113883063690032,"circlet_count":0,"master_deck":["AscendersBane","Strike_B","Strike_B","Strike_B","Defend_B","Defend_B","Defend_B","Defend_B","Zap","Dualcast","Ball Lightning","Rebound","Sunder+1","Rainbow"],"special_seed":0,"relics":["Snecko Eye","Darkstone Periapt","Smiling Mask","Molten Egg 2","Golden Idol","Busted Crown","Strawberry"],"potions_floor_usage":[16,16,16,23],"damage_taken":[{"damage":10.0,"enemies":"2 Louse","floor":1.0,"turns":3.0},{"damage":12.0,"enemies":"Small Slimes","floor":2.0,"turns":3.0},{"damage":2.0,"enemies":"Jaw Worm","floor":3.0,"turns":2.0},{"damage":24.0,"enemies":"3 Louse","floor":4.0,"turns":4.0},{"damage":1.0,"enemies":"Lots of Slimes","floor":5.0,"turns":3.0},{"damage":5.0,"enemies":"Lagavulin","floor":6.0,"turns":5.0},{"damage":1.0,"enemies":"Looter","floor":11.0,"turns":2.0},{"damage":4.0,"enemies":"Gremlin Nob","floor":13.0,"turns":3.0},{"damage":50,"enemies":"The Guardian","floor":16,"turns":11},{"damage":28,"enemies":"3 Byrds","floor":18,"turns":5},{"damage":0,"enemies":"Chosen","floor":22,"turns":3},{"damage":42,"enemies":"Book of Stabbing","floor":23,"turns":4}],"seed_played":"6270201355786638096","potions_obtained":[{"floor":3.0,"key":"SkillPotion"},{"floor":5.0,"key":"SteroidPotion"},{"floor":6.0,"key":"Block Potion"},{"floor":11.0,"key":"EntropicBrew"},{"floor":16,"key":"FearPotion"},{"floor":20,"key":"Block Potion"}],"is_trial":false,"path_per_floor":["M","M","M","M","M","E","R","?","T","R","M","?","E","?","R","B",null,"M","?","?","$","M","E"],"character_chosen":"DEFECT","items_purchased":["Strawberry"],"campfire_rested":2,"item_purchase_floors":[21],"current_hp_per_floor":[54,42,40,16,15,10,10,10,10,31,30,30,26,32,55,5,59,31,31,31,38,38,0],"gold":112,"neow_bonus":"BOSS_RELIC","is_prod":false,"is_daily":false,"chose_seed":false,"campfire_upgraded":1,"win_rate":0,"timestamp":1558617834,"path_taken":["M","M","M","M","M","E","R","?","T","R","M","?","E","?","R","BOSS","M","?","?","$","?","E"],"build_version":"2019-01-23","purchased_purges":1,"victory":false,"max_hp_per_floor":[71,71,71,71,71,71,71,71,71,71,71,71,71,77,77,77,77,77,77,77,84,84,84],"card_choices":[{"not_picked":["Compile Driver","Heatsinks","Reprogram"],"picked":"SKIP","floor":1.0},{"not_picked":["Heatsinks","Go for the Eyes"],"picked":"Ball Lightning","floor":2.0},{"not_picked":["Rebound","Conserve Battery","Barrage"],"picked":"SKIP","floor":3.0},{"not_picked":["Conserve Battery","Barrage"],"picked":"Rebound","floor":3.0},{"not_picked":["Beam Cell","Capacitor"],"picked":"Sunder","floor":4.0},{"not_picked":["Hello World","Capacitor","Sweeping Beam"],"picked":"SKIP","floor":5.0},{"not_picked":["Conserve Battery","Coolheaded","Chaos"],"picked":"SKIP","floor":6.0},{"not_picked":["Gash","Hologram","Coolheaded"],"picked":"SKIP","floor":11.0},{"not_picked":["All For One","Sweeping Beam","Chill"],"picked":"SKIP","floor":13.0},{"not_picked":["Multi-Cast","All For One+1"],"picked":"Rainbow","floor":16},{"not_picked":["Go for the Eyes+1"],"picked":"SKIP","floor":18},{"not_picked":["Leap"],"picked":"SKIP","floor":22}],"player_experience":549896,"relics_obtained":[{"floor":6.0,"key":"Darkstone Periapt"},{"floor":9.0,"key":"Smiling Mask"},{"floor":13.0,"key":"Molten Egg 2"}],"event_choices":[{"damage_healed":0.0,"max_hp_gain":0.0,"max_hp_loss":0.0,"gold_gain":0.0,"event_name":"World of Goop","player_choice":"Left Gold","floor":8.0,"gold_loss":43.0,"damage_taken":0.0},{"cards_removed":["Strike_B"],"damage_healed":0.0,"max_hp_gain":0.0,"max_hp_loss":0.0,"gold_gain":0.0,"event_name":"The Cleric","player_choice":"Card Removal","floor":12.0,"gold_loss":75.0,"damage_taken":0.0},{"damage_healed":0.0,"max_hp_gain":0.0,"max_hp_loss":0.0,"gold_gain":0.0,"event_name":"Golden Idol","player_choice":"Take Wound","floor":14.0,"gold_loss":0.0,"damage_taken":0.0,"relics_obtained":["Golden Idol"],"cards_obtained":["Injury"]},{"damage_healed":0,"gold_gain":50,"player_choice":"Stole From Cult","damage_taken":0,"max_hp_gain":0,"max_hp_loss":0,"event_name":"Nest","floor":19,"gold_loss":0},{"damage_healed":0,"gold_gain":0,"player_choice":"Got Potions","damage_taken":0,"max_hp_gain":0,"max_hp_loss":0,"event_name":"Lab","floor":20,"gold_loss":0}],"is_beta":false,"boss_relics":[{"not_picked":["Black Star","Astrolabe"],"picked":"Busted Crown"}],"items_purged_floors":[21],"is_endless":false,"potions_floor_spawned":[3,5,6,11,16,22],"killed_by":"Book of Stabbing","ascension_level":20}