{"gold_per_floor":[14,29,29,49,61,92,92,102,127,139,181,210,242,280,292,408,520,545,577,599,630,662,702,731,755,767,808,820,832,856,793,805,917,929,970,992,1004,1016,1028,1040,1081,1093,1154,1198,1210,1238,1263,1302,1314,1326,1338,1350,657,682,682],"floor_reached":56,"playtime":3756,"items_purged":["Strike_R"],"score":1744,"play_id":"e4e81403-a419-4682-898c-130327db23db","local_time":"20190112105538","is_ascension_mode":true,"campfire_choices":[{"data":"Disarm","floor":7.0,"key":"SMITH"},{"data":"Bash","floor":10.0,"key":"SMITH"},{"data":"Armaments","floor":15.0,"key":"SMITH"},{"data":"Juggernaut","floor":28.0,"key":"SMITH"},{"data":"Feel No Pain","floor":32.0,"key":"SMITH"},{"floor":40,"key":"RECALL"},{"data":"Metallicize","floor":49,"key":"SMITH"},{"data":"Exhume","floor":52,"key":"SMITH"}],"neow_cost":"NO_GOLD","seed_source_timestamp":216344028396710,"circlet_count":0,"master_deck":["Strike_R","Defend_R","Defend_R","Defend_R","Defend_R","Bash+1","Feed","Shrug It Off","Carnage","Sword Boomerang+1","ReplayTheSpireMod:LeadingStrike+1","Disarm+1","Metallicize+1","Juggernaut+1","Armaments+1","Feed","Exhume+1","Corruption","Shrug It Off","Shrug It Off","Shrug It Off","Feel No Pain+1","Reckless Charge+1","Pot Of Greed","Pot Of Greed","Pot Of Greed","Sentinel","Rage+1"],"special_seed":0,"relics":["Burning Blood","Thread and Needle","MawBank","Pet Ghost","ReplayFunnel","Replay:Wanted Poster","Juzu Bracelet","Whetstone","Busted Crown","Quantum Egg","Gremlin Food","Grinning Jar","Vajra","Medical Kit","Baseball","Lantern","Blood Vial"],"potions_floor_usage":[55,55],"damage_taken":[{"damage":6.0,"enemies":"Cultist","floor":1.0,"turns":3.0},{"damage":17.0,"enemies":"Jaw Worm","floor":2.0,"turns":7.0},{"damage":2.0,"enemies":"2 Louse","floor":4.0,"turns":4.0},{"damage":7.0,"enemies":"Looter","floor":5.0,"turns":4.0},{"damage":14.0,"enemies":"Gremlin Nob","floor":6.0,"turns":3.0},{"damage":5.0,"enemies":"Exordium Thugs","floor":8.0,"turns":5.0},{"damage":18.0,"enemies":"3 Sentries","floor":11.0,"turns":10.0},{"damage":0.0,"enemies":"Blue Slaver","floor":12.0,"turns":5.0},{"damage":1.0,"enemies":"Red Slaver","floor":13.0,"turns":4.0},{"damage":0.0,"enemies":"Erikyupuro","floor":14.0,"turns":7.0},{"damage":0.0,"enemies":"The Guardian","floor":16.0,"turns":13.0},{"damage":6.0,"enemies":"2 Thieves","floor":18.0,"turns":4.0},{"damage":1.0,"enemies":"Chosen","floor":19.0,"turns":5.0},{"damage":6.0,"enemies":"Snake Plant","floor":20.0,"turns":4.0},{"damage":9.0,"enemies":"Centurion and Healer","floor":21.0,"turns":10.0},{"damage":10.0,"enemies":"Cultist and Chosen","floor":22.0,"turns":6.0},{"damage":36.0,"enemies":"Slavers","floor":23.0,"turns":9.0},{"damage":3.0,"enemies":"Shelled Parasite and Fungi","floor":24.0,"turns":9.0},{"damage":0.0,"enemies":"Snecko","floor":25.0,"turns":5.0},{"damage":11.0,"enemies":"Book of Stabbing","floor":27.0,"turns":7.0},{"damage":7.0,"enemies":"Sentry and Sphere","floor":30.0,"turns":5.0},{"damage":14.0,"enemies":"Pondfish","floor":33.0,"turns":15.0},{"damage":0.0,"enemies":"3 Darklings","floor":35.0,"turns":4.0},{"damage":0.0,"enemies":"Orb Walker","floor":36.0,"turns":4.0},{"damage":20,"enemies":"Reptomancer","floor":41,"turns":6},{"damage":0,"enemies":"Giant Head","floor":44,"turns":7},{"damage":4,"enemies":"Writhing Mass","floor":46,"turns":6},{"damage":0,"enemies":"Jaw Worm Horde","floor":47,"turns":5},{"damage":7,"enemies":"Reptomancer","floor":48,"turns":7},{"damage":18,"enemies":"Awakened One","floor":50,"turns":12},{"damage":33,"enemies":"Shield and Spear","floor":54,"turns":6},{"damage":36,"enemies":"The Heart","floor":55,"turns":9}],"seed_played":"-7381284004639586034","potions_obtained":[{"floor":4.0,"key":"Venom Potion"},{"floor":6.0,"key":"SteroidPotion"},{"floor":8.0,"key":"BloodPotion"},{"floor":12.0,"key":"Weak Potion"},{"floor":13.0,"key":"FearPotion"},{"floor":14.0,"key":"Adrenaline Potion"},{"floor":18.0,"key":"Languid Potion"},{"floor":19.0,"key":"Fruit Juice"},{"floor":20.0,"key":"SpeedPotion"},{"floor":23.0,"key":"EssenceOfSteel"},{"floor":30.0,"key":"EssenceOfSteel"},{"floor":36.0,"key":"Elixir"},{"floor":46,"key":"Adrenaline Potion"}],"is_trial":false,"path_per_floor":["M","M","?","M","M","E","R","M","T","R","E","M","M","E","R","B",null,"M","M","M","M","M","E","M","M","T","E","R","?","M","?","R","B",null,"M","M","?","?","?","R","E","$","T","E","?","M","M","E","R","B",null,"R","$","E","B",null],"character_chosen":"IRONCLAD","items_purchased":["Sentinel","Rage+1","Medical Kit","Baseball","Lantern"],"campfire_rested":0,"item_purchase_floors":[53,53,53,53,53],"current_hp_per_floor":[83,75,75,82,84,76,76,80,80,80,71,80,85,91,91,97,101,104,108,113,114,113,90,100,106,106,101,101,72,71,71,71,66,142,146,146,132,132,132,132,118,118,118,128,128,133,142,144,144,132,159,159,159,136,108],"gold":682,"neow_bonus":"THREE_RARE_CARDS","is_prod":false,"is_daily":false,"chose_seed":false,"campfire_upgraded":7,"win_rate":0,"timestamp":1547315738,"path_taken":["M","?","?","M","?","E","R","M","T","R","E","M","M","E","R","BOSS","M","?","M","M","M","E","M","M","T","E","R","?","M","?","R","BOSS","M","M","?","?","?","R","E","$","T","E","?","M","M","E","R","BOSS","R","$","E","BOSS"],"build_version":"2019-01-10","purchased_purges":1,"victory":true,"max_hp_per_floor":[83,86,86,89,92,92,92,95,95,95,98,101,101,101,101,101,101,104,108,113,117,120,127,134,134,134,134,134,139,139,139,139,142,142,146,146,146,146,146,146,146,146,146,150,150,153,156,159,159,159,159,159,159,163,163],"card_choices":[{"not_picked":["Hemogenesis","Dark Embrace"],"picked":"Feed","floor":0.0},{"not_picked":["Dropkick","Shockwave"],"picked":"Shrug It Off","floor":1.0},{"not_picked":["Sever Soul","ReplayTheSpireMod:Limb From Limb"],"picked":"Carnage","floor":2.0},{"not_picked":["Thunderclap","True Grit"],"picked":"Sword Boomerang","floor":4.0},{"not_picked":["Blood for Blood","Clothesline"],"picked":"ReplayTheSpireMod:LeadingStrike","floor":5.0},{"not_picked":["ReplayTheSpireMod:Strike From Hell","Clash"],"picked":"Disarm","floor":6.0},{"not_picked":["Pommel Strike","Wild Strike"],"picked":"Metallicize","floor":8.0},{"not_picked":["Replay:Undeath\u0027s Touch","Bloodletting"],"picked":"Juggernaut","floor":11.0},{"not_picked":["Headbutt","Sword Boomerang"],"picked":"Armaments","floor":12.0},{"not_picked":["Armaments","Clash","Iron Wave"],"picked":"SKIP","floor":13.0},{"not_picked":["Evolve","True Grit"],"picked":"Feed","floor":14.0},{"not_picked":["Fiend Fire","Impervious"],"picked":"Exhume","floor":16.0},{"not_picked":["Headbutt","Perfected Strike","ReplayReversal"],"picked":"SKIP","floor":18.0},{"not_picked":["Bloodletting","Anger","Entrench"],"picked":"SKIP","floor":19.0},{"not_picked":["Massacre","Whirlwind"],"picked":"Corruption","floor":20.0},{"not_picked":["ReplayTheSpireMod:Strike From Hell","Clothesline+1","Run Through"],"picked":"SKIP","floor":21.0},{"not_picked":["Replay:Undeath\u0027s Touch","Fire Breathing","Clothesline"],"picked":"SKIP","floor":22.0},{"not_picked":["Reckless Charge+1","Warcry"],"picked":"Shrug It Off","floor":23.0},{"not_picked":["Barricade","Wild Strike"],"picked":"Shrug It Off","floor":24.0},{"not_picked":["Anger","Sword Boomerang","Body Slam"],"picked":"SKIP","floor":25.0},{"not_picked":["Twin Strike","Thunderclap"],"picked":"Shrug It Off","floor":27.0},{"not_picked":["Shrug It Off","Run Through+1"],"picked":"Feel No Pain","floor":30.0},{"not_picked":["Evolve"],"picked":"SKIP","floor":35.0},{"not_picked":["Evolve"],"picked":"SKIP","floor":35.0},{"not_picked":["Perfected Strike"],"picked":"SKIP","floor":36.0},{"not_picked":[],"picked":"Reckless Charge+1","floor":41},{"not_picked":["Iron Wave+1"],"picked":"SKIP","floor":44},{"not_picked":["Wild Strike+1"],"picked":"SKIP","floor":46},{"not_picked":["Headbutt"],"picked":"SKIP","floor":47},{"not_picked":["Clash"],"picked":"SKIP","floor":48},{"not_picked":["Whirlwind"],"picked":"SKIP","floor":54}],"player_experience":687108,"relics_obtained":[{"floor":6.0,"key":"Thread and Needle"},{"floor":9.0,"key":"MawBank"},{"floor":11.0,"key":"Pet Ghost"},{"floor":14.0,"key":"ReplayFunnel"},{"floor":23.0,"key":"Juzu Bracelet"},{"floor":27.0,"key":"Whetstone"},{"floor":41,"key":"Quantum Egg"},{"floor":43,"key":"Gremlin Food"},{"floor":44,"key":"Grinning Jar"},{"floor":48,"key":"Vajra"},{"floor":54,"key":"Blood Vial"}],"event_choices":[{"damage_healed":0.0,"max_hp_gain":0.0,"max_hp_loss":0.0,"gold_gain":0.0,"event_name":"NoteForYourself","player_choice":"Ignored","floor":3.0,"gold_loss":0.0,"damage_taken":0.0},{"damage_healed":0.0,"max_hp_gain":5.0,"max_hp_loss":0.0,"gold_gain":0.0,"event_name":"Forgotten Altar","player_choice":"Shed Blood","floor":29.0,"gold_loss":0.0,"damage_taken":34.0},{"cards_removed":["Strike_R"],"damage_healed":0.0,"max_hp_gain":0.0,"max_hp_loss":0.0,"gold_gain":0.0,"event_name":"Beggar","player_choice":"Gave Gold","floor":31.0,"gold_loss":75.0,"damage_taken":0.0},{"damage_healed":0.0,"max_hp_gain":0.0,"max_hp_loss":0.0,"gold_gain":0.0,"event_name":"Wheel of Change","player_choice":"Damaged","floor":37.0,"gold_loss":0.0,"damage_taken":14.0},{"cards_removed":["Strike_R"],"damage_healed":0.0,"max_hp_gain":0.0,"max_hp_loss":0.0,"gold_gain":0.0,"event_name":"Falling","player_choice":"Removed Attack","floor":38.0,"gold_loss":0.0,"damage_taken":0.0},{"cards_removed":["Strike_R"],"damage_healed":0,"gold_gain":0,"player_choice":"Purged","damage_taken":0,"max_hp_gain":0,"max_hp_loss":0,"event_name":"Purifier","floor":39,"gold_loss":0},{"damage_healed":0,"gold_gain":0,"player_choice":"Ignored","damage_taken":0,"max_hp_gain":0,"max_hp_loss":0,"event_name":"Tomb of Lord Red Mask","floor":45,"gold_loss":0}],"is_beta":false,"boss_relics":[{"not_picked":["Fusion Hammer","Snecko Eye"],"picked":"Replay:Wanted Poster"},{"not_picked":["Orrery","Runic Dome"],"picked":"Busted Crown"}],"items_purged_floors":[53],"is_endless":false,"potions_floor_spawned":[4,6,8,12,13,14,18,19,20,23,30,36,44,46,48],"ascension_level":1}