{"gold_per_floor":[367,367,386,101,101,134,134,168,168,168,192,192,215,229,229,229],"floor_reached":16,"playtime":564,"items_purged":["Strike_G"],"score":220,"play_id":"fde6d4af-a6bc-47c6-a6cf-cbed7fecb77a","local_time":"20181103144057","is_ascension_mode":true,"campfire_choices":[{"data":"Noxious Fumes","floor":10,"key":"SMITH"},{"data":"Well Laid Plans","floor":12,"key":"SMITH"},{"data":"Dagger Spray","floor":15,"key":"SMITH"}],"neow_cost":"TEN_PERCENT_HP_LOSS","seed_source_timestamp":2044170178502525,"circlet_count":0,"master_deck":["AscendersBane","Defend_G","Defend_G","Defend_G","Defend_G","Defend_G","Strike_G","Strike_G","Strike_G","Strike_G","Survivor","Neutralize+1","Dagger Spray+1","Well Laid Plans+1","Die Die Die","Noxious Fumes+1","Dodge and Roll+1","Deadly Poison+1","Bouncing Flask+1","Crippling Poison+1","Dodge and Roll+1"],"relics":["Ring of the Snake","Golden Idol","Toxic Egg 2","Meat on the Bone","Dodecahedron"],"potions_floor_usage":[],"damage_taken":[{"damage":0,"enemies":"2 Louse","floor":1,"turns":4},{"damage":1,"enemies":"Small Slimes","floor":3,"turns":3},{"damage":17,"enemies":"3 Sentries","floor":6,"turns":7},{"damage":29,"enemies":"Lagavulin","floor":8,"turns":10},{"damage":0,"enemies":"Cultist","floor":11,"turns":4},{"damage":12,"enemies":"Large Slime","floor":13,"turns":6},{"damage":3,"enemies":"Looter","floor":14,"turns":3},{"damage":41,"enemies":"Slime Boss","floor":16,"turns":9}],"seed_played":"2417637682917364178","potions_obtained":[{"floor":6,"key":"EssenceOfSteel"},{"floor":8,"key":"FairyPotion"}],"is_trial":false,"path_per_floor":["M","?","M","$","?","E","?","E","T","R","M","R","M","M","R","B"],"character_chosen":"THE_SILENT","items_purchased":["Die Die Die","Noxious Fumes"],"campfire_rested":0,"item_purchase_floors":[4,4],"current_hp_per_floor":[59,59,58,58,54,37,54,25,25,25,37,37,37,34,34,0],"gold":229,"neow_bonus":"TWO_FIFTY_GOLD","is_prod":false,"is_daily":false,"chose_seed":false,"campfire_upgraded":3,"win_rate":0,"timestamp":1541281257,"path_taken":["M","?","M","$","?","E","?","E","T","R","M","R","M","?","R","BOSS"],"build_version":"2018-11-01","purchased_purges":1,"victory":false,"max_hp_per_floor":[60,60,60,60,54,54,54,54,54,54,54,54,54,54,54,54],"card_choices":[{"not_picked":["Bane","Blade Dance"],"picked":"Dagger Spray","floor":1},{"not_picked":["Backflip","Masterful Stab"],"picked":"Well Laid Plans","floor":3},{"not_picked":["Tools of the Trade","Well Laid Plans"],"picked":"Dodge and Roll","floor":6},{"not_picked":["Bane","Slice"],"picked":"Deadly Poison+1","floor":8},{"not_picked":["Outmaneuver+1","Escape Plan+1"],"picked":"Bouncing Flask+1","floor":11},{"not_picked":["Well Laid Plans","Accuracy"],"picked":"Crippling Poison+1","floor":13},{"not_picked":["Bane","Infinite Blades"],"picked":"Dodge and Roll+1","floor":14}],"player_experience":577327,"relics_obtained":[{"floor":6,"key":"Toxic Egg 2"},{"floor":8,"key":"Meat on the Bone"},{"floor":9,"key":"Dodecahedron"}],"event_choices":[{"damage_healed":0,"gold_gain":0,"player_choice":"Grow","damage_taken":0,"max_hp_gain":0,"max_hp_loss":0,"event_name":"Living Wall","floor":2,"gold_loss":0,"cards_upgraded":["Neutralize"]},{"damage_healed":0,"gold_gain":0,"player_choice":"Lose Max HP","damage_taken":0,"relics_obtained":["Golden Idol"],"max_hp_gain":0,"max_hp_loss":6,"event_name":"Golden Idol","floor":5,"gold_loss":0},{"damage_healed":17,"gold_gain":0,"player_choice":"Full Heal","damage_taken":0,"max_hp_gain":0,"max_hp_loss":0,"event_name":"Wheel of Change","floor":7,"gold_loss":0}],"is_beta":false,"boss_relics":[],"items_purged_floors":[4],"is_endless":false,"potions_floor_spawned":[6,8,11],"killed_by":"Slime Boss","ascension_level":20}