{"path_per_floor":["M","?","M","?","M","E","R","E","T","$","M","M","M","$","R","B",null,"M","?","$","?","M","R","?","R","T","M","M","R","M","M","R","B",null,"M","M","?","$","M","R","?","R","T","R","M","?","M","M","R"],"character_chosen":"DEFECT","items_purchased":["Self Repair","Chaos","Chaos","Blizzard","Energy Potion","Strength Potion","Fire Potion"],"gold_per_floor":[112,62,77,77,87,122,122,152,152,0,18,37,57,57,57,158,158,131,131,58,58,74,74,74,74,74,86,101,101,113,131,131,227,227,242,257,257,34,48,48,48,48,72,72,87,87,103,116,116,116],"floor_reached":50,"campfire_rested":2,"playtime":2829,"current_hp_per_floor":[75,75,75,75,75,71,71,69,69,69,74,75,74,74,74,31,75,70,56,56,80,80,80,80,80,80,79,80,80,78,77,77,44,80,73,80,80,80,16,40,70,70,70,70,44,44,46,34,55,0],"items_purged":[],"gold":116,"score":481,"play_id":"c7ed0d1b-2832-4348-b9cd-8b268fb910d2","local_time":"20180506180206","is_prod":false,"is_daily":false,"chose_seed":false,"is_ascension_mode":false,"campfire_upgraded":8,"timestamp":1525644126,"path_taken":["M","?","M","?","M","E","R","E","T","$","M","?","M","$","R","BOSS","M","?","$","?","M","R","?","R","T","?","M","R","M","M","R","BOSS","M","M","?","?","M","R","?","R","T","R","?","?","M","M","R","BOSS"],"build_version":"2018-05-03","seed_source_timestamp":0,"purchased_purges":0,"victory":false,"master_deck":["Strike_B","Strike_B","Strike_B","Defend_B","Defend_B","Defend_B","Dualcast","Leap","Cold Snap","Amplify","Glacier+1","Glacier+1","Hello World","Self Repair+1","Chaos","Doom and Gloom","Chill+1","Blizzard+1","Chaos","Blizzard+1","Coolheaded+1","Buffer","Fission","FTL+1","Coolheaded+1","Blizzard+1","Blizzard+1","Glacier","Chaos+1"],"max_hp_per_floor":[75,75,75,75,75,75,75,75,75,75,75,75,75,75,75,75,75,75,80,80,80,80,80,80,80,80,80,80,80,80,80,80,80,80,80,80,80,80,80,80,70,70,70,70,70,70,70,70,70,70],"relics":["Cracked Core","NeowsBlessing","Omamori","Ginger","Bottled Tornado","Lizard Tail","Mercury Hourglass","Nuclear Battery","Bronze Scales"],"card_choices":[{"not_picked":["Skim","Go for the Eyes"],"picked":"Leap","floor":1.0},{"not_picked":["Skim","Barrage"],"picked":"Cold Snap","floor":3.0},{"not_picked":["Chaos","Ball Lightning"],"picked":"Glacier","floor":5.0},{"not_picked":["Hologram","Conserve Battery"],"picked":"Glacier","floor":6.0},{"not_picked":["Beam Cell","Go for the Eyes"],"picked":"Hello World","floor":8.0},{"not_picked":["Barrage","Turbo"],"picked":"Doom and Gloom","floor":11.0},{"not_picked":["Streamline","Cold Snap"],"picked":"Chill","floor":12.0},{"not_picked":["Gash","Sweeping Beam"],"picked":"Blizzard","floor":18},{"not_picked":["Rebound","Chill"],"picked":"Blizzard","floor":22},{"not_picked":["Barrage","Rebound"],"picked":"Coolheaded","floor":27},{"not_picked":["Cold Snap","Steam Power"],"picked":"Buffer","floor":30},{"not_picked":["Redo","All For One"],"picked":"Fission","floor":33},{"not_picked":["Beam Cell","Turbo"],"picked":"FTL","floor":35},{"not_picked":["Streamline","Scrape"],"picked":"Coolheaded","floor":36},{"not_picked":["Barrage","Auto Shields"],"picked":"Blizzard","floor":39},{"not_picked":["Recycle","Go for the Eyes"],"picked":"Glacier","floor":47},{"not_picked":["Consume","Rebound"],"picked":"Chaos","floor":48}],"player_experience":150048,"potions_floor_usage":[22,28,31,36,39,39,45,47,50],"damage_taken":[{"damage":0.0,"enemies":"2 Louse","floor":1.0,"turns":1.0},{"damage":0.0,"enemies":"Jaw Worm","floor":3.0,"turns":1.0},{"damage":0.0,"enemies":"Small Slimes","floor":5.0,"turns":1.0},{"damage":4.0,"enemies":"Lagavulin","floor":6.0,"turns":13.0},{"damage":2.0,"enemies":"3 Sentries","floor":8.0,"turns":12.0},{"damage":11.0,"enemies":"Exordium Wildlife","floor":11.0,"turns":4.0},{"damage":0.0,"enemies":"3 Louse","floor":12.0,"turns":3.0},{"damage":8.0,"enemies":"Red Slaver","floor":13.0,"turns":3.0},{"damage":53.0,"enemies":"Hexaghost","floor":16.0,"turns":15.0},{"damage":15,"enemies":"2 Thieves","floor":18,"turns":5},{"damage":10,"enemies":"Chosen","floor":22,"turns":8},{"damage":1,"enemies":"Centurion and Healer","floor":27,"turns":6},{"damage":9,"enemies":"Snake Plant","floor":28,"turns":5},{"damage":2,"enemies":"3 Cultists","floor":30,"turns":4},{"damage":11,"enemies":"Sentry and Sphere","floor":31,"turns":6},{"damage":43,"enemies":"Collector","floor":33,"turns":13},{"damage":17,"enemies":"3 Shapes","floor":35,"turns":4},{"damage":12,"enemies":"Orb Walker","floor":36,"turns":6},{"damage":74,"enemies":"Maw","floor":39,"turns":9},{"damage":36,"enemies":"Spire Growth","floor":45,"turns":7},{"damage":8,"enemies":"Flame Bruiser 2 Orb","floor":47,"turns":4},{"damage":12,"enemies":"3 Darklings","floor":48,"turns":4},{"damage":93,"enemies":"Awakened One","floor":50,"turns":16}],"event_choices":[{"event_name":"The Cleric","player_choice":"Card Removal","floor":2.0,"damage_taken":0.0},{"event_name":"Living Wall","player_choice":"Change","floor":4.0,"damage_taken":0.0},{"event_name":"Forgotten Altar","player_choice":"Shed Blood","floor":19,"damage_taken":0},{"event_name":"The Library","player_choice":"Heal","floor":21,"damage_taken":0},{"event_name":"Addict","player_choice":"Ignored","floor":24,"damage_taken":0},{"event_name":"The Moai Head","player_choice":"Heal","floor":41,"damage_taken":0},{"event_name":"Upgrade Shrine","player_choice":"Upgraded","floor":46,"damage_taken":0}],"boss_relics":[{"not_picked":["Runic Pyramid","Astrolabe"],"picked":"Lizard Tail"},{"not_picked":["Velvet Choker","Sozu"],"picked":"Nuclear Battery"}],"potions_floor_spawned":[6,8,11,16,27,30,35,45,48],"seed_played":"-8677497193312210145","killed_by":"Awakened One","ascension_level":0,"is_trial":false}