{"gold_per_floor":[215,165,165,125,138,138,156,182,205,242,272,299,15,115,115,215,215,235,254,15,34,34,34,47,81,81,81,113,113,36,52,52,150,150,167,183,183,183,183,183],"floor_reached":40,"playtime":1707,"items_purged":[],"score":521,"play_id":"4410c43c-c88b-4e21-bf5d-52fa35747b0a","local_time":"20190606021027","is_ascension_mode":true,"campfire_choices":[{"data":"Dualcast","floor":6,"key":"SMITH"},{"data":"Scrape","floor":15,"key":"SMITH"},{"data":"Panache","floor":23,"key":"SMITH"},{"data":"Dual Wield","floor":27,"key":"SMITH"},{"data":"Trip","floor":29,"key":"SMITH"},{"floor":32,"key":"REST"}],"neow_cost":"NONE","seed_source_timestamp":1325355859864200,"circlet_count":0,"master_deck":["Strike_B","Strike_B","Strike_B","Defend_B","Defend_B","Defend_B","Zap","Dualcast+1","Undo+1","Glacier","Self Repair","Gash","Scrape+1","Melter","Self Repair","Gash","Glacier","Panache+1","Cleave","Steam+1","Trip+1","Trip","Rebound+1","Dual Wield+1","Capacitor","Enlightenment","Chrysalis","Good Instincts+1","Leap+1","Trip","Chrysalis","Panache","Writhe"],"relics":["Cracked Core","Pen Nib","MawBank","Happy Flower","PrismaticShard","Black Star","DataDisk","PreservedInsect","Turnip","Gremlin Horn","Cables","Torii","Inserter"],"potions_floor_usage":[5,5,8,8,12,16,21,25,31],"damage_taken":[{"damage":2,"enemies":"Jaw Worm","floor":1,"turns":4},{"damage":8,"enemies":"Small Slimes","floor":5,"turns":2},{"damage":0,"enemies":"Cultist","floor":7,"turns":3},{"damage":14,"enemies":"3 Sentries","floor":8,"turns":8},{"damage":2,"enemies":"Gremlin Nob","floor":10,"turns":4},{"damage":0,"enemies":"Large Slime","floor":11,"turns":4},{"damage":5,"enemies":"Gremlin Gang","floor":12,"turns":4},{"damage":38,"enemies":"Hexaghost","floor":16,"turns":13},{"damage":10,"enemies":"Chosen","floor":18,"turns":5},{"damage":25,"enemies":"Shell Parasite","floor":19,"turns":5},{"damage":6,"enemies":"Centurion and Healer","floor":21,"turns":6},{"damage":0,"enemies":"Sentry and Sphere","floor":24,"turns":4},{"damage":22,"enemies":"Book of Stabbing","floor":25,"turns":7},{"damage":20,"enemies":"Slavers","floor":28,"turns":3},{"damage":19,"enemies":"Shelled Parasite and Fungi","floor":31,"turns":3},{"damage":36,"enemies":"Champ","floor":33,"turns":15},{"damage":35,"enemies":"Orb Walker","floor":35,"turns":3},{"damage":34,"enemies":"3 Darklings","floor":36,"turns":5},{"damage":36,"enemies":"Reptomancer","floor":40,"turns":2}],"seed_played":"-7319415201228641539","potions_obtained":[{"floor":4,"key":"Dexterity Potion"},{"floor":4,"key":"Energy Potion"},{"floor":4,"key":"SkillPotion"},{"floor":5,"key":"Explosive Potion"},{"floor":11,"key":"Energy Potion"},{"floor":12,"key":"GamblersBrew"},{"floor":19,"key":"Block Potion"},{"floor":21,"key":"Block Potion"},{"floor":28,"key":"SkillPotion"}],"is_trial":false,"path_per_floor":["M","?","?","?","M","R","M","E","T","E","M","M","$","?","R","B",null,"M","M","$","M","$","R","M","E","T","R","E","R","$","M","R","B",null,"M","M","?","?","?","E"],"character_chosen":"DEFECT","items_purchased":["Gash","PrismaticShard","Glacier","DataDisk","Trip","Capacitor"],"campfire_rested":1,"item_purchase_floors":[13,13,13,20,20,30],"current_hp_per_floor":[73,73,73,73,65,65,65,58,58,56,56,58,58,58,58,34,75,72,54,54,62,62,62,69,61,61,61,41,41,41,29,51,29,75,47,27,17,17,36,0],"gold":183,"neow_bonus":"HUNDRED_GOLD","is_prod":false,"is_daily":false,"chose_seed":false,"campfire_upgraded":5,"win_rate":0,"timestamp":1559801427,"path_taken":["M","?","?","?","?","R","M","E","T","E","M","M","$","?","R","BOSS","M","?","$","M","?","R","M","E","T","R","E","R","$","M","R","BOSS","M","?","?","?","?","E"],"build_version":"2019-06-05","purchased_purges":0,"victory":false,"max_hp_per_floor":[75,75,75,75,75,75,75,75,75,75,75,75,75,75,75,75,75,75,75,75,75,75,75,75,75,75,75,75,75,75,75,75,75,75,75,75,75,75,75,75],"card_choices":[{"not_picked":["Streamline","Heatsinks"],"picked":"Undo","floor":1},{"not_picked":["Rebound","Leap"],"picked":"Glacier","floor":5},{"not_picked":["Beam Cell","Sweeping Beam"],"picked":"Self Repair","floor":7},{"not_picked":["Rebound","Steam"],"picked":"Gash","floor":8},{"not_picked":["Turbo","Amplify"],"picked":"Scrape","floor":10},{"not_picked":["Compile Driver","Scrape"],"picked":"Melter","floor":11},{"not_picked":["Tempest","Hologram"],"picked":"Self Repair","floor":12},{"not_picked":["Venomology","Burst"],"picked":"Panache","floor":16},{"not_picked":["Static Discharge","Poisoned Stab"],"picked":"Cleave","floor":18},{"not_picked":["Twin Strike","Thunderclap"],"picked":"Steam+1","floor":19},{"not_picked":["Evolve","Sweeping Beam"],"picked":"Trip","floor":21},{"not_picked":["Burning Pact","Setup"],"picked":"Rebound+1","floor":24},{"not_picked":["Thunderclap","Corruption"],"picked":"Dual Wield","floor":25},{"not_picked":["Limit Break","Go for the Eyes","Uppercut+1"],"picked":"SKIP","floor":28},{"not_picked":["Dodge and Roll","Dagger Throw"],"picked":"Enlightenment","floor":31},{"not_picked":["Night Terror","Wraith Form v2"],"picked":"Chrysalis","floor":33},{"not_picked":["Pommel Strike+1","Feel No Pain"],"picked":"Good Instincts+1","floor":35},{"not_picked":["Cold Snap","Coolheaded"],"picked":"Leap+1","floor":36},{"not_picked":["Enlightenment","Impatience"],"picked":"Trip","floor":37},{"not_picked":["Mayhem","Forethought"],"picked":"Chrysalis","floor":37},{"not_picked":["The Bomb","Bandage Up"],"picked":"Panache","floor":37}],"player_experience":977377,"relics_obtained":[{"floor":8,"key":"Pen Nib"},{"floor":9,"key":"MawBank"},{"floor":10,"key":"Happy Flower"},{"floor":25,"key":"PreservedInsect"},{"floor":25,"key":"Turnip"},{"floor":26,"key":"Gremlin Horn"},{"floor":28,"key":"Cables"},{"floor":28,"key":"Torii"}],"event_choices":[{"cards_removed":["Defend_B"],"damage_healed":0,"gold_gain":0,"player_choice":"Card Removal","damage_taken":0,"max_hp_gain":0,"max_hp_loss":0,"event_name":"The Cleric","floor":2,"gold_loss":50},{"damage_healed":0,"gold_gain":0,"player_choice":"Grow","damage_taken":0,"max_hp_gain":0,"max_hp_loss":0,"event_name":"Living Wall","floor":3,"gold_loss":0,"cards_upgraded":["Undo"]},{"damage_healed":0,"gold_gain":0,"player_choice":"Bought 3 Potions","damage_taken":0,"max_hp_gain":0,"max_hp_loss":0,"event_name":"The Woman in Blue","floor":4,"gold_loss":0},{"damage_healed":0,"gold_gain":100,"player_choice":"Gold","damage_taken":0,"max_hp_gain":0,"max_hp_loss":0,"event_name":"Wheel of Change","floor":14,"gold_loss":0},{"damage_healed":0,"gold_gain":0,"player_choice":"Memory 3","damage_taken":10,"max_hp_gain":0,"max_hp_loss":0,"event_name":"SensoryStone","floor":37,"gold_loss":0},{"cards_removed":["Strike_B"],"damage_healed":0,"gold_gain":0,"player_choice":"Removed Attack","damage_taken":0,"max_hp_gain":0,"max_hp_loss":0,"event_name":"Falling","floor":38,"gold_loss":0},{"damage_healed":19,"gold_gain":0,"player_choice":"Writhe","damage_taken":0,"max_hp_gain":0,"max_hp_loss":0,"event_name":"Winding Halls","floor":39,"gold_loss":0,"cards_obtained":["Writhe"]}],"is_beta":true,"boss_relics":[{"not_picked":["Runic Dome","Coffee Dripper"],"picked":"Black Star"},{"not_picked":["Calling Bell","Sozu"],"picked":"Inserter"}],"items_purged_floors":[],"is_endless":false,"potions_floor_spawned":[5,11,12,19,21,28],"killed_by":"Reptomancer","ascension_level":4}