{"path_per_floor":["M","M","?","M","M","E","R","?","T","$","T","M","E","M","R","B",null,"M","?","$","M","M","R","M","M","T","?","R","$","M","M","R"],"character_chosen":"IRONCLAD","items_purchased":["Anchor","Strawberry","Feel No Pain","Feed","Ghostly Armor"],"gold_per_floor":[115,132,132,144,164,195,195,195,219,69,69,84,139,156,156,261,291,304,304,67,86,102,102,115,128,154,154,154,11,28,40,40,40],"floor_reached":33,"campfire_rested":1,"playtime":1728,"current_hp_per_floor":[80,80,73,74,80,72,72,80,80,80,80,80,65,71,71,27,85,70,42,49,48,34,34,38,20,20,20,34,34,40,42,42,0],"items_purged":[],"gold":40,"score":286,"play_id":"92dbaf01-a4cb-4644-9904-a6a703c11869","local_time":"20180507234232","is_prod":false,"is_daily":false,"chose_seed":false,"is_ascension_mode":false,"campfire_upgraded":4,"timestamp":1525750952,"path_taken":["M","M","?","M","M","E","R","?","T","?","?","M","E","M","R","BOSS","M","?","?","M","M","R","?","M","T","?","R","$","?","M","R","BOSS"],"build_version":"2018-05-03","seed_source_timestamp":1920478944260234,"purchased_purges":0,"victory":false,"master_deck":["Strike_R","Strike_R","Strike_R","Strike_R","Defend_R","Defend_R","Defend_R","Defend_R","Bash","Impervious+1","Body Slam+1","Thunderclap","Rampage","Seeing Red","Dropkick+1","Rampage","Barricade+1","Clash+1","Ghostly","Ghostly","Ghostly","Ghostly","Ghostly","Feel No Pain","Bludgeon+1","Feel No Pain","Feed","Ghostly Armor"],"max_hp_per_floor":[80,80,80,80,80,80,80,80,80,80,80,80,80,80,80,80,85,85,42,49,49,49,49,49,49,49,49,49,49,49,49,49,49],"relics":["Burning Blood","Bag of Marbles","Lantern","Anchor","Gremlin Horn","Tiny Chest","Tiny House","Strawberry","Prayer Wheel"],"card_choices":[{"not_picked":["Pummel","Carnage"],"picked":"Body Slam","floor":1},{"not_picked":["Flex","Anger"],"picked":"Thunderclap","floor":2},{"not_picked":["Twin Strike","Armaments"],"picked":"Rampage","floor":4},{"not_picked":["Twin Strike","Flex"],"picked":"Seeing Red","floor":5},{"not_picked":["Ghostly Armor","Headbutt"],"picked":"Dropkick","floor":6},{"not_picked":["Flex","Headbutt"],"picked":"Rampage","floor":13},{"not_picked":["Juggernaut","Fiend Fire"],"picked":"Barricade","floor":16},{"not_picked":["Armaments","Inflame"],"picked":"Clash","floor":18},{"not_picked":["Rampage","Reckless Charge"],"picked":"Bludgeon","floor":22},{"not_picked":["Headbutt","Shockwave"],"picked":"Feel No Pain","floor":24}],"player_experience":192558,"potions_floor_usage":[6,13,14,16,18,31,33,33],"damage_taken":[{"damage":4,"enemies":"Jaw Worm","floor":1,"turns":5},{"damage":6,"enemies":"Cultist","floor":2,"turns":3},{"damage":5,"enemies":"Small Slimes","floor":4,"turns":4},{"damage":0,"enemies":"Exordium Wildlife","floor":5,"turns":3},{"damage":14,"enemies":"3 Sentries","floor":6,"turns":8},{"damage":0,"enemies":"Blue Slaver","floor":12,"turns":2},{"damage":21,"enemies":"Lagavulin","floor":13,"turns":6},{"damage":0,"enemies":"Looter","floor":14,"turns":2},{"damage":50,"enemies":"Hexaghost","floor":16,"turns":8},{"damage":21,"enemies":"Shell Parasite","floor":18,"turns":6},{"damage":7,"enemies":"Chosen","floor":21,"turns":8},{"damage":20,"enemies":"Slaver and Parasite","floor":22,"turns":8},{"damage":2,"enemies":"3 Cultists","floor":24,"turns":7},{"damage":24,"enemies":"Snake Plant","floor":25,"turns":4},{"damage":0,"enemies":"Centurion and Healer","floor":30,"turns":7},{"damage":4,"enemies":"Cultist and Chosen","floor":31,"turns":10},{"damage":59,"enemies":"Collector","floor":33,"turns":13}],"event_choices":[{"event_name":"Golden Wing","player_choice":"Card Removal","floor":3,"damage_taken":0},{"event_name":"Wheel of Change","player_choice":"Full Heal","floor":8,"damage_taken":0},{"event_name":"Ghosts","player_choice":"Became a Ghost","floor":19,"damage_taken":0},{"event_name":"Vampires","player_choice":"Ignored","floor":27,"damage_taken":0}],"boss_relics":[{"not_picked":["Black Star","Sozu"],"picked":"Tiny House"}],"potions_floor_spawned":[1,2,5,14,22,25,31],"seed_played":"8959225071291784001","killed_by":"Collector","ascension_level":0,"is_trial":false}