{"gold_per_floor":[110,128,128,140,155,182,200,230,230,230,265,265,298,359,359,457,457,477,487,487,413,425,425,350,381,381,392,403,433,433,450,450,554,554,572,468,468,482,494,494,520,520,544,561,561,330,330,349,349,349,349,349,56,85,85],"floor_reached":55,"playtime":1913,"items_purged":["Dualcast"],"score":837,"play_id":"a0ee7f70-3552-400d-8c1f-4b212116fd93","local_time":"20181221203047","is_ascension_mode":true,"campfire_choices":[{"data":"Streamline","floor":10.0,"key":"SMITH"},{"data":"Zap","floor":12.0,"key":"SMITH"},{"data":"Hologram","floor":15.0,"key":"SMITH"},{"data":"Consume","floor":23.0,"key":"SMITH"},{"data":"Capacitor","floor":30.0,"key":"SMITH"},{"data":"Defragment","floor":32.0,"key":"SMITH"},{"floor":40.0,"key":"RECALL"},{"floor":42.0,"key":"REST"},{"floor":49.0,"key":"REST"},{"floor":52.0,"key":"REST"}],"neow_cost":"NONE","seed_source_timestamp":148409772553217,"circlet_count":0,"master_deck":["Zap+1","Streamline+1","Go for the Eyes+1","Barrage+1","Beam Cell+1","Hologram+1","Genetic Algorithm","Electrodynamics","Sunder+1","Chill","Cold Snap+1","Leap+1","Consume+1","Redo+1","Auto Shields","Streamline+1","Steam+1","Necronomicurse","Capacitor+1","Compile Driver+1","Static Discharge+1","Defragment+1","Undo+1","Defragment","Seek","Hologram+1","Buffer"],"special_seed":0,"relics":["Cracked Core","PreservedInsect","Molten Egg 2","Vajra","StoneCalendar","Art of War","Shuriken","Gambling Chip","Pandora\u0027s Box","Necronomicon","Thread and Needle","Meat on the Bone","War Paint","Fusion Hammer","Regal Pillow","Kunai","DataDisk","Emotion Chip","Mummified Hand"],"potions_floor_usage":[55,55,55],"damage_taken":[{"damage":0.0,"enemies":"Cultist","floor":1.0,"turns":3.0},{"damage":0.0,"enemies":"2 Louse","floor":2.0,"turns":2.0},{"damage":6.0,"enemies":"Jaw Worm","floor":4.0,"turns":3.0},{"damage":4.0,"enemies":"3 Louse","floor":5.0,"turns":4.0},{"damage":21.0,"enemies":"Lagavulin","floor":6.0,"turns":5.0},{"damage":0.0,"enemies":"Gremlin Gang","floor":7.0,"turns":3.0},{"damage":6.0,"enemies":"Gremlin Nob","floor":8.0,"turns":3.0},{"damage":6.0,"enemies":"Lagavulin","floor":11.0,"turns":4.0},{"damage":0.0,"enemies":"Gremlin Nob","floor":13.0,"turns":2.0},{"damage":0.0,"enemies":"Gremlin Nob","floor":14.0,"turns":2.0},{"damage":11.0,"enemies":"Hexaghost","floor":16.0,"turns":6.0},{"damage":6.0,"enemies":"2 Thieves","floor":18.0,"turns":4.0},{"damage":6.0,"enemies":"Spheric Guardian","floor":19.0,"turns":3.0},{"damage":0.0,"enemies":"Snake Plant","floor":22.0,"turns":2.0},{"damage":7.0,"enemies":"Slavers","floor":25.0,"turns":3.0},{"damage":0.0,"enemies":"Cultist and Chosen","floor":27.0,"turns":5.0},{"damage":0.0,"enemies":"Sentry and Sphere","floor":28.0,"turns":4.0},{"damage":0.0,"enemies":"Gremlin Leader","floor":29.0,"turns":3.0},{"damage":5.0,"enemies":"Snake Plant","floor":31.0,"turns":3.0},{"damage":3.0,"enemies":"Automaton","floor":33.0,"turns":7.0},{"damage":0.0,"enemies":"3 Shapes","floor":35.0,"turns":2.0},{"damage":0.0,"enemies":"3 Darklings","floor":38.0,"turns":4.0},{"damage":0.0,"enemies":"Maw","floor":39.0,"turns":5.0},{"damage":31.0,"enemies":"Reptomancer","floor":41.0,"turns":6.0},{"damage":0.0,"enemies":"Sphere and 2 Shapes","floor":44.0,"turns":2.0},{"damage":0.0,"enemies":"Writhing Mass","floor":48.0,"turns":5.0},{"damage":20.0,"enemies":"Donu and Deca","floor":50.0,"turns":7.0},{"damage":29,"enemies":"Shield and Spear","floor":54,"turns":5},{"damage":55,"enemies":"The Heart","floor":55,"turns":5}],"seed_played":"-5973117390218689127","potions_obtained":[{"floor":1.0,"key":"SpeedPotion"},{"floor":4.0,"key":"Poison Potion"},{"floor":6.0,"key":"Explosive Potion"},{"floor":7.0,"key":"SkillPotion"},{"floor":11.0,"key":"Explosive Potion"},{"floor":13.0,"key":"SkillPotion"},{"floor":18.0,"key":"FocusPotion"},{"floor":27.0,"key":"Dexterity Potion"},{"floor":35.0,"key":"PowerPotion"},{"floor":41.0,"key":"FairyPotion"},{"floor":44.0,"key":"LiquidBronze"}],"is_trial":false,"path_per_floor":["M","M","T","M","M","E","M","E","E","T","R","E","R","E","?","R","B",null,"M","M","?","$","M","R","?","E","T","M","M","E","R","M","R","B",null,"M","$","?","M","M","R","E","R","T","M","?","$","?","M","R","B",null,"R","$","E","B"],"character_chosen":"DEFECT","items_purchased":["Capacitor","Fruit Juice","DataDisk","Emotion Chip"],"campfire_rested":3,"item_purchase_floors":[21,36,46,53],"current_hp_per_floor":[82,82,82,76,72,51,51,45,45,45,39,39,39,39,39,28,82,76,70,54,54,54,54,54,47,47,47,47,47,47,42,42,51,82,82,82,82,82,87,87,56,87,87,87,87,87,83,83,83,63,83,83,83,54,0],"gold":85,"neow_bonus":"TEN_PERCENT_HP_BONUS","is_prod":false,"is_daily":false,"chose_seed":false,"campfire_upgraded":6,"win_rate":0,"timestamp":1545449447,"path_taken":["M","M","?","M","M","E","?","E","T","R","E","R","E","?","R","BOSS","M","M","?","$","M","R","?","E","T","M","M","E","R","M","R","BOSS","M","$","?","?","M","R","E","R","T","M","?","$","?","?","R","BOSS","R","$","E","BOSS"],"build_version":"2018-12-20","purchased_purges":1,"victory":false,"max_hp_per_floor":[82,82,82,82,82,82,82,82,82,82,82,82,82,82,82,82,82,82,82,82,82,82,82,82,82,82,82,82,82,82,82,82,82,82,82,82,82,82,87,87,87,87,87,87,87,87,83,83,83,83,83,83,83,83,83],"card_choices":[{"not_picked":["Chaos","Barrage","Redo"],"picked":"SKIP","floor":1.0},{"not_picked":["Melter","Conserve Battery"],"picked":"Gash","floor":2.0},{"not_picked":["Turbo","Steam Power","Storm"],"picked":"SKIP","floor":4.0},{"not_picked":["Darkness","Rebound"],"picked":"Streamline","floor":5.0},{"not_picked":["Storm","Leap"],"picked":"Go for the Eyes","floor":6.0},{"not_picked":["Barrage+1","Redo","Stack"],"picked":"SKIP","floor":7.0},{"not_picked":["Double Energy","Streamline+1"],"picked":"Barrage+1","floor":8.0},{"not_picked":["Redo","Doom and Gloom+1"],"picked":"Beam Cell+1","floor":11.0},{"not_picked":["Creative AI","Fusion"],"picked":"Hologram","floor":13.0},{"not_picked":["Loop","White Noise"],"picked":"Genetic Algorithm","floor":14.0},{"not_picked":["Biased Cognition","Thunder Strike+1"],"picked":"Electrodynamics","floor":16.0},{"not_picked":["Barrage+1","Leap"],"picked":"Steam+1","floor":18.0},{"not_picked":["Barrage+1","Force Field","Ball Lightning+1"],"picked":"SKIP","floor":19.0},{"not_picked":["Blizzard+1","Lockon+1"],"picked":"Compile Driver+1","floor":22.0},{"not_picked":["Go for the Eyes+1","Multi-Cast"],"picked":"Static Discharge+1","floor":25.0},{"not_picked":["Stack","Hello World","Scrape+1"],"picked":"SKIP","floor":27.0},{"not_picked":["Gash+1","Skim","Genetic Algorithm"],"picked":"SKIP","floor":28.0},{"not_picked":["Turbo","Compile Driver+1"],"picked":"Sweeping Beam+1","floor":29.0},{"not_picked":["Multi-Cast","Barrage+1"],"picked":"Defragment","floor":31.0},{"not_picked":["Genetic Algorithm+1","Ball Lightning+1"],"picked":"Undo+1","floor":35.0},{"not_picked":["Streamline+1","Sweeping Beam+1","Ball Lightning+1"],"picked":"SKIP","floor":38.0},{"not_picked":["Compile Driver+1","Cold Snap+1"],"picked":"Defragment","floor":39.0},{"not_picked":["Leap+1","Cold Snap+1"],"picked":"Seek","floor":41.0},{"not_picked":["Stack","Steam","Cold Snap+1"],"picked":"SKIP","floor":44.0},{"not_picked":["Gash+1","Barrage+1"],"picked":"Hologram+1","floor":48.0},{"not_picked":["Rebound+1","Lockon+1"],"picked":"Buffer","floor":54}],"player_experience":662028,"relics_obtained":[{"floor":3.0,"key":"PreservedInsect"},{"floor":6.0,"key":"Molten Egg 2"},{"floor":8.0,"key":"Vajra"},{"floor":9.0,"key":"StoneCalendar"},{"floor":11.0,"key":"Art of War"},{"floor":13.0,"key":"Shuriken"},{"floor":14.0,"key":"Gambling Chip"},{"floor":20.0,"key":"Necronomicon"},{"floor":25.0,"key":"Thread and Needle"},{"floor":26.0,"key":"Meat on the Bone"},{"floor":29.0,"key":"War Paint"},{"floor":41.0,"key":"Kunai"},{"floor":54,"key":"Mummified Hand"}],"event_choices":[{"damage_healed":0.0,"max_hp_gain":0.0,"max_hp_loss":0.0,"gold_gain":30.0,"event_name":"Dead Adventurer","player_choice":"Searched \u00273\u0027 times","floor":14.0,"gold_loss":0.0,"damage_taken":0.0},{"damage_healed":0.0,"max_hp_gain":0.0,"max_hp_loss":0.0,"gold_gain":0.0,"event_name":"Cursed Tome","player_choice":"Obtained Book","floor":20.0,"gold_loss":0.0,"damage_taken":16.0},{"cards_removed":["Gash"],"damage_healed":0.0,"max_hp_gain":0.0,"max_hp_loss":0.0,"gold_gain":0.0,"event_name":"Beggar","player_choice":"Gave Gold","floor":24.0,"gold_loss":75.0,"damage_taken":0.0},{"cards_removed":["Sweeping Beam"],"damage_healed":0.0,"max_hp_gain":0.0,"max_hp_loss":0.0,"gold_gain":0.0,"event_name":"WeMeetAgain","player_choice":"Gave Card","floor":37.0,"gold_loss":0.0,"damage_taken":0.0,"relics_obtained":["Regal Pillow"]},{"damage_healed":0.0,"max_hp_gain":0.0,"max_hp_loss":0.0,"gold_gain":0.0,"event_name":"Tomb of Lord Red Mask","player_choice":"Ignored","floor":45.0,"gold_loss":0.0,"damage_taken":0.0},{"damage_healed":0.0,"max_hp_gain":0.0,"max_hp_loss":4.0,"gold_gain":0.0,"event_name":"Winding Halls","player_choice":"Max HP","floor":47.0,"gold_loss":0.0,"damage_taken":0.0}],"is_beta":false,"boss_relics":[{"not_picked":["Tiny House","Sozu"],"picked":"Pandora\u0027s Box"},{"not_picked":["Runic Dome","Nuclear Battery"],"picked":"Fusion Hammer"}],"items_purged_floors":[46],"is_endless":false,"potions_floor_spawned":[1,4,6,7,11,13,18,27,31,35,41,44],"killed_by":"The Heart","ascension_level":1}