{"path_per_floor":["?","?","?","?","?","?","?","?","?","?","?","?","?","?","?","B",null,"?","?","?","?","?"],"character_chosen":"IRONCLAD","items_purchased":["Bandage Up","Energy Potion"],"gold_per_floor":[114,129,144,13,13,13,13,13,88,25,40,114,129,144,144,244,244,259,274,289,304,319],"floor_reached":23,"campfire_rested":0,"playtime":1917,"current_hp_per_floor":[80,80,80,80,80,80,80,80,80,80,80,77,77,80,80,51,80,83,83,74,40,31],"items_purged":[],"gold":319,"score":187,"play_id":"306f6212-689e-41fe-834c-47be050079c7","local_time":"20180302040642","daily_mods":[{"name":"Diverse","description":"Start with 2 cards from another class.","modID":"Diverse","img":{"data":{"file":{"file":{"path":"images\\ui\\run_mods\\diverse.png"},"type":"Internal"},"width":64,"height":64,"format":"RGBA8888","useMipMaps":false,"isPrepared":false},"glTarget":3553,"glHandle":685,"minFilter":"Linear","magFilter":"Linear","uWrap":"ClampToEdge","vWrap":"ClampToEdge"},"positive":true},{"name":"Uncertain Future","description":"The map shows only ?.","modID":"Uncertain Future","img":{"data":{"file":{"file":{"path":"images\\ui\\run_mods\\uncertain_future.png"},"type":"Internal"},"width":64,"height":64,"format":"RGBA8888","useMipMaps":false,"isPrepared":false},"glTarget":3553,"glHandle":679,"minFilter":"Linear","magFilter":"Linear","uWrap":"ClampToEdge","vWrap":"ClampToEdge"},"positive":false},{"name":"Binary","description":"Card rewards contain only 2 cards.","modID":"Binary","img":{"data":{"file":{"file":{"path":"images\\ui\\run_mods\\binary.png"},"type":"Internal"},"width":64,"height":64,"format":"RGBA8888","useMipMaps":false,"isPrepared":false},"glTarget":3553,"glHandle":680,"minFilter":"Linear","magFilter":"Linear","uWrap":"ClampToEdge","vWrap":"ClampToEdge"},"positive":false},{"name":"Vintage","description":"The Merchant\u0027s prices are increased by 25%.","modID":"Vintage","img":{"data":{"file":{"file":{"path":"images\\ui\\run_mods\\vintage.png"},"type":"Internal"},"width":64,"height":64,"format":"RGBA8888","useMipMaps":false,"isPrepared":false},"glTarget":3553,"glHandle":677,"minFilter":"Linear","magFilter":"Linear","uWrap":"ClampToEdge","vWrap":"ClampToEdge"},"positive":false}],"is_prod":false,"is_daily":true,"is_ascension_mode":false,"campfire_upgraded":3,"timestamp":1519981602,"path_taken":["?","?","?","?","?","?","?","?","?","?","?","?","?","?","?","BOSS","?","?","?","?","?","?"],"build_version":"2018-03-01-PROD1","purchased_purges":0,"victory":false,"master_deck":["Strike_R","Strike_R","Strike_R","Strike_R","Strike_R","Defend_R","Defend_R","Defend_R","Defend_R","Bash","Bouncing Flask+1","Bouncing Flask+1","Clash","Battle Trance","Sentinel","Bandage Up+1","Iron Wave","Combust","Warcry","Pummel","Feed","Cleave+1","Armaments+1","Clash","Clothesline+1","Sword Boomerang"],"max_hp_per_floor":[80,80,80,80,80,80,80,80,80,80,80,80,80,80,80,80,80,83,83,83,83,83],"relics":["Burning Blood","Gremlin Horn","Tiny Chest","Cursed Key"],"card_choices":[{"not_picked":["Warcry"],"picked":"Clash"},{"not_picked":["Body Slam"],"picked":"Battle Trance"},{"not_picked":["Body Slam"],"picked":"Sentinel"},{"not_picked":["Heavy Blade"],"picked":"Iron Wave"},{"not_picked":["Armaments"],"picked":"Combust"},{"not_picked":["Heavy Blade"],"picked":"Warcry"},{"not_picked":["Dropkick"],"picked":"Pummel"},{"not_picked":["Bludgeon"],"picked":"Feed"},{"not_picked":["Perfected Strike"],"picked":"Cleave"},{"not_picked":["Rage"],"picked":"Armaments"},{"not_picked":["Ghostly Armor"],"picked":"Clash"},{"not_picked":["Iron Wave"],"picked":"Clothesline"},{"not_picked":["Feel No Pain"],"picked":"Sword Boomerang"}],"player_experience":201395,"potions_floor_usage":[11,12,12,13,16,18,21,22],"damage_taken":[{"damage":1,"enemies":"Cultist","floor":1,"turns":3},{"damage":6,"enemies":"Jaw Worm","floor":2,"turns":3},{"damage":2,"enemies":"Small Slimes","floor":3,"turns":3},{"damage":1,"enemies":"2 Fungi Beasts","floor":11,"turns":2},{"damage":24,"enemies":"Lagavulin Event","floor":12,"turns":5},{"damage":6,"enemies":"Red Slaver","floor":13,"turns":3},{"damage":5,"enemies":"Looter","floor":14,"turns":3},{"damage":41,"enemies":"Slime Boss","floor":16,"turns":9},{"damage":7,"enemies":"3 Byrds","floor":18,"turns":4},{"damage":3,"enemies":"Chosen","floor":19,"turns":3},{"damage":15,"enemies":"Snecko","floor":20,"turns":4},{"damage":46,"enemies":"Cultist and Chosen","floor":21,"turns":6},{"damage":21,"enemies":"Slaver and Parasite","floor":22,"turns":5},{"damage":37,"enemies":"Slavers","floor":23,"turns":2}],"event_choices":[{"event_name":"The Cleric","player_choice":"Leave","floor":5,"damage_taken":0},{"event_name":"The Lab","player_choice":"Got Potions","floor":7,"damage_taken":0},{"event_name":"Dead Adventurer","player_choice":"Searched \u00272\u0027 times","floor":12,"damage_taken":0}],"boss_relics":[{"not_picked":["Question Card","Velvet Choker"],"picked":"Cursed Key"}],"potions_floor_spawned":[2,3,12,14,16,20,21],"seed_played":"-4064848218327866266","killed_by":"Slavers","ascension_level":0,"is_trial":false}