{"gold_per_floor":[109,127,202,377,71,71,71,87,87,116,132,146,156,167,167,266,266,283,296,296,211,226,226,255,255,255,255,42,62,81,92,92,187,187,203,203,220,231,242,242],"floor_reached":40,"playtime":1709,"items_purged":["Pain","Normality"],"score":464,"play_id":"d1442c93-5ccb-4912-82a5-03f1f6ad741c","local_time":"20190619085519","is_ascension_mode":false,"campfire_choices":[{"floor":7,"key":"RECALL"},{"data":"Barricade","floor":15,"key":"SMITH"},{"data":"J.A.X.","floor":23,"key":"SMITH"},{"data":"Reaper","floor":25,"key":"SMITH"},{"floor":32,"key":"REST"}],"neow_cost":"CURSE","seed_source_timestamp":2159919791299,"circlet_count":0,"master_deck":["Strike_R","Strike_R","Strike_R","Strike_R","Strike_R","Defend_R","Defend_R","Defend_R","Defend_R","Bash","Flame Barrier","Doubt","Carnage+1","Rampage","Iron Wave","Clash","Barricade+1","Dual Wield","Sever Soul","Juggernaut","Warcry+1","Headbutt","J.A.X.+1","Power Through+1","Reaper+1","Rupture","Flex","Thunderclap","Flex","Cleave","Reaper","Thunderclap","Madness","Madness","Flame Barrier+1","True Grit+1","Metallicize"],"relics":["Burning Blood","Incense Burner","Lee\u0027s Waffle","Mercury Hourglass","Cursed Key","Ancient Tea Set","Potion Belt","Ice Cream","White Beast Statue"],"potions_floor_usage":[1,14,14,22,22,33,35,37,38,39,40],"damage_taken":[{"damage":3,"enemies":"Cultist","floor":1,"turns":3},{"damage":6,"enemies":"2 Louse","floor":2,"turns":3},{"damage":7,"enemies":"Jaw Worm","floor":8,"turns":6},{"damage":27,"enemies":"3 Sentries","floor":10,"turns":8},{"damage":4,"enemies":"3 Louse","floor":11,"turns":3},{"damage":1,"enemies":"2 Fungi Beasts","floor":12,"turns":2},{"damage":0,"enemies":"Exordium Wildlife","floor":13,"turns":2},{"damage":1,"enemies":"Looter","floor":14,"turns":2},{"damage":30,"enemies":"Slime Boss","floor":16,"turns":13},{"damage":0,"enemies":"3 Byrds","floor":18,"turns":2},{"damage":14,"enemies":"Spheric Guardian","floor":19,"turns":4},{"damage":37,"enemies":"Centurion and Healer","floor":22,"turns":7},{"damage":39,"enemies":"Slavers","floor":24,"turns":5},{"damage":21,"enemies":"Snake Plant","floor":29,"turns":2},{"damage":3,"enemies":"Chosen and Byrds","floor":30,"turns":5},{"damage":35,"enemies":"Centurion and Healer","floor":31,"turns":6},{"damage":52,"enemies":"Collector","floor":33,"turns":10},{"damage":33,"enemies":"3 Darklings","floor":35,"turns":4},{"damage":20,"enemies":"3 Shapes","floor":37,"turns":2},{"damage":84,"enemies":"Transient","floor":38,"turns":5},{"damage":19,"enemies":"Maw","floor":39,"turns":8},{"damage":54,"enemies":"Reptomancer","floor":40,"turns":2}],"seed_played":"5019427828399182211","potions_obtained":[{"floor":1,"key":"Fruit Juice"},{"floor":12,"key":"Energy Potion"},{"floor":13,"key":"EssenceOfSteel"},{"floor":18,"key":"Regen Potion"},{"floor":19,"key":"Regen Potion"},{"floor":31,"key":"Poison Potion"},{"floor":33,"key":"EssenceOfSteel"},{"floor":35,"key":"Regen Potion"},{"floor":37,"key":"Block Potion"},{"floor":38,"key":"Swift Potion"},{"floor":39,"key":"GamblersBrew"}],"is_trial":false,"path_per_floor":["M","M","?","?","$","?","R","M","T","E","M","M","M","M","R","B",null,"M","M","?","?","M","R","E","R","T","?","$","M","M","M","R","B",null,"M","?","M","M","M","E"],"character_chosen":"IRONCLAD","items_purchased":["Lee\u0027s Waffle","Carnage","Rupture","Flex"],"campfire_rested":1,"item_purchase_floors":[5,5,28,28],"current_hp_per_floor":[85,85,74,74,92,92,92,91,91,70,72,77,83,88,88,64,92,92,84,84,84,92,92,59,59,59,41,41,26,35,14,43,17,97,95,83,84,14,7,0],"gold":242,"neow_bonus":"ONE_RARE_RELIC","is_prod":false,"is_daily":false,"chose_seed":false,"campfire_upgraded":3,"win_rate":0,"timestamp":1560948919,"path_taken":["M","M","?","?","$","?","R","M","T","E","M","M","M","M","R","BOSS","M","M","?","?","M","R","E","R","T","?","$","M","M","M","R","BOSS","M","?","M","M","M","E"],"build_version":"2019-06-18","purchased_purges":2,"victory":false,"max_hp_per_floor":[85,85,85,85,92,92,92,92,92,92,92,92,92,92,92,92,92,92,92,92,92,92,92,92,92,92,97,97,97,97,97,97,97,97,97,97,97,97,97,97],"card_choices":[{"not_picked":["Warcry","Bloodletting","Anger"],"picked":"SKIP","floor":1},{"not_picked":["Wild Strike","Headbutt"],"picked":"Flame Barrier","floor":2},{"not_picked":["Armaments","Wild Strike"],"picked":"Rampage","floor":8},{"not_picked":["Shrug It Off","Sword Boomerang"],"picked":"Iron Wave","floor":10},{"not_picked":["Metallicize","Battle Trance"],"picked":"Clash","floor":11},{"not_picked":["Pommel Strike","Inflame"],"picked":"Barricade","floor":12},{"not_picked":["Perfected Strike","Shrug It Off"],"picked":"Dual Wield","floor":13},{"not_picked":["Body Slam","Clothesline"],"picked":"Sever Soul","floor":14},{"not_picked":["Berserk","Bludgeon"],"picked":"Juggernaut","floor":16},{"not_picked":["Pommel Strike","True Grit+1"],"picked":"Warcry+1","floor":18},{"not_picked":["Havoc","Perfected Strike"],"picked":"Headbutt","floor":19},{"not_picked":["Perfected Strike","Clothesline"],"picked":"Power Through+1","floor":22},{"not_picked":["Reckless Charge","Heavy Blade"],"picked":"Reaper","floor":24},{"not_picked":["Clothesline","Wild Strike"],"picked":"Thunderclap","floor":29},{"not_picked":["Pommel Strike","Intimidate"],"picked":"Flex","floor":30},{"not_picked":["Shrug It Off","Wild Strike"],"picked":"Cleave","floor":31},{"not_picked":["Immolate","Bludgeon"],"picked":"Reaper","floor":33},{"not_picked":["Evolve","Burning Pact+1"],"picked":"Thunderclap","floor":35},{"not_picked":["Thunderclap","Perfected Strike"],"picked":"Flame Barrier+1","floor":37},{"not_picked":["Pommel Strike","Havoc"],"picked":"True Grit+1","floor":38},{"not_picked":["Heavy Blade","Pommel Strike+1"],"picked":"Metallicize","floor":39}],"player_experience":1071501,"relics_obtained":[{"floor":10,"key":"Mercury Hourglass"},{"floor":24,"key":"Potion Belt"},{"floor":26,"key":"Ice Cream"}],"event_choices":[{"damage_healed":0,"gold_gain":75,"player_choice":"Gather Gold","damage_taken":11,"max_hp_gain":0,"max_hp_loss":0,"event_name":"World of Goop","floor":3,"gold_loss":0},{"damage_healed":0,"gold_gain":175,"player_choice":"AGREE","damage_taken":0,"max_hp_gain":0,"max_hp_loss":0,"event_name":"Liars Game","floor":4,"gold_loss":0,"cards_obtained":["Doubt"]},{"damage_healed":0,"gold_gain":0,"player_choice":"Grow","damage_taken":0,"max_hp_gain":0,"max_hp_loss":0,"event_name":"Living Wall","floor":6,"gold_loss":0,"cards_upgraded":["Carnage"]},{"damage_healed":0,"gold_gain":0,"player_choice":"Obtain J.A.X.","damage_taken":0,"max_hp_gain":0,"max_hp_loss":0,"event_name":"Drug Dealer","floor":20,"gold_loss":0,"cards_obtained":["J.A.X."]},{"damage_healed":0,"gold_gain":0,"player_choice":"Obtained Relic","damage_taken":0,"relics_obtained":["Ancient Tea Set"],"max_hp_gain":0,"max_hp_loss":0,"event_name":"Addict","floor":21,"gold_loss":85},{"damage_healed":0,"gold_gain":0,"player_choice":"Shed Blood","damage_taken":23,"max_hp_gain":5,"max_hp_loss":0,"event_name":"Forgotten Altar","floor":27,"gold_loss":0},{"damage_healed":0,"gold_gain":0,"player_choice":"Embrace Madness","damage_taken":12,"max_hp_gain":0,"max_hp_loss":0,"event_name":"Winding Halls","floor":36,"gold_loss":0,"cards_obtained":["Madness","Madness"]}],"is_beta":true,"boss_relics":[{"not_picked":["Black Blood","Eternal Feather"],"picked":"Cursed Key"},{"not_picked":["Coffee Dripper","Runic Cube"],"picked":"White Beast Statue"}],"items_purged_floors":[5,28],"is_endless":false,"potions_floor_spawned":[1,12,13,18,19,31,33,35,37,38,39],"killed_by":"Reptomancer","ascension_level":0}