{"gold_per_floor":[109,109,125,125,143,143,157,180,203,217,238,298,298],"floor_reached":13,"playtime":489,"items_purged":[],"score":87,"play_id":"0d7612d8-d0b5-43bf-a345-f8dc674550da","local_time":"20180830005126","is_ascension_mode":true,"campfire_choices":[{"data":"Consume","floor":6,"key":"SMITH"}],"neow_cost":"NONE","seed_source_timestamp":210076586419084,"circlet_count":0,"master_deck":["Strike_B","Strike_B","Strike_B","Defend_B","Defend_B","Defend_B","Defend_B","Zap","Dualcast","Static Discharge","Dark Shackles","Conserve Battery","Injury","Consume+1","Skim","Cold Snap","White Noise","Core Surge"],"relics":["Cracked Core","Golden Idol","Oddly Smooth Stone","Tiny Chest"],"potions_floor_usage":[3,10],"damage_taken":[{"damage":7,"enemies":"Small Slimes","floor":1,"turns":3},{"damage":0,"enemies":"Cultist","floor":3,"turns":3},{"damage":2,"enemies":"Jaw Worm","floor":5,"turns":4},{"damage":13,"enemies":"Red Slaver","floor":7,"turns":4},{"damage":21,"enemies":"2 Fungi Beasts","floor":8,"turns":3},{"damage":3,"enemies":"Looter","floor":10,"turns":5},{"damage":8,"enemies":"Blue Slaver","floor":11,"turns":5},{"damage":27,"enemies":"Gremlin Gang","floor":13,"turns":3}],"seed_played":"-3108189430943879528","potions_obtained":[{"floor":1,"key":"FocusPotion"},{"floor":3,"key":"FearPotion"}],"is_trial":false,"path_per_floor":["M","?","M","?","M","R","M","M","T","M","M","?"],"character_chosen":"DEFECT","items_purchased":[],"campfire_rested":0,"item_purchase_floors":[],"current_hp_per_floor":[68,68,68,68,66,66,53,32,32,29,21,21,0],"gold":298,"neow_bonus":"REMOVE_CARD","is_prod":false,"is_daily":false,"chose_seed":false,"campfire_upgraded":1,"win_rate":0,"timestamp":1535604686,"path_taken":["M","?","?","?","M","R","M","M","T","M","?","?","M"],"build_version":"2018-08-28","purchased_purges":0,"victory":false,"max_hp_per_floor":[75,75,75,75,75,75,75,75,75,75,75,75,75],"card_choices":[{"not_picked":["Steam","Cold Snap"],"picked":"Static Discharge","floor":1},{"not_picked":["Compile Driver","Stack"],"picked":"Conserve Battery","floor":3},{"not_picked":["Steam","Go for the Eyes"],"picked":"Consume","floor":5},{"not_picked":["Barrage","Reprogram"],"picked":"Skim","floor":7},{"not_picked":["Aggregate","Streamline"],"picked":"Cold Snap","floor":8},{"not_picked":["Gash","Leap"],"picked":"White Noise","floor":10},{"not_picked":["Go for the Eyes","Streamline"],"picked":"Core Surge","floor":11}],"player_experience":548459,"relics_obtained":[{"floor":9,"key":"Oddly Smooth Stone"}],"event_choices":[{"event_name":"Match and Keep!","player_choice":"1 cards matched","floor":2,"damage_taken":0},{"event_name":"Golden Idol","player_choice":"Take Wound","floor":4,"damage_taken":0},{"event_name":"Dead Adventurer","player_choice":"Searched \u00272\u0027 times","floor":12,"damage_taken":0}],"is_beta":true,"boss_relics":[],"items_purged_floors":[],"is_endless":false,"potions_floor_spawned":[1,3],"killed_by":"Gremlin Gang","ascension_level":2}