{"gold_per_floor":[117,137,153,183,183,213,232,232],"floor_reached":8,"playtime":803,"items_purged":[],"score":81,"play_id":"07dbfdd2-8fb7-42c1-b8f8-92e6a5a5aa4c","local_time":"20190628030127","is_ascension_mode":true,"campfire_choices":[],"neow_cost":"CURSE","seed_source_timestamp":43618447050200,"circlet_count":0,"master_deck":["Strike_R","Strike_R","Strike_R","Strike_R","Strike_R","Defend_R","Defend_R","Defend_R","Defend_R","Bash","Dark Embrace","Rage","Body Slam","Immolate","Rampage"],"relics":["Burning Blood","Tiny Chest","Peace Pipe"],"potions_floor_usage":[2,6],"damage_taken":[{"damage":1,"enemies":"Cultist","floor":1,"turns":4},{"damage":3,"enemies":"Small Slimes","floor":2,"turns":6},{"damage":3,"enemies":"2 Louse","floor":3,"turns":4},{"damage":69,"enemies":"3 Sentries","floor":6,"turns":14},{"damage":0,"enemies":"Lots of Slimes","floor":7,"turns":1},{"damage":29,"enemies":"Lagavulin","floor":8,"turns":3}],"seed_played":"4657842407686498117","potions_obtained":[{"floor":1,"key":"Block Potion"},{"floor":3,"key":"SneckoOil"}],"is_trial":false,"path_per_floor":["M","M","M","?","?","E","M","E"],"character_chosen":"IRONCLAD","items_purchased":[],"campfire_rested":0,"item_purchase_floors":[],"current_hp_per_floor":[77,80,80,73,73,10,16,0],"gold":232,"neow_bonus":"THREE_RARE_CARDS","is_prod":false,"is_daily":false,"chose_seed":false,"campfire_upgraded":0,"win_rate":0,"timestamp":1561705287,"path_taken":["M","M","?","?","?","E","M","E"],"build_version":"2019-06-24","purchased_purges":0,"victory":false,"max_hp_per_floor":[80,80,80,80,80,80,80,80],"card_choices":[{"not_picked":["Fiend Fire","Juggernaut"],"picked":"Dark Embrace","floor":0},{"not_picked":["Perfected Strike","Combust"],"picked":"Rage","floor":1},{"not_picked":["Headbutt","Shrug It Off"],"picked":"Body Slam","floor":2},{"not_picked":["Pommel Strike","Sentinel","Warcry"],"picked":"SKIP","floor":3},{"not_picked":["Combust","Wild Strike"],"picked":"Immolate","floor":6},{"not_picked":["Flex","Searing Blow"],"picked":"Rampage","floor":7}],"player_experience":1143149,"relics_obtained":[{"floor":6,"key":"Peace Pipe"}],"event_choices":[{"damage_healed":0,"gold_gain":0,"player_choice":"Success","damage_taken":7,"relics_obtained":["Tiny Chest"],"max_hp_gain":0,"max_hp_loss":0,"event_name":"Scrap Ooze","floor":4,"gold_loss":0},{"cards_removed":["Clumsy"],"damage_healed":0,"gold_gain":0,"player_choice":"Purged","damage_taken":0,"max_hp_gain":0,"max_hp_loss":0,"event_name":"Purifier","floor":5,"gold_loss":0}],"is_beta":true,"boss_relics":[],"items_purged_floors":[],"is_endless":false,"potions_floor_spawned":[1,3],"killed_by":"Lagavulin","ascension_level":8}