{"gold_per_floor":[111,286,299,299,318,343,343,368,368,368],"floor_reached":10,"playtime":349,"items_purged":[],"score":116,"play_id":"b96f2c05-f6b5-4623-b080-d6c115a8a44f","local_time":"20180714080540","is_ascension_mode":true,"campfire_choices":[{"floor":7,"key":"REST"}],"neow_cost":"CURSE","seed_source_timestamp":449088785357217,"circlet_count":0,"master_deck":["Strike_R+1","Strike_R","Strike_R+1","Strike_R","Strike_R","Defend_R","Defend_R","Defend_R","Defend_R","Bash","Pain","Seeing Red","Doubt","Rupture","Cleave","Blood for Blood","Perfected Strike"],"relics":["Burning Blood","Pantograph","Meat on the Bone","Question Card"],"potions_floor_usage":[3,5,10],"damage_taken":[{"damage":8,"enemies":"Small Slimes","floor":1,"turns":3},{"damage":14,"enemies":"2 Louse","floor":3,"turns":3},{"damage":2,"enemies":"Cultist","floor":5,"turns":3},{"damage":39,"enemies":"3 Sentries","floor":6,"turns":8},{"damage":57,"enemies":"Lagavulin","floor":8,"turns":6},{"damage":22,"enemies":"Exordium Thugs","floor":10,"turns":3}],"seed_played":"-4076650022278549812","potions_obtained":[{"floor":1,"key":"SneckoOil"},{"floor":3,"key":"SpeedPotion"},{"floor":8,"key":"FearPotion"}],"is_trial":false,"path_per_floor":["M","?","M","?","M","E","R","E","T"],"character_chosen":"IRONCLAD","items_purchased":[],"campfire_rested":1,"item_purchase_floors":[],"current_hp_per_floor":[94,94,86,67,71,38,66,15,15,0],"gold":368,"neow_bonus":"TWENTY_PERCENT_HP_BONUS","is_prod":false,"is_daily":false,"chose_seed":false,"campfire_upgraded":0,"win_rate":0,"timestamp":1531569940,"path_taken":["M","?","M","?","?","E","R","E","T","M"],"build_version":"2018-07-13","purchased_purges":0,"victory":false,"max_hp_per_floor":[96,96,96,96,96,96,96,96,96,96],"card_choices":[{"not_picked":["Dropkick","Twin Strike"],"picked":"Seeing Red","floor":1},{"not_picked":["True Grit","Second Wind"],"picked":"Rupture","floor":3},{"not_picked":["Havoc","Anger"],"picked":"Cleave","floor":5},{"not_picked":["Wild Strike","Perfected Strike"],"picked":"Blood for Blood","floor":6},{"not_picked":["Iron Wave","Body Slam"],"picked":"Perfected Strike","floor":8}],"player_experience":431526,"relics_obtained":[{"floor":6,"key":"Pantograph"},{"floor":8,"key":"Meat on the Bone"},{"floor":9,"key":"Question Card"}],"event_choices":[{"event_name":"Liars Game","player_choice":"agreed","floor":2,"damage_taken":0},{"event_name":"Shining Light","player_choice":"Entered Light","floor":4,"damage_taken":0}],"boss_relics":[],"items_purged_floors":[],"is_endless":false,"potions_floor_spawned":[1,3,8],"killed_by":"Exordium Thugs","ascension_level":4}