{"gold_per_floor":[118,130,55,55,75,75,106,106,106,120,146,146,172,186,186,265,265,275,290,290,303,313,339,351,382,419,38,38,66,66,85,85,85],"floor_reached":33,"playtime":1318,"items_purged":["Strike_R"],"score":644,"play_id":"72acc811-7d93-429d-ab1a-1a28d31a5507","local_time":"20190706221002","is_ascension_mode":true,"campfire_choices":[{"data":"Armaments","floor":6.0,"key":"SMITH"},{"floor":15.0,"key":"REST"},{"floor":28.0,"key":"REST"},{"data":"Battle Trance","floor":30.0,"key":"SMITH"},{"floor":32.0,"key":"REST"}],"neow_cost":"NONE","seed_source_timestamp":94913849034118,"circlet_count":0,"master_deck":["AscendersBane","Strike_R","Strike_R","Defend_R","Defend_R","Defend_R","Defend_R","Bash","Feed","Carnage","Whirlwind","Thunderclap","Armaments+1","Shrug It Off","Pommel Strike","Immolate","Shockwave","True Grit","Demon Form","Shrug It Off","Armaments+1","Pummel","Reaper","Battle Trance+1"],"special_seed":0,"relics":["Burning Blood","Mango","The Courier","Odd Mushroom","Bottled Lightning","Sozu","MawBank","Shuriken","Vajra","Incense Burner","Calipers"],"potions_floor_usage":[33],"damage_taken":[{"damage":7.0,"enemies":"Cultist","floor":1.0,"turns":4.0},{"damage":9.0,"enemies":"Jaw Worm","floor":2.0,"turns":4.0},{"damage":8.0,"enemies":"2 Louse","floor":5.0,"turns":2.0},{"damage":53.0,"enemies":"Lagavulin","floor":7.0,"turns":8.0},{"damage":3.0,"enemies":"Blue Slaver","floor":10.0,"turns":5.0},{"damage":19.0,"enemies":"The Mushroom Lair","floor":11.0,"turns":4.0},{"damage":25.0,"enemies":"Gremlin Nob","floor":13.0,"turns":4.0},{"damage":13.0,"enemies":"Lots of Slimes","floor":14.0,"turns":4.0},{"damage":53.0,"enemies":"Slime Boss","floor":16.0,"turns":17.0},{"damage":4.0,"enemies":"Chosen","floor":18.0,"turns":5.0},{"damage":30.0,"enemies":"Spheric Guardian","floor":19.0,"turns":6.0},{"damage":1.0,"enemies":"Centurion and Healer","floor":21.0,"turns":6.0},{"damage":6.0,"enemies":"Cultist and Chosen","floor":22.0,"turns":5.0},{"damage":51.0,"enemies":"Gremlin Leader","floor":23.0,"turns":7.0},{"damage":20.0,"enemies":"3 Cultists","floor":25.0,"turns":4.0},{"damage":52.0,"enemies":"Book of Stabbing","floor":29.0,"turns":7.0},{"damage":40.0,"enemies":"Sentry and Sphere","floor":31.0,"turns":5.0},{"damage":77,"enemies":"Collector","floor":33,"turns":9}],"seed_played":"1638768802901381768","potions_obtained":[{"floor":1.0,"key":"Poison Potion"},{"floor":2.0,"key":"EssenceOfSteel"},{"floor":10.0,"key":"Regen Potion"},{"floor":13.0,"key":"Block Potion"}],"is_trial":false,"path_per_floor":["M","M","$","?","M","R","E","$","T","M","?","?","E","M","R","B",null,"M","M","?","M","M","E","T","M","T","$","R","E","R","M","R","B"],"character_chosen":"IRONCLAD","items_purchased":["Reaper","Incense Burner"],"campfire_rested":3,"item_purchase_floors":[27,27],"current_hp_per_floor":[70,70,70,70,71,71,41,41,41,48,51,44,28,24,58,15,93,99,78,78,86,86,44,44,30,30,30,69,39,39,16,56,0],"gold":85,"neow_bonus":"ONE_RANDOM_RARE_CARD","is_prod":false,"is_daily":false,"chose_seed":false,"campfire_upgraded":2,"win_rate":0,"timestamp":1562476202,"path_taken":["M","M","$","?","M","R","E","$","T","?","?","?","E","M","R","BOSS","M","M","?","?","M","E","?","M","T","$","R","E","R","M","R","BOSS"],"build_version":"2019-07-05","purchased_purges":1,"victory":false,"max_hp_per_floor":[78,81,81,81,84,84,101,101,101,105,109,109,112,115,115,119,119,123,126,126,129,129,132,132,132,132,132,132,132,132,135,135,135],"card_choices":[{"not_picked":["Havoc","Rupture"],"picked":"Carnage","floor":1.0},{"not_picked":["Thunderclap","Havoc"],"picked":"Whirlwind","floor":2.0},{"not_picked":["Flame Barrier","Clash"],"picked":"Armaments","floor":5.0},{"not_picked":["Searing Blow","Pommel Strike"],"picked":"Shrug It Off","floor":7.0},{"not_picked":["Sentinel","Clothesline"],"picked":"Pommel Strike","floor":10.0},{"not_picked":["Clash","Iron Wave"],"picked":"Immolate","floor":11.0},{"not_picked":["Thunderclap","Intimidate"],"picked":"Shockwave","floor":13.0},{"not_picked":["Infernal Blade","Armaments"],"picked":"True Grit","floor":14.0},{"not_picked":["Bludgeon","Immolate"],"picked":"Demon Form","floor":16.0},{"not_picked":["Body Slam","Ghostly Armor","Flex"],"picked":"SKIP","floor":18.0},{"not_picked":["Inflame","Clothesline"],"picked":"Shrug It Off","floor":19.0},{"not_picked":["Havoc","Cleave","Anger"],"picked":"SKIP","floor":21.0},{"not_picked":["Shrug It Off","Heavy Blade"],"picked":"Pummel","floor":22.0},{"not_picked":["Perfected Strike+1","Iron Wave","Dual Wield"],"picked":"SKIP","floor":23.0},{"not_picked":["True Grit","Sever Soul+1","Wild Strike"],"picked":"SKIP","floor":25.0},{"not_picked":["Inflame","True Grit"],"picked":"Battle Trance","floor":29.0},{"not_picked":["Sword Boomerang+1","Fire Breathing","Wild Strike"],"picked":"SKIP","floor":31.0}],"player_experience":841711,"relics_obtained":[{"floor":7.0,"key":"Mango"},{"floor":9.0,"key":"The Courier"},{"floor":11.0,"key":"Odd Mushroom"},{"floor":13.0,"key":"Bottled Lightning"},{"floor":23.0,"key":"MawBank"},{"floor":24.0,"key":"Shuriken"},{"floor":26.0,"key":"Vajra"},{"floor":29.0,"key":"Calipers"}],"event_choices":[{"damage_healed":0.0,"max_hp_gain":0.0,"max_hp_loss":0.0,"gold_gain":0.0,"cards_transformed":["Strike_R"],"event_name":"Transmorgrifier","player_choice":"Transformed","floor":4.0,"gold_loss":0.0,"damage_taken":0.0,"cards_obtained":["Thunderclap"]},{"damage_healed":0.0,"max_hp_gain":0.0,"max_hp_loss":0.0,"gold_gain":0.0,"event_name":"Mushrooms","player_choice":"Fought Mushrooms","floor":11.0,"gold_loss":0.0,"damage_taken":0.0},{"cards_removed":["Strike_R"],"damage_healed":0.0,"max_hp_gain":0.0,"max_hp_loss":0.0,"gold_gain":0.0,"event_name":"Golden Wing","player_choice":"Card Removal","floor":12.0,"gold_loss":0.0,"damage_taken":7.0},{"damage_healed":0.0,"max_hp_gain":0.0,"max_hp_loss":0.0,"gold_gain":0.0,"event_name":"Duplicator","player_choice":"Copied","floor":20.0,"gold_loss":0.0,"damage_taken":0.0,"cards_obtained":["Armaments"]}],"is_beta":false,"boss_relics":[{"not_picked":["Black Star","Orrery"],"picked":"Sozu"}],"items_purged_floors":[3],"is_endless":false,"potions_floor_spawned":[1,2,10,13,21,22],"killed_by":"Collector","ascension_level":20}