{"gold_per_floor":[118,68,84,84,94,124,124,157,157,167,181,181,13,13,13,109,109,122,135,28,38,38,38,67,15,15,15],"floor_reached":27,"playtime":826,"items_purged":[],"score":301,"play_id":"734096e6-b5d4-42dc-96a8-9e5c65488e50","local_time":"20190623160701","is_ascension_mode":true,"campfire_choices":[{"floor":7,"key":"REST"},{"floor":15,"key":"REST"},{"floor":23,"key":"REST"}],"neow_cost":"NONE","seed_source_timestamp":184618282471100,"circlet_count":0,"master_deck":["Strike_B","Strike_B","Defend_B","Defend_B","Defend_B","Defend_B","Zap","Dualcast","Gash","Core Surge","Conserve Battery","Cold Snap","Compile Driver","Ball Lightning","Double Energy","Mayhem","All For One","Go for the Eyes","Storm","Flash of Steel","Streamline","Sweeping Beam+1","Beam Cell+1","Redo","Decay"],"relics":["Cracked Core","Bronze Scales","Du-Vu Doll","Bottled Lightning","Cursed Key","Incense Burner","Pantograph"],"potions_floor_usage":[3,6,18,21,27],"damage_taken":[{"damage":0,"enemies":"2 Louse","floor":1,"turns":2},{"damage":2,"enemies":"Jaw Worm","floor":3,"turns":2},{"damage":0,"enemies":"Cultist","floor":5,"turns":3},{"damage":28,"enemies":"Lagavulin","floor":6,"turns":4},{"damage":26,"enemies":"3 Sentries","floor":8,"turns":7},{"damage":12,"enemies":"Exordium Thugs","floor":10,"turns":3},{"damage":8,"enemies":"Red Slaver","floor":11,"turns":3},{"damage":30,"enemies":"The Guardian","floor":16,"turns":9},{"damage":5,"enemies":"3 Byrds","floor":18,"turns":3},{"damage":28,"enemies":"Spheric Guardian","floor":19,"turns":3},{"damage":14,"enemies":"Shelled Parasite and Fungi","floor":21,"turns":3},{"damage":46,"enemies":"Book of Stabbing","floor":24,"turns":5},{"damage":8,"enemies":"Slavers","floor":27,"turns":1}],"seed_played":"-1374123286308093610","potions_obtained":[{"floor":1,"key":"FocusPotion"},{"floor":5,"key":"SteroidPotion"},{"floor":10,"key":"Dexterity Potion"},{"floor":19,"key":"AttackPotion"},{"floor":24,"key":"LiquidBronze"}],"is_trial":false,"path_per_floor":["M","?","M","?","M","E","R","E","T","M","M","T","$","$","R","B",null,"M","M","$","M","?","R","E","$","T","E"],"character_chosen":"DEFECT","items_purchased":["Mayhem","Flash of Steel","Streamline","Redo"],"campfire_rested":3,"item_purchase_floors":[13,20,20,25],"current_hp_per_floor":[82,82,80,85,85,57,83,57,57,45,37,37,37,37,63,33,74,69,41,41,27,27,53,7,7,7,0],"gold":15,"neow_bonus":"TEN_PERCENT_HP_BONUS","is_prod":false,"is_daily":false,"chose_seed":false,"campfire_upgraded":0,"win_rate":0,"timestamp":1561320421,"path_taken":["M","?","M","?","M","E","R","E","T","M","M","?","?","$","R","BOSS","M","M","$","?","?","R","E","$","T","E"],"build_version":"2019-06-21","purchased_purges":0,"victory":false,"max_hp_per_floor":[82,82,82,87,87,87,87,87,87,87,87,87,87,87,87,87,87,87,87,87,87,87,87,87,87,87,87],"card_choices":[{"not_picked":["Streamline","Storm"],"picked":"Gash","floor":1},{"not_picked":["Gash","Compile Driver"],"picked":"Core Surge","floor":3},{"not_picked":["Undo","FTL"],"picked":"Conserve Battery","floor":5},{"not_picked":["Go for the Eyes","Coolheaded"],"picked":"Cold Snap","floor":6},{"not_picked":["Skim","Undo"],"picked":"Compile Driver","floor":8},{"not_picked":["Heatsinks","Go for the Eyes"],"picked":"Ball Lightning","floor":10},{"not_picked":["Blizzard","Conserve Battery"],"picked":"Double Energy","floor":11},{"not_picked":["Core Surge","Rainbow"],"picked":"All For One","floor":16},{"not_picked":["Auto Shields","Redo"],"picked":"Go for the Eyes","floor":18},{"not_picked":["Hologram+1","Redo+1"],"picked":"Storm","floor":19},{"not_picked":["Auto Shields","Leap"],"picked":"Sweeping Beam+1","floor":21},{"not_picked":["Rebound","Barrage+1"],"picked":"Beam Cell+1","floor":24}],"player_experience":1114485,"relics_obtained":[{"floor":6,"key":"Bronze Scales"},{"floor":8,"key":"Du-Vu Doll"},{"floor":9,"key":"Bottled Lightning"},{"floor":24,"key":"Incense Burner"},{"floor":26,"key":"Pantograph"}],"event_choices":[{"cards_removed":["Strike_B"],"damage_healed":0,"gold_gain":0,"player_choice":"Card Removal","damage_taken":0,"max_hp_gain":0,"max_hp_loss":0,"event_name":"The Cleric","floor":2,"gold_loss":50},{"damage_healed":0,"gold_gain":0,"player_choice":"Donut","damage_taken":0,"max_hp_gain":5,"max_hp_loss":0,"event_name":"Big Fish","floor":4,"gold_loss":0},{"cards_removed":["Strike_B"],"damage_healed":0,"gold_gain":0,"player_choice":"Purged","damage_taken":0,"max_hp_gain":0,"max_hp_loss":0,"event_name":"Purifier","floor":22,"gold_loss":0}],"is_beta":true,"boss_relics":[{"not_picked":["Runic Dome","Tiny House"],"picked":"Cursed Key"}],"items_purged_floors":[],"is_endless":false,"potions_floor_spawned":[1,5,10,19,24],"killed_by":"Slavers","ascension_level":5}