{"gold_per_floor":[217,217,217,70,70,102,115,126,126,126,126,153,153,170,170,273,273,290,205,221,221,221,256,256,291,314,314,342,354,55,71,71,173,173,185,0,15,90,90],"floor_reached":39,"playtime":1732,"items_purged":[],"score":565,"play_id":"aefbbf6b-49ee-4b30-95dd-10886acfd81c","local_time":"20180829085210","is_ascension_mode":true,"campfire_choices":[{"floor":10,"key":"REST"},{"floor":13,"key":"REST"},{"data":"Reboot","floor":15,"key":"SMITH"},{"data":"Dualcast","floor":24,"key":"SMITH"},{"floor":29,"key":"REST"},{"floor":32,"key":"REST"}],"neow_cost":"NONE","seed_source_timestamp":151274447995345,"circlet_count":0,"master_deck":["Strike_B","Strike_B","Strike_B","Defend_B","Defend_B","Defend_B","Defend_B","Zap","Dualcast+1","Redo","Turbo","Glacier","Doom and Gloom","Glacier","Static Discharge","Cold Snap","Reboot+1","Gash","Electrodynamics","Redo+1","Rebound+1","Ghostly","Ghostly","Ghostly","Ghostly","Ghostly","Rebound","Consume","Gash","Lockon+1","Electrodynamics","Loop","Static Discharge","Loop","Storm","Redo","Hello World+1","Barrage+1"],"relics":["Cracked Core","DataDisk","NlothsMask","Bronze Scales","Juzu Bracelet","Inserter","Sundial","Ginger","Girya","Strawberry","MawBank","Torii","Orrery","Red Mask","Question Card"],"potions_floor_usage":[6,8,23,25,31,33,37,37],"damage_taken":[{"damage":15,"enemies":"Small Slimes","floor":1,"turns":3},{"damage":16,"enemies":"Gremlin Nob","floor":6,"turns":5},{"damage":0,"enemies":"Cultist","floor":7,"turns":4},{"damage":0,"enemies":"2 Louse","floor":8,"turns":2},{"damage":8,"enemies":"Lagavulin","floor":12,"turns":5},{"damage":5,"enemies":"Large Slime","floor":14,"turns":4},{"damage":20,"enemies":"The Guardian","floor":16,"turns":15},{"damage":3,"enemies":"3 Byrds","floor":18,"turns":1},{"damage":7,"enemies":"Chosen","floor":20,"turns":3},{"damage":3,"enemies":"Book of Stabbing","floor":23,"turns":6},{"damage":0,"enemies":"Gremlin Leader","floor":25,"turns":7},{"damage":18,"enemies":"Book of Stabbing","floor":28,"turns":6},{"damage":19,"enemies":"Centurion and Healer","floor":31,"turns":5},{"damage":47,"enemies":"Automaton","floor":33,"turns":9},{"damage":0,"enemies":"Orb Walker","floor":35,"turns":4},{"damage":3,"enemies":"3 Darklings","floor":37,"turns":4},{"damage":49,"enemies":"Jaw Worm Horde","floor":39,"turns":4}],"seed_played":"-4450222342379128342","potions_obtained":[{"floor":1,"key":"PowerPotion"},{"floor":7,"key":"SteroidPotion"},{"floor":14,"key":"Ancient Potion"},{"floor":18,"key":"EssenceOfSteel"},{"floor":20,"key":"Regen Potion"},{"floor":31,"key":"Regen Potion"},{"floor":33,"key":"LiquidBronze"},{"floor":35,"key":"FocusPotion"}],"is_trial":false,"path_per_floor":["M","?","?","$","?","E","M","M","T","R","$","E","R","M","R","B",null,"M","?","M","?","?","E","R","E","T","?","E","R","$","M","R","B",null,"M","?","M","T"],"character_chosen":"DEFECT","items_purchased":["Glacier","Doom and Gloom","Torii"],"campfire_rested":4,"item_purchase_floors":[4,4,30],"current_hp_per_floor":[60,60,48,48,48,32,32,32,32,54,54,46,68,63,63,43,75,72,72,65,37,37,37,37,37,44,44,26,39,39,20,33,1,44,44,44,41,41,0],"gold":90,"neow_bonus":"HUNDRED_GOLD","is_prod":false,"is_daily":false,"chose_seed":false,"campfire_upgraded":2,"win_rate":0,"timestamp":1535547130,"path_taken":["M","?","?","$","?","E","M","?","T","R","$","E","R","M","R","BOSS","M","?","M","?","?","E","R","E","T","?","E","R","$","M","R","BOSS","M","?","M","?","M"],"build_version":"2018-08-28","purchased_purges":0,"victory":false,"max_hp_per_floor":[75,75,75,75,75,75,75,75,75,75,75,75,75,75,75,75,75,75,75,75,37,37,37,37,37,44,44,44,44,44,44,44,44,44,44,44,44,44,44],"card_choices":[{"not_picked":["Blizzard","Cold Snap"],"picked":"Redo","floor":1},{"not_picked":["Coolheaded","Go for the Eyes"],"picked":"Glacier","floor":6},{"not_picked":["Coolheaded","Gash"],"picked":"Static Discharge","floor":7},{"not_picked":["Steam","Go for the Eyes"],"picked":"Cold Snap","floor":8},{"not_picked":["Stack","Leap"],"picked":"Reboot","floor":12},{"not_picked":["Leap","Steam"],"picked":"Gash","floor":14},{"not_picked":["Rainbow","Thunder Strike"],"picked":"Electrodynamics","floor":16},{"not_picked":["Sweeping Beam+1","Steam+1"],"picked":"Redo+1","floor":18},{"not_picked":["Steam","Capacitor"],"picked":"Rebound+1","floor":20},{"not_picked":["Coolheaded","Lockon"],"picked":"Rebound","floor":23},{"not_picked":["Melter","Sunder"],"picked":"Consume","floor":25},{"not_picked":["Coolheaded","Leap"],"picked":"Gash","floor":28},{"not_picked":["Auto Shields","Go for the Eyes"],"picked":"Lockon+1","floor":31},{"not_picked":["Hyperbeam","Reboot"],"picked":"Electrodynamics","floor":33},{"not_picked":["Rebound","Redo"],"picked":"Loop","floor":34},{"not_picked":["Hologram","Conserve Battery+1"],"picked":"Static Discharge","floor":34},{"not_picked":["Stack","Steam"],"picked":"Loop","floor":34},{"not_picked":["All For One","Redo"],"picked":"Storm","floor":34},{"not_picked":["Compile Driver+1","Tempest"],"picked":"Redo","floor":34},{"not_picked":["Undo+1","Streamline"],"picked":"Hello World+1","floor":35},{"not_picked":["Redo","Sweeping Beam"],"picked":"Barrage+1","floor":37}],"player_experience":538613,"relics_obtained":[{"floor":6,"key":"Bronze Scales"},{"floor":12,"key":"Juzu Bracelet"},{"floor":23,"key":"Ginger"},{"floor":25,"key":"Girya"},{"floor":26,"key":"Strawberry"},{"floor":28,"key":"MawBank"},{"floor":38,"key":"Question Card"}],"event_choices":[{"event_name":"Match and Keep!","player_choice":"1 cards matched","floor":2,"damage_taken":0},{"event_name":"Scrap Ooze","player_choice":"success","floor":3,"damage_taken":12},{"event_name":"FaceTrader","player_choice":"Trade","floor":5,"damage_taken":0},{"event_name":"Addict","player_choice":"Obtained Relic","floor":19,"damage_taken":0},{"event_name":"Ghosts","player_choice":"Became a Ghost","floor":21,"damage_taken":0},{"event_name":"Purifier","player_choice":"One Purge","floor":22,"damage_taken":0},{"event_name":"Vampires","player_choice":"Ignored","floor":27,"damage_taken":0},{"event_name":"Tomb of Lord Red Mask","player_choice":"Paid","floor":36,"damage_taken":0}],"is_beta":true,"boss_relics":[{"not_picked":["Coffee Dripper","Runic Pyramid"],"picked":"Inserter"},{"not_picked":["Calling Bell","Nuclear Battery"],"picked":"Orrery"}],"items_purged_floors":[],"is_endless":false,"potions_floor_spawned":[1,7,14,18,20,31,33,35],"killed_by":"Jaw Worm Horde","ascension_level":2}