{"path_per_floor":["M","$","?","M","M","R","?","?","T","M","?","$","T","M","R","B",null,"M","?","T","M","$","R","E","?","T","?","?","M","M","M","R","B",null,"M","M","?","?","?","R"],"character_chosen":"DEFECT","items_purchased":["Swift Strike","Rip and Tear","Melter","Juzu Bracelet"],"gold_per_floor":[112,11,11,25,44,44,44,66,144,164,224,149,149,165,165,268,268,280,280,280,290,72,72,101,61,112,112,112,132,149,161,161,266,266,279,297,297,297,297,297,297],"floor_reached":41,"campfire_rested":2,"playtime":4359,"current_hp_per_floor":[74,74,74,72,71,71,56,51,51,48,48,48,48,48,70,70,75,75,75,75,75,75,75,40,40,40,40,37,36,36,36,36,29,37,30,26,26,16,11,36,0],"items_purged":[],"gold":297,"score":499,"play_id":"4d33fb68-0879-4cca-9f7d-20872b50f2a4","local_time":"20180516125455","is_prod":false,"is_daily":false,"chose_seed":false,"is_ascension_mode":false,"campfire_upgraded":2,"timestamp":1526489695,"path_taken":["M","$","?","M","?","R","?","?","T","M","?","$","?","M","R","BOSS","M","?","?","M","$","R","E","?","T","?","?","M","M","M","R","BOSS","M","M","?","?","?","R","E"],"build_version":"2018-05-15","seed_source_timestamp":248335292190278,"purchased_purges":0,"victory":false,"master_deck":["Strike_B+1","Strike_B","Strike_B+1","Defend_B+1","Defend_B","Defend_B+1","Defend_B","Zap","Dualcast","Glacier","Swift Strike+1","Loop+1","Genetic Algorithm","Melter+1","Conserve Battery","Rip and Tear+1","Rainbow+1","Darkness","Melter+1","Barrage+1","Ghostly","Ghostly","Ghostly","Ghostly","Ghostly","Doom and Gloom+1","Genetic Algorithm","Go for the Eyes+1","Echo Form","Blizzard+1","Conserve Battery","Dramatic Entrance+1","Mind Blast+1","Apotheosis","Madness","Madness"],"max_hp_per_floor":[75,75,75,75,75,75,75,75,75,75,75,75,75,75,75,75,75,75,75,75,75,75,75,75,75,75,75,37,37,37,37,37,37,37,37,37,37,37,37,37,37],"relics":["Velvet Choker","Odd Mushroom","Molten Egg 2","Oddly Smooth Stone","Smiling Mask","Inserter","Mummified Hand","Juzu Bracelet","Whetstone","DataDisk","Shovel","Question Card","Eternal Feather"],"card_choices":[{"not_picked":["Undo","Force Field"],"picked":"Glacier","floor":1},{"not_picked":["Sweeping Beam","Blizzard"],"picked":"Loop","floor":4},{"not_picked":["Barrage","Heatsinks","Lockon"],"picked":"SKIP","floor":5},{"not_picked":["Go for the Eyes","Axe Kick"],"picked":"Genetic Algorithm","floor":8},{"not_picked":["Rebound+1","Steam"],"picked":"Melter+1","floor":10},{"not_picked":["Rebound+1","Steam Power"],"picked":"Conserve Battery","floor":11},{"not_picked":["Hologram","Steam","Barrage+1"],"picked":"SKIP","floor":14},{"not_picked":["Buffer","Fission"],"picked":"Rainbow","floor":16},{"not_picked":["Axe Kick+1","Leap+1","Skim"],"picked":"SKIP","floor":18},{"not_picked":["Skim+1","Stack"],"picked":"Darkness","floor":21},{"not_picked":["Leap","Reinforced Body+1"],"picked":"Barrage+1","floor":24},{"not_picked":["Axe Kick+1","Recycle"],"picked":"Doom and Gloom+1","floor":29},{"not_picked":["Cold Snap+1","Aggregate"],"picked":"Genetic Algorithm","floor":30},{"not_picked":["Steam","Capacitor+1"],"picked":"Go for the Eyes+1","floor":31},{"not_picked":["Creative AI","Meteor Strike+1","Amplify"],"picked":"Echo Form","floor":33},{"not_picked":["Streamline+1","Leap+1","Stack+1"],"picked":"Blizzard+1","floor":35},{"not_picked":["Go for the Eyes+1","Reinforced Body+1","Coolheaded"],"picked":"Conserve Battery","floor":36},{"not_picked":["Jack Of All Trades","Swift Strike","Trip"],"picked":"Dramatic Entrance","floor":38},{"not_picked":["Swift Strike","Master of Strategy","Finesse"],"picked":"Mind Blast","floor":38},{"not_picked":["Secret Technique","Master of Strategy","Trip"],"picked":"Apotheosis","floor":38}],"player_experience":280618,"potions_floor_usage":[5,10,18,24,24,30,30,33,35],"damage_taken":[{"damage":1,"enemies":"Cultist","floor":1,"turns":4},{"damage":2,"enemies":"Small Slimes","floor":4,"turns":3},{"damage":1,"enemies":"2 Louse","floor":5,"turns":3},{"damage":5,"enemies":"The Mushroom Lair","floor":8,"turns":6},{"damage":3,"enemies":"Large Slime","floor":10,"turns":6},{"damage":0,"enemies":"3 Sentries","floor":11,"turns":8},{"damage":0,"enemies":"2 Fungi Beasts","floor":14,"turns":3},{"damage":0,"enemies":"The Guardian","floor":16,"turns":13},{"damage":0,"enemies":"Shell Parasite","floor":18,"turns":3},{"damage":0,"enemies":"Chosen","floor":21,"turns":6},{"damage":35,"enemies":"Gremlin Leader","floor":24,"turns":7},{"damage":1,"enemies":"Snecko","floor":29,"turns":6},{"damage":0,"enemies":"Snake Plant","floor":30,"turns":4},{"damage":0,"enemies":"3 Cultists","floor":31,"turns":7},{"damage":18,"enemies":"Automaton","floor":33,"turns":9},{"damage":7,"enemies":"Flame Bruiser 1 Orb","floor":35,"turns":7},{"damage":4,"enemies":"3 Darklings","floor":36,"turns":7},{"damage":44,"enemies":"Giant Head","floor":41,"turns":9}],"relics_obtained":[{"floor":8,"key":"Odd Mushroom"},{"floor":9,"key":"Molten Egg 2"},{"floor":13,"key":"Smiling Mask"},{"floor":20,"key":"Mummified Hand"},{"floor":24,"key":"Whetstone"},{"floor":26,"key":"DataDisk"},{"floor":32,"key":"Question Card"}],"event_choices":[{"event_name":"Upgrade Shrine","player_choice":"Upgraded","floor":3,"damage_taken":0},{"event_name":"Shining Light","player_choice":"Entered Light","floor":7,"damage_taken":0},{"event_name":"Mushrooms","player_choice":"Fought Mushrooms","floor":8,"damage_taken":0},{"event_name":"Dead Adventurer","player_choice":"Searched \u00272\u0027 times","floor":11,"damage_taken":0},{"event_name":"Drug Dealer","player_choice":"Ignored","floor":19,"damage_taken":0},{"event_name":"The Woman in Blue","player_choice":"Bought 3 Potions","floor":25,"damage_taken":0},{"event_name":"The Mausoleum","player_choice":"Yes","floor":27,"damage_taken":0},{"event_name":"Ghosts","player_choice":"Became a Ghost","floor":28,"damage_taken":0},{"event_name":"Wheel of Change","player_choice":"Card Removal","floor":37,"damage_taken":0},{"event_name":"SensoryStone","player_choice":"Memory 3","floor":38,"damage_taken":0},{"event_name":"Winding Halls","player_choice":"Embrace Madness","floor":39,"damage_taken":0}],"boss_relics":[{"not_picked":["Lizard Tail","White Beast Statue"],"picked":"Inserter"},{"not_picked":["Runic Dome","Runic Pyramid"],"picked":"Eternal Feather"}],"potions_floor_spawned":[1,8,10,11,18,29,33],"seed_played":"1095338009378677264","killed_by":"Giant Head","ascension_level":0,"potions_obtained":[{"floor":1,"key":"FearPotion"},{"floor":8,"key":"PowerPotion"},{"floor":10,"key":"Dexterity Potion"},{"floor":11,"key":"Fire Potion"},{"floor":18,"key":"Fire Potion"},{"floor":25,"key":"SteroidPotion"},{"floor":25,"key":"Regen Potion"},{"floor":25,"key":"Dexterity Potion"},{"floor":29,"key":"SkillPotion"},{"floor":33,"key":"Strength Potion"}],"is_trial":false}