{"gold_per_floor":[110,15,15,28,1,29,29,55,55,21,21,31,31,43,43,140,140,157,157,82,282,25,54,74,88,88,88,117,129,141],"floor_reached":30,"playtime":922,"items_purged":[],"score":374,"play_id":"2e34be84-1d8b-453f-b2b4-3512c87bfa35","local_time":"20190625183641","is_ascension_mode":true,"campfire_choices":[{"floor":11,"key":"REST"},{"floor":13,"key":"REST"},{"data":"Streamline","floor":15,"key":"SMITH"},{"floor":27,"key":"REST"},{"floor":29,"key":"REST"}],"neow_cost":"NONE","seed_source_timestamp":366288349567200,"circlet_count":0,"master_deck":["Strike_B","Strike_B","Strike_B+1","Defend_B+1","Defend_B","Defend_B+1","Zap","Dualcast","Redo","Good Instincts+1","Defragment","Streamline+1","Lockon","Genetic Algorithm","Machine Learning","Auto Shields","Electrodynamics","Static Discharge","Dramatic Entrance","Cold Snap","Loop","Lockon","White Noise","Aggregate","Tempest+1","Echo Form"],"relics":["FrozenCore","NeowsBlessing","War Paint","Shuriken","Symbiotic Virus","Matryoshka","Boot","Prayer Wheel","Gremlin Horn","Omamori","MawBank"],"potions_floor_usage":[8,14,16,25,25,28],"damage_taken":[{"damage":0,"enemies":"2 Louse","floor":1,"turns":1},{"damage":0,"enemies":"Cultist","floor":4,"turns":1},{"damage":0,"enemies":"3 Sentries","floor":6,"turns":1},{"damage":40,"enemies":"Lagavulin","floor":8,"turns":4},{"damage":12,"enemies":"Jaw Worm","floor":12,"turns":2},{"damage":0,"enemies":"3 Louse","floor":14,"turns":2},{"damage":15,"enemies":"The Guardian","floor":16,"turns":10},{"damage":12,"enemies":"3 Byrds","floor":18,"turns":4},{"damage":38,"enemies":"Book of Stabbing","floor":23,"turns":5},{"damage":12,"enemies":"Chosen","floor":24,"turns":4},{"damage":1,"enemies":"Snecko","floor":25,"turns":4},{"damage":22,"enemies":"Gremlin Leader","floor":28,"turns":6},{"damage":26,"enemies":"Slavers","floor":30,"turns":2}],"seed_played":"-5258730488915409843","potions_obtained":[{"floor":4,"key":"AttackPotion"},{"floor":12,"key":"Fire Potion"},{"floor":14,"key":"SteroidPotion"},{"floor":23,"key":"Swift Potion"},{"floor":24,"key":"SteroidPotion"},{"floor":25,"key":"Ancient Potion"}],"is_trial":false,"path_per_floor":["M","$","?","M","$","E","?","E","T","?","R","M","R","M","R","B",null,"M","?","?","?","$","E","M","M","T","R","E","R","E"],"character_chosen":"DEFECT","items_purchased":["Good Instincts","Streamline","Boot","Dramatic Entrance","Cold Snap"],"campfire_rested":4,"item_purchase_floors":[2,5,22,22,22],"current_hp_per_floor":[75,75,75,75,75,75,60,20,20,20,42,30,52,52,52,37,66,54,54,54,54,54,16,4,3,3,25,3,25,0],"gold":141,"neow_bonus":"THREE_ENEMY_KILL","is_prod":false,"is_daily":false,"chose_seed":false,"campfire_upgraded":1,"win_rate":0,"timestamp":1561502201,"path_taken":["M","$","?","M","?","E","?","E","T","?","R","M","R","M","R","BOSS","M","?","?","?","$","E","M","?","T","R","E","R","E"],"build_version":"2019-06-24","purchased_purges":0,"victory":false,"max_hp_per_floor":[75,75,75,75,75,75,75,75,75,75,75,75,75,75,75,75,75,75,75,75,75,75,75,75,75,75,75,75,75,75],"card_choices":[{"not_picked":["Coolheaded","Compile Driver"],"picked":"Redo","floor":1},{"not_picked":["Coolheaded","Streamline"],"picked":"Defragment","floor":4},{"not_picked":["Ball Lightning","Gash"],"picked":"Lockon","floor":6},{"not_picked":["Redo","Steam"],"picked":"Genetic Algorithm","floor":8},{"not_picked":["Fusion","Redo"],"picked":"Machine Learning","floor":12},{"not_picked":["Rebound","Force Field"],"picked":"Auto Shields","floor":14},{"not_picked":["Creative AI","Meteor Strike"],"picked":"Electrodynamics","floor":16},{"not_picked":["Hologram","Compile Driver"],"picked":"Static Discharge","floor":18},{"not_picked":["Redo","Streamline"],"picked":"Loop","floor":23},{"not_picked":["Leap","Compile Driver"],"picked":"Lockon","floor":24},{"not_picked":["Redo","Go for the Eyes"],"picked":"White Noise","floor":24},{"not_picked":["Sweeping Beam","Leap"],"picked":"Aggregate","floor":25},{"not_picked":["Doom and Gloom","Darkness"],"picked":"Tempest+1","floor":25},{"not_picked":["Beam Cell","Rainbow"],"picked":"Echo Form","floor":28}],"player_experience":1134310,"relics_obtained":[{"floor":6,"key":"War Paint"},{"floor":8,"key":"Shuriken"},{"floor":9,"key":"Symbiotic Virus"},{"floor":23,"key":"Prayer Wheel"},{"floor":26,"key":"Gremlin Horn"},{"floor":26,"key":"Omamori"},{"floor":28,"key":"MawBank"}],"event_choices":[{"cards_removed":["Strike_B"],"damage_healed":0,"gold_gain":0,"player_choice":"Purged","damage_taken":0,"max_hp_gain":0,"max_hp_loss":0,"event_name":"Purifier","floor":3,"gold_loss":0},{"damage_healed":0,"gold_gain":0,"player_choice":"Entered Light","damage_taken":15,"max_hp_gain":0,"max_hp_loss":0,"event_name":"Shining Light","floor":7,"gold_loss":0,"cards_upgraded":["Strike_B","Defend_B"]},{"damage_healed":0,"gold_gain":0,"player_choice":"Left Gold","damage_taken":0,"max_hp_gain":0,"max_hp_loss":0,"event_name":"World of Goop","floor":10,"gold_loss":34},{"damage_healed":0,"gold_gain":0,"player_choice":"Opened","damage_taken":0,"relics_obtained":["Matryoshka"],"max_hp_gain":0,"max_hp_loss":0,"event_name":"The Mausoleum","floor":19,"gold_loss":0},{"cards_removed":["Defend_B"],"damage_healed":0,"gold_gain":0,"player_choice":"Gave Gold","damage_taken":0,"max_hp_gain":0,"max_hp_loss":0,"event_name":"Beggar","floor":20,"gold_loss":75},{"damage_healed":0,"gold_gain":250,"player_choice":"Bet on Owner","damage_taken":0,"max_hp_gain":0,"max_hp_loss":0,"event_name":"The Joust","floor":21,"gold_loss":50}],"is_beta":true,"boss_relics":[{"not_picked":["Lizard Tail","Pandora\u0027s Box"],"picked":"FrozenCore"}],"items_purged_floors":[],"is_endless":false,"potions_floor_spawned":[4,12,14,23,24,25],"killed_by":"Slavers","ascension_level":5}