{"path_per_floor":["M","?","M","M","M","E","T","M","T","M","M","?","E","M","R","B",null,"M","$","M","?","?","R","M","M","T","E","M","R","M","?","R"],"character_chosen":"THE_SILENT","items_purchased":["Bottled Lightning","Night Terror","Panacea"],"gold_per_floor":[114,114,129,144,159,189,239,254,304,319,334,348,378,393,393,493,493,508,22,37,37,37,37,52,67,92,122,137,137,152,152,152,152],"floor_reached":33,"campfire_rested":1,"playtime":2598,"current_hp_per_floor":[70,70,70,70,70,70,70,70,70,70,70,67,63,63,63,70,70,58,58,54,70,70,70,58,46,46,11,1,65,65,65,65,0],"items_purged":[],"gold":152,"score":433,"play_id":"8646267e-3e28-4cba-a88c-3eca7e3f0c3d","local_time":"20180422110335","daily_mods":["Insanity","Binary","Night Terrors"],"is_prod":false,"is_daily":true,"chose_seed":false,"is_ascension_mode":false,"campfire_upgraded":3,"timestamp":1524409415,"path_taken":["M","?","M","M","M","E","?","?","T","M","M","?","E","M","R","BOSS","M","$","?","?","?","R","M","M","T","E","?","R","M","?","R","BOSS"],"build_version":"2018-04-19","seed_source_timestamp":0,"purchased_purges":0,"victory":false,"master_deck":["Flechettes","Tactician","Caltrops","Calculated Gamble","Envenom+1","Venomology+1","Underhanded Strike","Prepared","Blade Dance","Unload","After Image","Skewer","Slice","Expertise","Catalyst","Prepared","Tools of the Trade","Wraith Form v2","Caltrops","Flechettes","Leg Sweep","Backstab+1","Defend_G","Predator","Reflex","Dodge and Roll","Slice","Riddle With Holes","Backstab+1","Calculated Gamble","Unload","Riddle With Holes","Terror","Deflect","Riddle With Holes","Escape Plan","Corpse Explosion","Poisoned Stab","Expertise","Dagger Throw","Backflip","Dash","Grand Finale","Deadly Poison","Adrenaline","Heel Hook","Choke","Deadly Poison","Backstab","Outmaneuver","Deadly Poison","Heel Hook+1","Tools of the Trade","Reflex+1","Blade Dance+1","Backstab+1","Reflex","Night Terror","Panacea","Prepared+1","Malaise+1","Backstab+1","Writhe"],"max_hp_per_floor":[70,70,70,70,70,70,70,70,70,70,70,70,70,70,70,70,70,70,70,70,70,70,70,70,70,70,70,70,65,65,65,65,65],"relics":["Ring of the Snake","Blood Vial","Ancient Tea Set","Vajra","Odd Mushroom","Molten Egg 2","Astrolabe","Bottled Lightning","Oddly Smooth Stone","Snake Skull","Singing Bowl"],"card_choices":[{"not_picked":["Cloak And Dagger"],"picked":"Deadly Poison","floor":1},{"not_picked":["Phantasmal Killer"],"picked":"Backstab","floor":8},{"not_picked":["Bane"],"picked":"Outmaneuver","floor":10},{"not_picked":["Dagger Throw"],"picked":"Deadly Poison","floor":11},{"not_picked":["Eviscerate"],"picked":"Heel Hook","floor":13},{"not_picked":["Tactician"],"picked":"Tools of the Trade","floor":16},{"not_picked":["Sucker Punch"],"picked":"Reflex","floor":18},{"not_picked":["PiercingWail"],"picked":"Prepared","floor":25},{"not_picked":["PiercingWail"],"picked":"Malaise","floor":27},{"not_picked":["Quick Slash"],"picked":"Backstab","floor":30}],"player_experience":696224,"potions_floor_usage":[3,6,8,10,12,13,16,20,20,25,25,27,27,28,33,33],"damage_taken":[{"damage":0,"enemies":"Jaw Worm","floor":1,"turns":2},{"damage":0,"enemies":"Cultist","floor":3,"turns":2},{"damage":0,"enemies":"Small Slimes","floor":4,"turns":1},{"damage":0,"enemies":"Blue Slaver","floor":5,"turns":1},{"damage":0,"enemies":"Lagavulin","floor":6,"turns":4},{"damage":0,"enemies":"Exordium Wildlife","floor":8,"turns":2},{"damage":0,"enemies":"3 Louse","floor":10,"turns":2},{"damage":0,"enemies":"Large Slime","floor":11,"turns":4},{"damage":3,"enemies":"The Mushroom Lair","floor":12,"turns":3},{"damage":6,"enemies":"3 Sentries","floor":13,"turns":3},{"damage":2,"enemies":"Exordium Thugs","floor":14,"turns":2},{"damage":0,"enemies":"Slime Boss","floor":16,"turns":6},{"damage":12,"enemies":"Shell Parasite","floor":18,"turns":2},{"damage":6,"enemies":"Chosen","floor":20,"turns":3},{"damage":12,"enemies":"Centurion and Healer","floor":24,"turns":3},{"damage":23,"enemies":"Slaver and Parasite","floor":25,"turns":4},{"damage":37,"enemies":"Slavers","floor":27,"turns":5},{"damage":12,"enemies":"Cultist and Chosen","floor":28,"turns":5},{"damage":0,"enemies":"Snecko","floor":30,"turns":2},{"damage":71,"enemies":"Automaton","floor":33,"turns":6}],"event_choices":[{"event_name":"Living Wall","player_choice":"Grow","floor":2,"damage_taken":0},{"event_name":"Mushrooms","player_choice":"Fought Mushrooms","floor":12,"damage_taken":0},{"event_name":"The Library","player_choice":"Heal","floor":21,"damage_taken":0},{"event_name":"Beggar","player_choice":"Ignored","floor":22,"damage_taken":0},{"event_name":"The Mausoleum","player_choice":"Yes","floor":31,"damage_taken":0}],"boss_relics":[{"not_picked":["Runic Dome","Velvet Choker"],"picked":"Astrolabe"}],"potions_floor_spawned":[1,4,5,8,14,16,18],"seed_played":"2287316117940418271","killed_by":"Automaton","ascension_level":0,"is_trial":false}