{"gold_per_floor":[359,359,434,449,462,494,494,494,494,504,8,8,27,42,42,138,138,149,149,149,149,161,161,161,194,194,194],"floor_reached":27,"playtime":2795,"items_purged":[],"score":211,"play_id":"a1e011de-3958-459b-9719-597abffdfb44","local_time":"20190705014805","is_ascension_mode":false,"campfire_choices":[{"data":"Chill","floor":8,"key":"SMITH"},{"floor":12,"key":"REST"},{"data":"Hologram","floor":15,"key":"SMITH"},{"data":"Zap","floor":23,"key":"SMITH"}],"neow_cost":"CURSE","seed_source_timestamp":744677783735502,"circlet_count":0,"master_deck":["Strike_B","Strike_B","Strike_B","Strike_B","Defend_B","Defend_B","Defend_B","Defend_B","Zap+1","Dualcast","Doubt","Go for the Eyes","Coolheaded","Coolheaded","Go for the Eyes","Chill+1","Multi-Cast","Conserve Battery","Go for the Eyes","Hologram+1","Biased Cognition","Fusion+1","Writhe","Compile Driver","Leap+1"],"relics":["FrozenCore","Bag of Marbles","Dodecahedron","Boot","Regal Pillow","Toy Ornithopter","Kunai","Pantograph","Red Mask","Du-Vu Doll"],"potions_floor_usage":[16,16,25],"damage_taken":[{"damage":3,"enemies":"Jaw Worm","floor":1,"turns":3},{"damage":0,"enemies":"Cultist","floor":4,"turns":5},{"damage":1,"enemies":"2 Louse","floor":5,"turns":3},{"damage":18,"enemies":"Lagavulin","floor":6,"turns":9},{"damage":10,"enemies":"Blue Slaver","floor":10,"turns":4},{"damage":1,"enemies":"Large Slime","floor":13,"turns":9},{"damage":0,"enemies":"Exordium Thugs","floor":14,"turns":5},{"damage":64,"enemies":"Hexaghost","floor":16,"turns":21},{"damage":10,"enemies":"Chosen","floor":18,"turns":11},{"damage":8,"enemies":"Spheric Guardian","floor":22,"turns":7},{"damage":34,"enemies":"Masked Bandits","floor":25,"turns":6},{"damage":28,"enemies":"Centurion and Healer","floor":27,"turns":12}],"seed_played":"6679852150498087877","potions_obtained":[{"floor":5,"key":"SkillPotion"},{"floor":14,"key":"SkillPotion"},{"floor":16,"key":"Explosive Potion"}],"is_trial":false,"path_per_floor":["M","?","?","M","M","E","?","R","T","M","$","R","M","M","R","B",null,"M","?","?","$","M","R","T","?","T","M"],"character_chosen":"DEFECT","items_purchased":["Boot","Regal Pillow","Toy Ornithopter"],"campfire_rested":1,"item_purchase_floors":[11,11,11],"current_hp_per_floor":[72,72,61,61,60,42,42,42,42,32,32,69,68,68,68,14,75,65,65,65,65,57,57,57,28,28,0],"gold":194,"neow_bonus":"TWO_FIFTY_GOLD","is_prod":false,"is_daily":false,"chose_seed":false,"campfire_upgraded":3,"win_rate":0.0,"timestamp":1562305685,"path_taken":["M","?","?","M","M","E","?","R","T","M","$","R","M","?","R","BOSS","M","?","?","?","M","R","?","?","T","M"],"build_version":"2019-07-01","purchased_purges":0,"victory":false,"max_hp_per_floor":[75,75,75,75,75,75,75,75,75,75,75,75,75,75,75,75,75,75,75,75,75,75,75,75,75,75,75],"card_choices":[{"not_picked":["Turbo","Stack"],"picked":"Go for the Eyes","floor":1},{"not_picked":["Ball Lightning","Steam"],"picked":"Coolheaded","floor":4},{"not_picked":["Rip and Tear","Reinforced Body"],"picked":"Coolheaded","floor":5},{"not_picked":["Turbo","Reprogram"],"picked":"Go for the Eyes","floor":6},{"not_picked":["Barrage","Doom and Gloom"],"picked":"Conserve Battery","floor":10},{"not_picked":["Streamline","Leap"],"picked":"Go for the Eyes","floor":13},{"not_picked":["Rebound","Machine Learning"],"picked":"Hologram","floor":14},{"not_picked":["Creative AI","Buffer"],"picked":"Biased Cognition","floor":16},{"not_picked":["Sweeping Beam","Steam"],"picked":"Fusion+1","floor":18},{"not_picked":["Coolheaded","Rebound"],"picked":"Compile Driver","floor":22},{"not_picked":["Redo+1","Fusion"],"picked":"Leap+1","floor":25}],"player_experience":44815,"relics_obtained":[{"floor":6,"key":"Bag of Marbles"},{"floor":9,"key":"Dodecahedron"},{"floor":24,"key":"Pantograph"},{"floor":25,"key":"Red Mask"},{"floor":26,"key":"Du-Vu Doll"}],"event_choices":[{"damage_healed":0,"gold_gain":0,"player_choice":"Leave","damage_taken":0,"max_hp_gain":0,"max_hp_loss":0,"event_name":"The Cleric","floor":2,"gold_loss":0},{"damage_healed":0,"gold_gain":75,"player_choice":"Gather Gold","damage_taken":11,"max_hp_gain":0,"max_hp_loss":0,"event_name":"World of Goop","floor":3,"gold_loss":0},{"damage_healed":0,"gold_gain":0,"player_choice":"2 cards matched","damage_taken":0,"max_hp_gain":0,"max_hp_loss":0,"event_name":"Match and Keep!","floor":7,"gold_loss":0,"cards_obtained":["Chill","Multi-Cast"]},{"damage_healed":0,"gold_gain":0,"player_choice":"Ignored","damage_taken":0,"max_hp_gain":0,"max_hp_loss":0,"event_name":"Ghosts","floor":19,"gold_loss":0},{"damage_healed":0,"gold_gain":0,"player_choice":"Opened","damage_taken":0,"relics_obtained":["Kunai"],"max_hp_gain":0,"max_hp_loss":0,"event_name":"The Mausoleum","floor":20,"gold_loss":0,"cards_obtained":["Writhe"]},{"damage_healed":0,"gold_gain":0,"player_choice":"Fought Bandits","damage_taken":0,"max_hp_gain":0,"max_hp_loss":0,"event_name":"Masked Bandits","floor":25,"gold_loss":0}],"is_beta":false,"boss_relics":[{"not_picked":["Lizard Tail","Ectoplasm"],"picked":"FrozenCore"}],"items_purged_floors":[],"is_endless":false,"potions_floor_spawned":[5,14,16],"killed_by":"Centurion and Healer","ascension_level":0}