{"gold_per_floor":[114,114,127,8,183,183,183,217,217,227,227,238,265,279,279,375,375,394,404,414,8,20,20],"floor_reached":23,"playtime":735,"items_purged":[],"score":274,"play_id":"a28101f9-3748-4a0d-926c-af5b43b4be2a","local_time":"20190521033621","is_ascension_mode":true,"campfire_choices":[{"data":"Defragment","floor":6,"key":"SMITH"},{"floor":15,"key":"REST"}],"neow_cost":"NONE","seed_source_timestamp":335501249235200,"circlet_count":0,"master_deck":["Strike_B","Strike_B","Strike_B","Defend_B","Defend_B","Defend_B","Defend_B","Zap","Dualcast","Self Repair","Gash","Defragment+1","Rebound","Doubt","White Noise","Sunder","Fission","Darkness","White Noise","Glacier","Rainbow","Doom and Gloom","Streamline+1","Heatsinks+1","Bandage Up","BootSequence+1"],"relics":["Cracked Core","NeowsBlessing","Letter Opener","Lantern","Pantograph","Vajra","Eternal Feather","Torii"],"potions_floor_usage":[10,13,13,19,20,23],"damage_taken":[{"damage":0,"enemies":"Jaw Worm","floor":1,"turns":1},{"damage":0,"enemies":"Small Slimes","floor":3,"turns":1},{"damage":0,"enemies":"3 Sentries","floor":8,"turns":1},{"damage":0,"enemies":"2 Louse","floor":10,"turns":2},{"damage":11,"enemies":"Looter","floor":12,"turns":2},{"damage":27,"enemies":"Lagavulin","floor":13,"turns":4},{"damage":0,"enemies":"Gremlin Gang","floor":14,"turns":4},{"damage":57,"enemies":"The Guardian","floor":16,"turns":9},{"damage":33,"enemies":"2 Thieves","floor":18,"turns":3},{"damage":11,"enemies":"Spheric Guardian","floor":19,"turns":4},{"damage":43,"enemies":"Cultist and Chosen","floor":20,"turns":6},{"damage":24,"enemies":"Snake Plant","floor":22,"turns":3},{"damage":11,"enemies":"Centurion and Healer","floor":23,"turns":3}],"seed_played":"2046493418729066079","potions_obtained":[{"floor":1,"key":"Energy Potion"},{"floor":3,"key":"Ancient Potion"},{"floor":12,"key":"GamblersBrew"},{"floor":18,"key":"PowerPotion"},{"floor":19,"key":"Regen Potion"},{"floor":22,"key":"Block Potion"}],"is_trial":false,"path_per_floor":["M","?","M","$","?","R","?","E","T","M","?","M","E","M","R","B",null,"M","M","M","$","M","M"],"character_chosen":"DEFECT","items_purchased":["Defragment","Rebound","Torii","Bandage Up"],"campfire_rested":1,"item_purchase_floors":[4,4,21,21],"current_hp_per_floor":[75,75,75,75,75,75,68,68,68,75,75,64,44,51,73,25,75,49,45,24,24,4,0],"gold":20,"neow_bonus":"THREE_ENEMY_KILL","is_prod":false,"is_daily":false,"chose_seed":false,"campfire_upgraded":1,"win_rate":0,"timestamp":1558424181,"path_taken":["M","?","M","$","?","R","?","E","T","M","?","M","E","M","R","BOSS","M","?","?","$","M","M"],"build_version":"2019-05-07","purchased_purges":0,"victory":false,"max_hp_per_floor":[75,75,75,75,75,75,75,75,75,75,75,75,75,75,75,75,75,75,75,75,75,75,75],"card_choices":[{"not_picked":["Go for the Eyes","Leap"],"picked":"Self Repair","floor":1},{"not_picked":["Beam Cell","Redo"],"picked":"Gash","floor":3},{"not_picked":["Storm","Doom and Gloom"],"picked":"White Noise","floor":8},{"not_picked":["Streamline","Reprogram"],"picked":"Sunder","floor":10},{"not_picked":["Static Discharge","Hologram"],"picked":"Darkness","floor":12},{"not_picked":["Barrage","Defragment"],"picked":"White Noise","floor":13},{"not_picked":["Heatsinks","Fusion"],"picked":"Glacier","floor":14},{"not_picked":["Creative AI","Core Surge"],"picked":"Rainbow","floor":16},{"not_picked":["Skim","Leap+1"],"picked":"Doom and Gloom","floor":18},{"not_picked":["Coolheaded","Go for the Eyes"],"picked":"Streamline+1","floor":19},{"not_picked":["Ball Lightning","FTL"],"picked":"Heatsinks+1","floor":20},{"not_picked":["Go for the Eyes","Stack"],"picked":"BootSequence+1","floor":22}],"player_experience":898281,"relics_obtained":[{"floor":8,"key":"Lantern"},{"floor":9,"key":"Pantograph"},{"floor":13,"key":"Vajra"}],"event_choices":[{"damage_healed":0,"gold_gain":0,"player_choice":"Box","damage_taken":0,"relics_obtained":["Letter Opener"],"max_hp_gain":0,"max_hp_loss":0,"event_name":"Big Fish","floor":2,"gold_loss":0,"cards_obtained":["Regret"]},{"damage_healed":0,"gold_gain":175,"player_choice":"AGREE","damage_taken":0,"max_hp_gain":0,"max_hp_loss":0,"event_name":"Liars Game","floor":5,"gold_loss":0,"cards_obtained":["Doubt"]},{"cards_removed":["Regret"],"damage_healed":0,"gold_gain":0,"player_choice":"Card Removal","damage_taken":7,"max_hp_gain":0,"max_hp_loss":0,"event_name":"Golden Wing","floor":7,"gold_loss":0},{"damage_healed":0,"gold_gain":0,"cards_transformed":["Strike_B"],"player_choice":"Transformed","damage_taken":0,"max_hp_gain":0,"max_hp_loss":0,"event_name":"Transmorgrifier","floor":11,"gold_loss":0,"cards_obtained":["Fission"]}],"is_beta":true,"boss_relics":[{"not_picked":["Sozu","Calling Bell"],"picked":"Eternal Feather"}],"items_purged_floors":[],"is_endless":false,"potions_floor_spawned":[1,3,12,18,19,22],"killed_by":"Centurion and Healer","ascension_level":4}