{"path_per_floor":["M","?","M","$","M","R","M","M","T","R","M","M","?","M","R","B",null,"M","$","?","?","?","R","?","M","T","R","$","$","E","M","R","B",null,"M","?","?","$","?","E","R","?","T","R","?","M"],"character_chosen":"DEFECT","items_purchased":["Coolheaded","Madness","Capacitor","Orichalcum","Capacitor"],"gold_per_floor":[109,284,298,43,54,54,74,89,112,112,131,144,144,163,163,262,262,280,25,25,25,25,25,25,42,42,42,18,18,52,68,68,166,166,177,0,0,0,0,30,30,30,30,30,30,46,46],"floor_reached":47,"campfire_rested":1,"playtime":2295,"current_hp_per_floor":[75,75,75,75,75,75,67,49,49,71,67,56,75,75,75,6,75,64,64,64,64,64,64,64,75,75,75,75,75,30,62,62,75,96,90,90,90,90,80,79,79,79,79,79,67,42,0],"items_purged":["Doubt","Strike_B"],"gold":46,"score":611,"play_id":"beb50ccf-6843-4ac8-8a1b-ce5f50867857","local_time":"20180430061833","is_prod":false,"is_daily":false,"chose_seed":false,"is_ascension_mode":false,"campfire_upgraded":7,"timestamp":1525083513,"path_taken":["M","?","?","$","M","R","M","?","T","R","M","M","?","M","R","BOSS","M","$","?","?","?","R","?","M","T","R","?","$","E","M","R","BOSS","M","?","?","$","?","E","R","?","T","R","?","M","M"],"build_version":"2018-04-27v3","seed_source_timestamp":1252466883716994,"purchased_purges":2,"victory":false,"master_deck":["Strike_B","Strike_B","Strike_B","Defend_B","Defend_B","Defend_B","Defend_B","Zap+1","Dualcast","Coolheaded","Madness+1","Capacitor","Buffer+1","Doom and Gloom","Ball Lightning","Melter","White Noise+1","Machine Learning+1","Go for the Eyes+1","Coolheaded","Decay","White Noise+1","Rainbow+1","Clumsy","Doubt","Pain","Ball Lightning+1","Bandage Up+1","Bandage Up","Bandage Up+1","Injury","Pain","Madness","Madness","Streamline+1"],"max_hp_per_floor":[75,75,75,75,75,75,75,75,75,75,75,75,75,75,75,75,75,75,75,75,75,75,75,75,75,75,75,75,75,75,75,75,75,96,96,96,96,96,96,96,96,96,96,96,96,96,96],"relics":["Cracked Core","NeowsBlessing","Juzu Bracelet","Cursed Key","Orichalcum","Pen Nib","Bird Faced Urn","Bronze Scales","Calling Bell","Strawberry","Molten Egg 2","Mango","Red Mask","Torii","Sundial"],"card_choices":[{"not_picked":["Force Field","Turbo"],"picked":"Darkness","floor":1},{"not_picked":["Ball Lightning","Glacier"],"picked":"Buffer","floor":5},{"not_picked":["Double Energy","Go for the Eyes"],"picked":"Doom and Gloom","floor":7},{"not_picked":["Axe Kick","FTL"],"picked":"Ball Lightning","floor":8},{"not_picked":["Hologram","Beam Cell"],"picked":"Melter","floor":11},{"not_picked":["Streamline","Thunder Strike"],"picked":"White Noise","floor":12},{"not_picked":["Thunder Strike","Meteor Strike"],"picked":"Machine Learning","floor":16},{"not_picked":["FTL","Turbo"],"picked":"Go for the Eyes","floor":18},{"not_picked":["Barrage","Sweeping Beam"],"picked":"Coolheaded","floor":25},{"not_picked":["Hologram","Axe Kick"],"picked":"White Noise","floor":30},{"not_picked":["Redo","Reboot"],"picked":"Rainbow","floor":33},{"not_picked":["Barrage","Conserve Battery"],"picked":"Ball Lightning","floor":35},{"not_picked":["Blind","Apotheosis"],"picked":"Bandage Up","floor":39},{"not_picked":["Dramatic Entrance","Good Instincts"],"picked":"Bandage Up","floor":39},{"not_picked":["Dark Shackles","Magnetism"],"picked":"Bandage Up","floor":39},{"not_picked":["Go for the Eyes","Recycle"],"picked":"Streamline","floor":46}],"player_experience":81556,"potions_floor_usage":[7,11,12,14,25,25,25,33,35,40],"damage_taken":[{"damage":0,"enemies":"2 Louse","floor":1,"turns":1},{"damage":0,"enemies":"Jaw Worm","floor":3,"turns":1},{"damage":0,"enemies":"Cultist","floor":5,"turns":1},{"damage":8,"enemies":"Gremlin Gang","floor":7,"turns":2},{"damage":18,"enemies":"Lots of Slimes","floor":8,"turns":3},{"damage":4,"enemies":"Red Slaver","floor":11,"turns":3},{"damage":11,"enemies":"Gremlin Gang","floor":12,"turns":5},{"damage":0,"enemies":"Lots of Slimes","floor":14,"turns":1},{"damage":69,"enemies":"Hexaghost","floor":16,"turns":13},{"damage":18,"enemies":"Shell Parasite","floor":18,"turns":6},{"damage":0,"enemies":"Chosen","floor":25,"turns":5},{"damage":51,"enemies":"Slavers","floor":30,"turns":8},{"damage":4,"enemies":"Centurion and Healer","floor":31,"turns":8},{"damage":1,"enemies":"Champ","floor":33,"turns":11},{"damage":8,"enemies":"Orb Walker","floor":35,"turns":5},{"damage":17,"enemies":"2 Orb Walkers","floor":40,"turns":4},{"damage":51,"enemies":"3 Darklings","floor":46,"turns":5},{"damage":73,"enemies":"Spire Growth","floor":47,"turns":6}],"event_choices":[{"event_name":"Liars Game","player_choice":"agreed","floor":2,"damage_taken":0},{"event_name":"Bonfire Elementals","player_choice":"UNCOMMON","floor":13,"damage_taken":0},{"event_name":"The Lab","player_choice":"Got Potions","floor":20,"damage_taken":0},{"event_name":"Drug Dealer","player_choice":"Ignored","floor":21,"damage_taken":0},{"event_name":"Upgrade Shrine","player_choice":"Upgraded","floor":22,"damage_taken":0},{"event_name":"The Mausoleum","player_choice":"Yes","floor":24,"damage_taken":0},{"event_name":"Tomb of Lord Red Mask","player_choice":"Paid","floor":36,"damage_taken":0},{"event_name":"SensoryStone","player_choice":"Memory 3","floor":39,"damage_taken":0},{"event_name":"Accursed Blacksmith","player_choice":"Forge","floor":42,"damage_taken":0},{"event_name":"Winding Halls","player_choice":"Embrace Madness","floor":45,"damage_taken":0}],"boss_relics":[{"not_picked":["Tiny House","Velvet Choker"],"picked":"Cursed Key"},{"not_picked":["Orrery","Eternal Feather"],"picked":"Calling Bell"}],"potions_floor_spawned":[1,3,11,12,18,31,33,35],"seed_played":"-7871750851802157404","killed_by":"Spire Growth","ascension_level":0,"is_trial":false}