{"gold_per_floor":[14,27,27,27,37,37,69,80,80,80,106,31,62,73,73,73],"floor_reached":16,"playtime":379,"items_purged":["Strike_R"],"score":240,"play_id":"50a6c994-c567-47f1-8e8e-e0dd3f30d84f","local_time":"20190616190107","is_ascension_mode":true,"campfire_choices":[{"data":"Immolate","floor":6.0,"key":"SMITH"},{"data":"Bash","floor":10,"key":"SMITH"},{"floor":15,"key":"REST"}],"neow_cost":"NO_GOLD","seed_source_timestamp":435766813001368,"circlet_count":0,"master_deck":["AscendersBane","Strike_R","Strike_R","Strike_R","Defend_R","Defend_R","Defend_R","Defend_R","Bash+1","Immolate+1","Cloak And Dagger","Mayhem","Escape Plan+1","Cloak And Dagger+1"],"special_seed":0,"relics":["Burning Blood","PrismaticShard","Gremlin Horn","Blue Candle","Toxic Egg 2","Frozen Egg 2"],"potions_floor_usage":[11,13,16],"damage_taken":[{"damage":14.0,"enemies":"Jaw Worm","floor":1.0,"turns":4.0},{"damage":1.0,"enemies":"Small Slimes","floor":2.0,"turns":4.0},{"damage":1.0,"enemies":"Cultist","floor":5.0,"turns":3.0},{"damage":29.0,"enemies":"Lagavulin","floor":7.0,"turns":6.0},{"damage":5.0,"enemies":"3 Louse","floor":8.0,"turns":2.0},{"damage":24,"enemies":"Gremlin Nob","floor":11,"turns":4},{"damage":16,"enemies":"Lagavulin","floor":13,"turns":6},{"damage":0,"enemies":"2 Fungi Beasts","floor":14,"turns":2},{"damage":61,"enemies":"Slime Boss","floor":16,"turns":8}],"seed_played":"4603259750551626476","potions_obtained":[{"floor":7.0,"key":"GamblersBrew"},{"floor":8.0,"key":"Weak Potion"},{"floor":11,"key":"Poison Potion"},{"floor":14,"key":"FairyPotion"}],"is_trial":false,"path_per_floor":["M","M","?","?","M","R","E","M","T","R","E","$","E","M","R","B"],"character_chosen":"IRONCLAD","items_purchased":[],"campfire_rested":1,"item_purchase_floors":[],"current_hp_per_floor":[60,65,60,60,65,65,42,43,43,43,25,25,15,21,43,0],"gold":73,"neow_bonus":"THREE_RARE_CARDS","is_prod":false,"is_daily":false,"chose_seed":false,"campfire_upgraded":2,"win_rate":0,"timestamp":1560736867,"path_taken":["M","M","?","?","M","R","E","M","T","R","E","?","E","M","R","BOSS"],"build_version":"2019-01-23","purchased_purges":1,"victory":false,"max_hp_per_floor":[75,75,75,75,75,75,75,75,75,75,75,75,75,75,75,75],"card_choices":[{"not_picked":["Dark Embrace","Berserk"],"picked":"Immolate","floor":0.0},{"not_picked":["Streamline","Blade Dance"],"picked":"Cloak And Dagger","floor":1.0},{"not_picked":["True Grit","Compile Driver","Body Slam"],"picked":"SKIP","floor":2.0},{"not_picked":["Caltrops","Headbutt"],"picked":"Mayhem","floor":5.0},{"not_picked":["Sword Boomerang","Headbutt","Rage"],"picked":"SKIP","floor":7.0},{"not_picked":["Deflect","Tactician","Bane"],"picked":"SKIP","floor":8.0},{"not_picked":["Armaments","Wild Strike"],"picked":"Escape Plan","floor":11},{"not_picked":["Chaos+1","Doom and Gloom"],"picked":"Cloak And Dagger+1","floor":13},{"not_picked":["Double Energy+1","Bloodletting+1","Tempest+1"],"picked":"SKIP","floor":14}],"player_experience":799149,"relics_obtained":[{"floor":7.0,"key":"Blue Candle"},{"floor":11,"key":"Toxic Egg 2"},{"floor":13,"key":"Frozen Egg 2"}],"event_choices":[{"damage_healed":0.0,"max_hp_gain":0.0,"max_hp_loss":0.0,"gold_gain":0.0,"event_name":"Scrap Ooze","player_choice":"Success","floor":3.0,"gold_loss":0.0,"damage_taken":5.0,"relics_obtained":["Gremlin Horn"]},{"cards_removed":["Strike_R"],"damage_healed":0.0,"max_hp_gain":0.0,"max_hp_loss":0.0,"gold_gain":0.0,"event_name":"Living Wall","player_choice":"Forget","floor":4.0,"gold_loss":0.0,"damage_taken":0.0}],"is_beta":false,"boss_relics":[],"items_purged_floors":[12],"is_endless":false,"potions_floor_spawned":[7,8,11,14],"killed_by":"Slime Boss","ascension_level":20}