{"gold_per_floor":[113,124,136,136,154,154,188,202,202,202,229,229,256,270,270,346,346,358,358,20,31,31,61,61,61,73,85,147,159,184,231,243,333,345,372,434,462,474,486,498,510,541,553,565,605,534,564,578,578,578],"floor_reached":50,"playtime":2568,"items_purged":["Strike_G"],"score":1187,"play_id":"4d2e6592-7534-427e-b8ad-a9ee7c1ecce5","local_time":"20190119185125","is_ascension_mode":true,"campfire_choices":[{"data":"Dagger Spray","floor":6.0,"key":"SMITH"},{"data":"Cloak And Dagger","floor":10.0,"key":"SMITH"},{"data":"Adrenaline","floor":12.0,"key":"SMITH"},{"data":"Neutralize","floor":15.0,"key":"SMITH"},{"data":"Adrenaline","floor":24.0,"key":"SMITH"},{"data":"Cloak And Dagger","floor":27.0,"key":"SMITH"},{"data":"1","floor":32.0,"key":"LIFT"},{"data":"2","floor":40.0,"key":"LIFT"},{"data":"3","floor":44.0,"key":"LIFT"},{"floor":49,"key":"RECALL"}],"neow_cost":"NONE","seed_source_timestamp":851931633082814,"circlet_count":0,"master_deck":["AscendersBane","Survivor","Neutralize+1","Dagger Spray+1","Cloak And Dagger+1","Poisoned Stab","Leg Sweep","Dash","Adrenaline+1","Die Die Die","Adrenaline+1","Cloak And Dagger+1","Blade Dance+1","Well Laid Plans","Envenom","Burst","Riddle With Holes+1","Distraction","A Thousand Cuts","Unload+1","Choke+1","Wraith Form v2+1","Sucker Punch+1","Malaise"],"special_seed":0,"relics":["Ring of the Snake","Bottled Lightning","Meat on the Bone","Orichalcum","Dead Branch","Black Star","Ninja Scroll","Bronze Scales","Molten Egg 2","MawBank","Mummified Hand","MutagenicStrength","Girya","Singing Bowl","Pandora\u0027s Box","Prayer Wheel","PreservedInsect","Oddly Smooth Stone","Boot","Mercury Hourglass"],"potions_floor_usage":[],"damage_taken":[{"damage":0.0,"enemies":"Jaw Worm","floor":1.0,"turns":5.0},{"damage":0.0,"enemies":"2 Louse","floor":2.0,"turns":2.0},{"damage":0.0,"enemies":"Small Slimes","floor":3.0,"turns":3.0},{"damage":11.0,"enemies":"Exordium Thugs","floor":5.0,"turns":7.0},{"damage":17.0,"enemies":"3 Sentries","floor":7.0,"turns":8.0},{"damage":2.0,"enemies":"Blue Slaver","floor":8.0,"turns":5.0},{"damage":30.0,"enemies":"Gremlin Nob","floor":11.0,"turns":6.0},{"damage":19.0,"enemies":"Lagavulin","floor":13.0,"turns":8.0},{"damage":0.0,"enemies":"3 Louse","floor":14.0,"turns":4.0},{"damage":9.0,"enemies":"The Guardian","floor":16.0,"turns":10.0},{"damage":0.0,"enemies":"2 Thieves","floor":18.0,"turns":3.0},{"damage":14.0,"enemies":"Shell Parasite","floor":21.0,"turns":3.0},{"damage":6.0,"enemies":"Slavers","floor":23.0,"turns":6.0},{"damage":2.0,"enemies":"Snake Plant","floor":30.0,"turns":4.0},{"damage":13.0,"enemies":"Book of Stabbing","floor":31.0,"turns":3.0},{"damage":35.0,"enemies":"Champ","floor":33.0,"turns":24.0},{"damage":0.0,"enemies":"Orb Walker","floor":35.0,"turns":1.0},{"damage":10.0,"enemies":"2 Orb Walkers","floor":36.0,"turns":2.0},{"damage":0.0,"enemies":"3 Shapes","floor":37.0,"turns":4.0},{"damage":12.0,"enemies":"Jaw Worm Horde","floor":42.0,"turns":2.0},{"damage":13,"enemies":"Reptomancer","floor":45,"turns":4},{"damage":7,"enemies":"Nemesis","floor":47,"turns":3},{"damage":7,"enemies":"Transient","floor":48,"turns":6},{"damage":72,"enemies":"Awakened One","floor":50,"turns":11}],"seed_played":"-488849755178265626","potions_obtained":[{"floor":2.0,"key":"Regen Potion"},{"floor":5.0,"key":"Dexterity Potion"},{"floor":8.0,"key":"Regen Potion"},{"floor":13.0,"key":"Fruit Juice"},{"floor":14.0,"key":"GamblersBrew"},{"floor":37.0,"key":"Strength Potion"}],"is_trial":false,"path_per_floor":["M","M","M","?","M","R","E","M","T","R","E","R","E","M","R","B",null,"M","?","$","M","$","E","R","T","T","R","?","?","M","E","R","B",null,"M","?","M","?","$","R","?","M","T","R","E","$","E","M","R","B"],"character_chosen":"THE_SILENT","items_purchased":["Ninja Scroll","GhostInAJar"],"campfire_rested":0,"item_purchase_floors":[20,46],"current_hp_per_floor":[65,65,65,58,47,47,45,43,43,43,40,40,33,50,50,41,68,68,68,68,54,54,48,48,48,48,48,48,48,46,47,47,24,65,67,59,61,61,61,61,61,53,53,53,54,54,49,58,58,0],"gold":578,"neow_bonus":"TEN_PERCENT_HP_BONUS","is_prod":false,"is_daily":false,"chose_seed":false,"campfire_upgraded":6,"win_rate":0,"timestamp":1547949085,"path_taken":["M","M","M","?","M","R","E","M","T","R","E","R","E","M","R","BOSS","M","?","$","M","$","E","R","?","T","R","?","?","M","E","R","BOSS","M","?","M","?","$","R","?","?","T","R","E","$","E","?","R","BOSS"],"build_version":"2019-01-17v2","purchased_purges":1,"victory":false,"max_hp_per_floor":[72,72,72,72,72,72,72,72,72,72,72,72,72,77,77,77,77,77,77,77,77,77,77,77,77,77,77,77,77,77,79,79,79,79,81,83,85,85,85,85,85,89,89,89,91,91,93,97,97,97],"card_choices":[{"not_picked":["Dagger Throw","Bane"],"picked":"Dagger Spray","floor":1.0},{"not_picked":["Deflect","PiercingWail"],"picked":"Cloak And Dagger","floor":2.0},{"not_picked":["Backflip","Outmaneuver","Bane"],"picked":"SKIP","floor":3.0},{"not_picked":["PiercingWail","Caltrops"],"picked":"Poisoned Stab","floor":5.0},{"not_picked":["Acrobatics","Blade Dance"],"picked":"Leg Sweep","floor":7.0},{"not_picked":["PiercingWail","Concentrate"],"picked":"Dash","floor":8.0},{"not_picked":["Deflect","Cloak And Dagger"],"picked":"Adrenaline","floor":11.0},{"not_picked":["Outmaneuver","Dodge and Roll","Deadly Poison"],"picked":"SKIP","floor":13.0},{"not_picked":["Noxious Fumes","Bouncing Flask"],"picked":"Die Die Die","floor":14.0},{"not_picked":["Storm of Steel","Burst"],"picked":"Adrenaline","floor":16.0},{"not_picked":["Flying Knee+1","Setup"],"picked":"Cloak And Dagger","floor":18.0},{"not_picked":["Acrobatics+1","Bouncing Flask"],"picked":"Blade Dance+1","floor":21.0},{"not_picked":["Blade Dance","Eviscerate","Accuracy"],"picked":"SKIP","floor":23.0},{"not_picked":["Blade Dance","Eviscerate","Accuracy"],"picked":"SKIP","floor":23.0},{"not_picked":["Skewer+1","Cloak And Dagger"],"picked":"Well Laid Plans","floor":30.0},{"not_picked":["Blur","Quick Slash+1","Riddle With Holes+1"],"picked":"Singing Bowl","floor":31.0},{"not_picked":["Die Die Die+1","Grand Finale+1"],"picked":"Envenom","floor":33.0},{"not_picked":["Flying Knee+1","Dagger Spray+1","Flechettes+1"],"picked":"Singing Bowl","floor":35.0},{"not_picked":["Dagger Spray+1","Slice+1","Backflip"],"picked":"Singing Bowl","floor":36.0},{"not_picked":["Slice+1","Sucker Punch+1","Prepared"],"picked":"Singing Bowl","floor":37.0},{"not_picked":["Flying Knee+1","Slice+1"],"picked":"Malaise","floor":37.0},{"not_picked":["Dagger Spray+1","Sucker Punch+1","Underhanded Strike+1"],"picked":"Singing Bowl","floor":42.0},{"not_picked":["Setup","Burst","Cloak And Dagger"],"picked":"Singing Bowl","floor":42.0},{"not_picked":["Cloak And Dagger","Outmaneuver+1","Dagger Spray+1"],"picked":"Singing Bowl","floor":45},{"not_picked":["Dagger Spray+1","Quick Slash+1","Blade Dance"],"picked":"Singing Bowl","floor":47},{"not_picked":["Eviscerate+1","Deflect","Glass Knife+1"],"picked":"Singing Bowl","floor":48},{"not_picked":["Slice+1","Finisher+1","Dagger Throw+1"],"picked":"Singing Bowl","floor":48}],"player_experience":698259,"relics_obtained":[{"floor":7.0,"key":"Bottled Lightning"},{"floor":9.0,"key":"Meat on the Bone"},{"floor":11.0,"key":"Orichalcum"},{"floor":13.0,"key":"Dead Branch"},{"floor":23.0,"key":"Bronze Scales"},{"floor":23.0,"key":"Molten Egg 2"},{"floor":25.0,"key":"MawBank"},{"floor":26.0,"key":"Mummified Hand"},{"floor":31.0,"key":"Girya"},{"floor":31.0,"key":"Singing Bowl"},{"floor":36.0,"key":"Prayer Wheel"},{"floor":45,"key":"PreservedInsect"},{"floor":45,"key":"Oddly Smooth Stone"},{"floor":47,"key":"Boot"},{"floor":47,"key":"Mercury Hourglass"}],"event_choices":[{"cards_removed":["Strike_G"],"damage_healed":0.0,"max_hp_gain":0.0,"max_hp_loss":0.0,"gold_gain":0.0,"event_name":"Golden Wing","player_choice":"Card Removal","floor":4.0,"gold_loss":0.0,"damage_taken":7.0},{"damage_healed":0.0,"max_hp_gain":0.0,"max_hp_loss":0.0,"gold_gain":0.0,"event_name":"Vampires","player_choice":"Ignored","floor":19.0,"gold_loss":0.0,"damage_taken":0.0},{"damage_healed":0.0,"max_hp_gain":0.0,"max_hp_loss":0.0,"gold_gain":50.0,"event_name":"Nest","player_choice":"Stole From Cult","floor":28.0,"gold_loss":0.0,"damage_taken":0.0},{"damage_healed":0.0,"max_hp_gain":0.0,"max_hp_loss":0.0,"gold_gain":0.0,"event_name":"Drug Dealer","player_choice":"Inject Mutagens","floor":29.0,"gold_loss":0.0,"damage_taken":0.0,"relics_obtained":["MutagenicStrength"]},{"damage_healed":0.0,"max_hp_gain":0.0,"max_hp_loss":0.0,"gold_gain":0.0,"event_name":"Mysterious Sphere","player_choice":"Fight","floor":36.0,"gold_loss":0.0,"damage_taken":0.0},{"damage_healed":0.0,"max_hp_gain":0.0,"max_hp_loss":0.0,"gold_gain":0.0,"event_name":"Tomb of Lord Red Mask","player_choice":"Ignored","floor":38.0,"gold_loss":0.0,"damage_taken":0.0},{"damage_healed":0.0,"max_hp_gain":0.0,"max_hp_loss":0.0,"gold_gain":0.0,"event_name":"Accursed Blacksmith","player_choice":"Forge","floor":41.0,"gold_loss":0.0,"damage_taken":0.0,"cards_upgraded":["Wraith Form v2"]}],"is_beta":false,"boss_relics":[{"not_picked":["Busted Crown","Lizard Tail"],"picked":"Black Star"},{"not_picked":["White Beast Statue","Empty Cage"],"picked":"Pandora\u0027s Box"}],"items_purged_floors":[20],"is_endless":false,"potions_floor_spawned":[2,5,8,13,14,23,30,37,42,45],"killed_by":"Awakened One","ascension_level":20}