{"path_per_floor":["M","?","M","?","?","R","?","M","T","M","$","R","M","?","R","B",null,"M","?","?","M","?","R","M","R","T","M","M","E"],"character_chosen":"DEFECT","items_purchased":["Bronze Scales"],"gold_per_floor":[119,119,135,135,135,135,135,149,149,169,15,15,31,106,106,201,201,217,167,167,150,150,150,164,164,210,228,247,282,282],"floor_reached":30,"campfire_rested":2,"playtime":1051,"current_hp_per_floor":[65,58,49,54,54,78,78,78,78,76,76,76,71,60,60,55,80,70,70,70,42,42,66,59,59,59,41,30,5,0],"items_purged":[],"gold":282,"score":240,"play_id":"0395d5bc-29dd-45d6-8235-df4310fb5339","local_time":"20180430120210","is_prod":false,"is_daily":false,"chose_seed":false,"is_ascension_mode":false,"campfire_upgraded":3,"timestamp":1525104130,"path_taken":["M","?","?","?","?","R","?","M","T","M","?","R","?","?","R","BOSS","M","?","?","?","?","R","M","R","T","M","?","E","M"],"build_version":"2018-04-27v3","seed_source_timestamp":1274350440700214,"purchased_purges":0,"victory":false,"master_deck":["Strike_B","Strike_B","Strike_B","Defend_B","Defend_B","Defend_B","Zap","Dualcast","Nova","Ball Lightning","Darkness","Sunder","Flux Capacitor+1","Buffer+1","Thunder Strike","Conserve Battery","Writhe","Melter+1","Rainbow+1","Capacitor","Aggregate+1","Beam Cell+1","Capacitor+1"],"max_hp_per_floor":[75,75,75,80,80,80,80,80,80,80,80,80,80,80,80,80,80,80,80,80,80,80,80,80,80,80,80,80,80,80],"relics":["Cracked Core","Letter Opener","Bronze Scales","Nuclear Battery","Dream Catcher","Bag of Marbles","Gremlin Horn"],"card_choices":[{"not_picked":["Seek","Hyperbeam"],"picked":"Nova","floor":0},{"not_picked":["Turbo","Cold Snap"],"picked":"Ball Lightning","floor":1},{"not_picked":["Blizzard","Streamline"],"picked":"Darkness","floor":3},{"not_picked":["Axe Kick","Stack"],"picked":"Sunder","floor":8},{"not_picked":["Cold Snap","Reinforced Body"],"picked":"Flux Capacitor","floor":10},{"not_picked":["Go for the Eyes","Hello World"],"picked":"Buffer","floor":13},{"not_picked":["Meteor Strike","Seek"],"picked":"Thunder Strike","floor":16},{"not_picked":["Skim","Sweeping Beam"],"picked":"Conserve Battery","floor":18},{"not_picked":["Rebound","Chill"],"picked":"Melter","floor":21},{"not_picked":["Heatsinks","Capacitor"],"picked":"Rainbow","floor":23},{"not_picked":["Sweeping Beam","Skim"],"picked":"Capacitor","floor":24},{"not_picked":["Hologram","Go for the Eyes"],"picked":"Aggregate","floor":27},{"not_picked":["Impulse","Cold Snap"],"picked":"Beam Cell","floor":28},{"not_picked":["Sweeping Beam","Skim"],"picked":"Capacitor","floor":29}],"player_experience":87221,"potions_floor_usage":[10,16,16,16,18,24,28,29],"damage_taken":[{"damage":10,"enemies":"Jaw Worm","floor":1,"turns":5},{"damage":9,"enemies":"2 Louse","floor":3,"turns":2},{"damage":0,"enemies":"Cultist","floor":8,"turns":3},{"damage":2,"enemies":"Blue Slaver","floor":10,"turns":4},{"damage":5,"enemies":"Looter","floor":13,"turns":3},{"damage":5,"enemies":"Slime Boss","floor":16,"turns":12},{"damage":10,"enemies":"Spheric Guardian","floor":18,"turns":4},{"damage":28,"enemies":"2 Thieves","floor":21,"turns":4},{"damage":7,"enemies":"Snake Plant","floor":24,"turns":4},{"damage":18,"enemies":"Centurion and Healer","floor":27,"turns":8},{"damage":11,"enemies":"Snecko","floor":28,"turns":3},{"damage":25,"enemies":"Book of Stabbing","floor":29,"turns":4},{"damage":10,"enemies":"Sentry and Sphere","floor":30,"turns":3}],"event_choices":[{"event_name":"Golden Wing","player_choice":"Card Removal","floor":2,"damage_taken":0},{"event_name":"Big Fish","player_choice":"Donut","floor":4,"damage_taken":0},{"event_name":"The Lab","player_choice":"Got Potions","floor":5,"damage_taken":0},{"event_name":"Fountain of Cleansing","player_choice":"Removed Curse","floor":7,"damage_taken":0},{"event_name":"World of Goop","player_choice":"Gather Gold","floor":14,"damage_taken":0},{"event_name":"The Joust","player_choice":"Bet on Murderer","floor":19,"damage_taken":0},{"event_name":"The Mausoleum","player_choice":"Yes","floor":20,"damage_taken":0},{"event_name":"Back to Basics","player_choice":"Elegance","floor":22,"damage_taken":0}],"boss_relics":[{"not_picked":["Lizard Tail","Calling Bell"],"picked":"Nuclear Battery"}],"potions_floor_spawned":[3,13,16,21,27,28],"seed_played":"7709344880667159903","killed_by":"Sentry and Sphere","ascension_level":0,"is_trial":false}