{"gold_per_floor":[115,290,290,308,320,346,363,333,403,403,419,419,66,99,111,123],"floor_reached":16,"playtime":1803,"items_purged":["Doubt"],"score":116,"play_id":"32d6da92-4925-4317-9ba4-d6bcc3d38b03","local_time":"20190617194201","is_ascension_mode":true,"campfire_choices":[{"data":"Acrobatics","floor":10,"key":"SMITH"},{"floor":12,"key":"REST"},{"data":"Venomology","floor":15,"key":"SMITH"}],"neow_cost":"NONE","seed_source_timestamp":78461466351583,"circlet_count":0,"master_deck":["Defend_G","Defend_G","Defend_G","Defend_G","Defend_G","Strike_G","Strike_G","Strike_G","Strike_G","Strike_G","Survivor","Neutralize","Reflex+1","Escape Plan","Endless Agony","Acrobatics+1","Eviscerate","Dodge and Roll","Venomology+1","Distraction","Dash"],"relics":["WristBlade","FossilizedHelix","Question Card","Letter Opener","MawBank"],"potions_floor_usage":[14,14,16,16],"damage_taken":[{"damage":0,"enemies":"2 Louse","floor":1,"turns":3},{"damage":4,"enemies":"Cultist","floor":4,"turns":6},{"damage":2,"enemies":"Small Slimes","floor":5,"turns":4},{"damage":41,"enemies":"Gremlin Nob","floor":6,"turns":6},{"damage":5,"enemies":"Exordium Thugs","floor":7,"turns":8},{"damage":0,"enemies":"Looter","floor":8,"turns":4},{"damage":0,"enemies":"Red Slaver","floor":11,"turns":4},{"damage":12,"enemies":"3 Sentries","floor":14,"turns":7},{"damage":30,"enemies":"Hexaghost","floor":16,"turns":12}],"seed_played":"8059803038290644422","potions_obtained":[{"floor":4,"key":"Strength Potion"},{"floor":5,"key":"GhostInAJar"},{"floor":11,"key":"PowerPotion"}],"is_trial":false,"path_per_floor":["M","?","?","M","M","E","M","M","T","R","M","R","$","E","R","B"],"character_chosen":"THE_SILENT","items_purchased":["Letter Opener","Distraction"],"campfire_rested":1,"item_purchase_floors":[13,13],"current_hp_per_floor":[70,70,70,66,64,23,18,18,18,18,18,39,39,27,27,0],"gold":123,"neow_bonus":"BOSS_RELIC","is_prod":false,"is_daily":false,"chose_seed":false,"campfire_upgraded":2,"win_rate":0,"timestamp":1560814921,"path_taken":["M","?","?","?","?","E","M","M","T","R","M","R","$","E","R","BOSS"],"build_version":"2019-01-23","purchased_purges":1,"victory":false,"max_hp_per_floor":[70,70,70,70,70,70,70,70,70,70,70,70,70,70,70,70],"card_choices":[{"not_picked":["Underhanded Strike","Slice"],"picked":"Reflex","floor":1},{"not_picked":["Sucker Punch","Bane"],"picked":"Escape Plan","floor":4},{"not_picked":["Catalyst","Tactician"],"picked":"Endless Agony","floor":5},{"not_picked":["Prepared","Deflect"],"picked":"Acrobatics","floor":6},{"not_picked":["Prepared","Flying Knee"],"picked":"Eviscerate","floor":7},{"not_picked":["Poisoned Stab","Bane"],"picked":"Dodge and Roll","floor":8},{"not_picked":["Flechettes","Quick Slash","Blur"],"picked":"Venomology","floor":11},{"not_picked":["Flying Knee","Slice","Riddle With Holes"],"picked":"Dash","floor":14}],"player_experience":55679,"relics_obtained":[{"floor":6,"key":"FossilizedHelix"},{"floor":9,"key":"Question Card"},{"floor":14,"key":"MawBank"}],"event_choices":[{"damage_healed":0,"gold_gain":175,"player_choice":"AGREE","damage_taken":0,"max_hp_gain":0,"max_hp_loss":0,"event_name":"Liars Game","floor":2,"gold_loss":0,"cards_obtained":["Doubt"]},{"damage_healed":0,"gold_gain":0,"player_choice":"Forge","damage_taken":0,"max_hp_gain":0,"max_hp_loss":0,"event_name":"Accursed Blacksmith","floor":3,"gold_loss":0,"cards_upgraded":["Reflex"]}],"is_beta":false,"boss_relics":[],"items_purged_floors":[13],"is_endless":false,"potions_floor_spawned":[4,5,11],"killed_by":"Hexaghost","ascension_level":1}