{"gold_per_floor":[114,133,150,170,184,184,209,209,209,241,108,121,141,158,158,231,231,242,542,556,566,566],"floor_reached":22,"playtime":787,"items_purged":["Strike_B"],"score":404,"play_id":"1729692a-f443-472b-9f4f-79144c92e87e","local_time":"20190525230448","is_ascension_mode":true,"campfire_choices":[{"data":"Multi-Cast","floor":6.0,"key":"SMITH"},{"data":"Defragment","floor":8.0,"key":"SMITH"},{"floor":15.0,"key":"REST"}],"neow_cost":"NONE","seed_source_timestamp":936312520958273,"circlet_count":0,"master_deck":["AscendersBane","Strike_B","Strike_B","Defend_B","Defend_B+1","Defend_B+1","Defend_B","Zap","Dualcast","FTL","Sweeping Beam","Coolheaded","Multi-Cast+1","Doom and Gloom","Chill","Defragment+1","Seek","Hologram","Defragment","Echo Form","Writhe"],"special_seed":0,"relics":["Cracked Core","War Paint","Bottled Flame","Centennial Puzzle","Fusion Hammer","Old Coin"],"potions_floor_usage":[22],"damage_taken":[{"damage":0.0,"enemies":"Cultist","floor":1.0,"turns":3.0},{"damage":3.0,"enemies":"Small Slimes","floor":2.0,"turns":3.0},{"damage":0.0,"enemies":"2 Louse","floor":3.0,"turns":3.0},{"damage":10.0,"enemies":"Exordium Wildlife","floor":4.0,"turns":4.0},{"damage":7.0,"enemies":"2 Fungi Beasts","floor":5.0,"turns":3.0},{"damage":12.0,"enemies":"3 Sentries","floor":7.0,"turns":5.0},{"damage":11.0,"enemies":"Lagavulin","floor":10.0,"turns":4.0},{"damage":3.0,"enemies":"Looter","floor":12.0,"turns":2.0},{"damage":2.0,"enemies":"Exordium Thugs","floor":13.0,"turns":3.0},{"damage":10.0,"enemies":"Large Slime","floor":14.0,"turns":4.0},{"damage":6.0,"enemies":"Hexaghost","floor":16.0,"turns":7.0},{"damage":16.0,"enemies":"2 Thieves","floor":18.0,"turns":4.0},{"damage":2.0,"enemies":"Spheric Guardian","floor":20.0,"turns":3.0},{"damage":13.0,"enemies":"Snake Plant","floor":21.0,"turns":3.0},{"damage":34,"enemies":"Masked Bandits","floor":22,"turns":2}],"seed_played":"-7976502254341954393","potions_obtained":[{"floor":1.0,"key":"SneckoOil"},{"floor":4.0,"key":"SkillPotion"},{"floor":13.0,"key":"Poison Potion"},{"floor":14.0,"key":"GamblersBrew"}],"is_trial":false,"path_per_floor":["M","M","M","M","M","R","E","R","T","E","$","M","M","M","R","B",null,"M","?","M","M","?"],"character_chosen":"DEFECT","items_purchased":["Hologram"],"campfire_rested":1,"item_purchase_floors":[11],"current_hp_per_floor":[64,61,61,51,44,44,32,32,32,21,21,18,16,6,27,21,59,43,43,41,28,0],"gold":566,"neow_bonus":"TRANSFORM_CARD","is_prod":false,"is_daily":false,"chose_seed":false,"campfire_upgraded":2,"win_rate":0,"timestamp":1558850688,"path_taken":["M","M","M","M","M","R","E","R","T","E","$","?","M","M","R","BOSS","M","?","M","M","?"],"build_version":"2019-01-23","purchased_purges":1,"victory":false,"max_hp_per_floor":[71,71,71,71,71,71,71,71,71,71,71,71,71,71,71,71,71,71,71,71,71,71],"card_choices":[{"not_picked":["Loop","Consume"],"picked":"Sweeping Beam","floor":1.0},{"not_picked":["Rebound","Darkness"],"picked":"Coolheaded","floor":2.0},{"not_picked":["Hologram","Redo"],"picked":"Multi-Cast","floor":3.0},{"not_picked":["Rebound","Hologram"],"picked":"Doom and Gloom","floor":4.0},{"not_picked":["Rebound","Consume"],"picked":"Chill","floor":5.0},{"not_picked":["Reprogram","Self Repair"],"picked":"Defragment","floor":7.0},{"not_picked":["Go for the Eyes","Stack"],"picked":"Seek","floor":10.0},{"not_picked":["Blizzard","Turbo"],"picked":"Defragment","floor":12.0},{"not_picked":["Tempest","Sweeping Beam","Heatsinks"],"picked":"SKIP","floor":13.0},{"not_picked":["Double Energy","Heatsinks","Cold Snap"],"picked":"SKIP","floor":14.0},{"not_picked":["Rainbow","Creative AI"],"picked":"Echo Form","floor":16.0},{"not_picked":["Rip and Tear","Streamline","Go for the Eyes"],"picked":"SKIP","floor":18.0},{"not_picked":["Streamline","Double Energy","Leap"],"picked":"SKIP","floor":20.0},{"not_picked":["Sweeping Beam","Storm","Beam Cell"],"picked":"SKIP","floor":21.0}],"player_experience":732970,"relics_obtained":[{"floor":7.0,"key":"War Paint"},{"floor":9.0,"key":"Bottled Flame"},{"floor":10.0,"key":"Centennial Puzzle"}],"event_choices":[{"damage_healed":0.0,"max_hp_gain":0.0,"max_hp_loss":0.0,"gold_gain":0.0,"event_name":"The Mausoleum","player_choice":"Opened","floor":19.0,"gold_loss":0.0,"damage_taken":0.0,"relics_obtained":["Old Coin"],"cards_obtained":["Writhe"]},{"damage_healed":0,"gold_gain":0,"player_choice":"Fought Bandits","damage_taken":0,"max_hp_gain":0,"max_hp_loss":0,"event_name":"Masked Bandits","floor":22,"gold_loss":0}],"is_beta":false,"boss_relics":[{"not_picked":["Nuclear Battery","White Beast Statue"],"picked":"Fusion Hammer"}],"items_purged_floors":[11],"is_endless":false,"potions_floor_spawned":[1,4,5,13,14,16],"killed_by":"Masked Bandits","ascension_level":20}