{"path_per_floor":["M","?","?","?","?","R","M","?","T","$","M","E","M","M","R"],"character_chosen":"IRONCLAD","items_purchased":["Dropkick"],"gold_per_floor":[12,12,12,12,12,12,36,36,82,4,22,88,112,137,137,137],"floor_reached":16,"campfire_rested":1,"playtime":601,"current_hp_per_floor":[80,85,85,82,79,79,77,77,77,77,69,64,62,64,88,0],"items_purged":[],"gold":137,"score":100,"play_id":"4c221c98-7fe2-46d5-b6d6-dccd5aafeb75","local_time":"20180507214130","is_prod":false,"is_daily":false,"chose_seed":false,"is_ascension_mode":false,"campfire_upgraded":1,"timestamp":1525743690,"path_taken":["M","?","?","?","?","R","M","?","T","?","M","E","M","M","R","BOSS"],"build_version":"2018-05-03","seed_source_timestamp":1914343567668027,"purchased_purges":0,"victory":false,"master_deck":["Strike_R","Strike_R","Strike_R","Strike_R","Defend_R","Defend_R","Defend_R","Defend_R","Bash","Immolate+1","Inflame","Decay","Feed","Dropkick","Thunderclap","Brutality","Ghostly Armor"],"max_hp_per_floor":[80,85,85,85,79,79,79,79,79,79,79,82,85,88,88,88],"relics":["Burning Blood","Juzu Bracelet","Golden Idol","Vajra","Tiny Chest"],"card_choices":[{"not_picked":["Impervious","Berserk"],"picked":"Immolate","floor":0},{"not_picked":["Reckless Charge","Warcry"],"picked":"Inflame","floor":1},{"not_picked":["Clash","Sword Boomerang"],"picked":"Thunderclap","floor":11},{"not_picked":["Whirlwind","Hemokinesis"],"picked":"Brutality","floor":12},{"not_picked":["Twin Strike","Whirlwind"],"picked":"Ghostly Armor","floor":14}],"player_experience":186509,"potions_floor_usage":[7,12,16],"damage_taken":[{"damage":2,"enemies":"2 Louse","floor":1,"turns":2},{"damage":8,"enemies":"Jaw Worm","floor":7,"turns":2},{"damage":14,"enemies":"Small Slimes","floor":11,"turns":4},{"damage":14,"enemies":"Gremlin Nob","floor":12,"turns":3},{"damage":11,"enemies":"Red Slaver","floor":13,"turns":3},{"damage":7,"enemies":"Blue Slaver","floor":14,"turns":2},{"damage":91,"enemies":"Hexaghost","floor":16,"turns":9}],"event_choices":[{"event_name":"Big Fish","player_choice":"Donut","floor":2,"damage_taken":0},{"event_name":"Wheel of Change","player_choice":"Curse","floor":3,"damage_taken":0},{"event_name":"Scrap Ooze","player_choice":"success","floor":4,"damage_taken":3},{"event_name":"Golden Idol","player_choice":"Lose Max HP","floor":5,"damage_taken":0},{"event_name":"Transmorgrifier","player_choice":"Transform","floor":8,"damage_taken":0}],"boss_relics":[],"potions_floor_spawned":[1,11,14],"seed_played":"6624843042554054290","killed_by":"Hexaghost","ascension_level":0,"is_trial":false}