{"gold_per_floor":[367,382,41,41,41,68,68,95,147,147,157,57,68,94,94,190,190,155,155,155,12,12,12,27,27,80,156,169,169,19,47,47,151,201,215,215,1214,341,351,351],"floor_reached":40,"playtime":3681,"items_purged":["Normality"],"score":532,"play_id":"9f73d840-429c-4c62-a047-670097cb5cea","local_time":"20190707131330","is_ascension_mode":true,"campfire_choices":[{"floor":10,"key":"REST"},{"data":"Armaments","floor":15,"key":"SMITH"},{"data":"Shockwave","floor":23,"key":"SMITH"},{"data":"Entrench","floor":25,"key":"SMITH"},{"data":"Flame Barrier","floor":29,"key":"SMITH"},{"data":"Armaments","floor":32,"key":"SMITH"}],"neow_cost":"PERCENT_DAMAGE","seed_source_timestamp":957716456554254,"circlet_count":0,"master_deck":["Strike_R","Strike_R+1","Defend_R+1","Defend_R+1","Defend_R+1","Bash","Shrug It Off","Entrench+1","Dramatic Entrance","Intimidate","Ghostly Armor","Carnage","Armaments+1","Feel No Pain","Barricade","Reaper+1","Shrug It Off+1","Sword Boomerang+1","Necronomicurse","Shockwave+1","Pummel","Flame Barrier+1","Armaments+1","Shockwave+1","Feed","Armaments","Shrug It Off","Normality","Cleave+1"],"relics":["Burning Blood","War Paint","Vajra","Incense Burner","Bronze Scales","Bag of Marbles","Anchor","Ancient Tea Set","Astrolabe","Necronomicon","Boot","Self Forming Clay","Blood Vial","Pen Nib","Tiny House","FossilizedHelix","Bird Faced Urn","Medical Kit"],"potions_floor_usage":[6,6,8,16,16,40,40,40],"damage_taken":[{"damage":13,"enemies":"Cultist","floor":1,"turns":5},{"damage":2,"enemies":"Small Slimes","floor":2,"turns":4},{"damage":20,"enemies":"Gremlin Nob","floor":6,"turns":4},{"damage":3,"enemies":"3 Sentries","floor":8,"turns":8},{"damage":0,"enemies":"2 Louse","floor":11,"turns":1},{"damage":0,"enemies":"Large Slime","floor":13,"turns":3},{"damage":6,"enemies":"The Guardian","floor":16,"turns":14},{"damage":16,"enemies":"2 Thieves","floor":18,"turns":5},{"damage":0,"enemies":"Chosen","floor":24,"turns":2},{"damage":0,"enemies":"Shelled Parasite and Fungi","floor":28,"turns":2},{"damage":0,"enemies":"Book of Stabbing","floor":31,"turns":7},{"damage":0,"enemies":"Champ","floor":33,"turns":31},{"damage":30,"enemies":"3 Darklings","floor":35,"turns":10},{"damage":0,"enemies":"3 Shapes","floor":39,"turns":5},{"damage":131,"enemies":"Giant Head","floor":40,"turns":12}],"seed_played":"-1314032079508003709","potions_obtained":[{"floor":2,"key":"Regen Potion"},{"floor":8,"key":"SkillPotion"},{"floor":11,"key":"BloodPotion"},{"floor":13,"key":"Poison Potion"},{"floor":31,"key":"SkillPotion"},{"floor":33,"key":"Ancient Potion"},{"floor":34,"key":"Block Potion"}],"is_trial":false,"path_per_floor":["M","M","$","?","?","E","?","E","T","R","M","$","M","T","R","B",null,"M","?","?","$","?","R","M","R","T","T","M","R","$","E","R","B",null,"M","?","?","$","M","E"],"character_chosen":"IRONCLAD","items_purchased":["War Paint","Strength Potion","Dramatic Entrance","SkillPotion","Block Potion","Armaments","Boot","Blood Vial","FossilizedHelix","Bird Faced Urn","Medical Kit"],"campfire_rested":1,"item_purchase_floors":[3,3,3,3,12,12,21,30,38,38,38],"current_hp_per_floor":[49,53,53,37,30,28,28,31,31,55,61,61,67,67,67,67,80,70,54,54,54,54,54,60,60,60,60,66,66,66,80,80,80,85,81,81,81,81,88,0],"gold":351,"neow_bonus":"TWO_FIFTY_GOLD","is_prod":false,"is_daily":false,"chose_seed":false,"campfire_upgraded":5,"win_rate":0,"timestamp":1562519610,"path_taken":["M","?","$","?","?","E","?","E","T","R","M","?","M","?","R","BOSS","M","?","?","$","?","R","M","R","T","?","M","R","?","E","R","BOSS","M","?","?","$","M","E"],"build_version":"2019-07-05","purchased_purges":1,"victory":false,"max_hp_per_floor":[80,80,80,80,80,80,80,80,80,80,80,80,80,80,80,80,80,80,80,80,80,80,80,80,80,80,80,80,80,80,80,80,80,85,85,85,85,85,88,88],"card_choices":[{"not_picked":["Pommel Strike","Anger"],"picked":"Shrug It Off","floor":1},{"not_picked":["Iron Wave","Body Slam"],"picked":"Entrench","floor":2},{"not_picked":["True Grit","Clash"],"picked":"Intimidate","floor":6},{"not_picked":["Power Through","Bloodletting"],"picked":"Ghostly Armor","floor":8},{"not_picked":["Cleave","Twin Strike"],"picked":"Carnage","floor":11},{"not_picked":["Shrug It Off","Twin Strike"],"picked":"Feel No Pain","floor":13},{"not_picked":["Offering","Immolate"],"picked":"Barricade","floor":16},{"not_picked":["Anger+1","Heavy Blade"],"picked":"Sword Boomerang","floor":18},{"not_picked":["Power Through+1","Clothesline+1"],"picked":"Flame Barrier","floor":24},{"not_picked":["Body Slam","Corruption"],"picked":"Armaments","floor":28},{"not_picked":["Sword Boomerang","True Grit"],"picked":"Shockwave+1","floor":31},{"not_picked":["Berserk","Brutality"],"picked":"Feed","floor":33},{"not_picked":["Clash+1","Corruption"],"picked":"Armaments","floor":34},{"not_picked":["Headbutt+1","Clothesline+1"],"picked":"Shrug It Off","floor":35},{"not_picked":["Dropkick+1","Armaments"],"picked":"Cleave+1","floor":39}],"player_experience":86675,"relics_obtained":[{"floor":6,"key":"Incense Burner"},{"floor":8,"key":"Bag of Marbles"},{"floor":9,"key":"Anchor"},{"floor":14,"key":"Ancient Tea Set"},{"floor":19,"key":"Necronomicon"},{"floor":27,"key":"Self Forming Clay"},{"floor":31,"key":"Pen Nib"}],"event_choices":[{"damage_healed":0,"gold_gain":0,"player_choice":"Entered Light","damage_taken":16,"max_hp_gain":0,"max_hp_loss":0,"event_name":"Shining Light","floor":4,"gold_loss":0,"cards_upgraded":["Defend_R","Strike_R"]},{"damage_healed":0,"gold_gain":0,"player_choice":"Success","damage_taken":7,"relics_obtained":["Vajra"],"max_hp_gain":0,"max_hp_loss":0,"event_name":"Scrap Ooze","floor":5,"gold_loss":0},{"damage_healed":0,"gold_gain":0,"player_choice":"Searched \u00271\u0027 times","damage_taken":0,"relics_obtained":["Bronze Scales"],"max_hp_gain":0,"max_hp_loss":0,"event_name":"Dead Adventurer","floor":7,"gold_loss":0},{"damage_healed":0,"gold_gain":0,"player_choice":"Obtained Book","damage_taken":16,"max_hp_gain":0,"max_hp_loss":0,"event_name":"Cursed Tome","floor":19,"gold_loss":0},{"damage_healed":0,"gold_gain":0,"cards_transformed":["Strike_R","Evolve"],"player_choice":"Became Test Subject","damage_taken":0,"max_hp_gain":0,"max_hp_loss":0,"event_name":"Drug Dealer","floor":20,"gold_loss":0,"cards_obtained":["Shockwave","Pummel"]},{"damage_healed":0,"gold_gain":0,"player_choice":"Ignored","damage_taken":0,"max_hp_gain":0,"max_hp_loss":0,"event_name":"Ghosts","floor":22,"gold_loss":0},{"damage_healed":0,"gold_gain":0,"player_choice":"Ignored","damage_taken":0,"max_hp_gain":0,"max_hp_loss":0,"event_name":"Tomb of Lord Red Mask","floor":36,"gold_loss":0},{"damage_healed":0,"gold_gain":999,"player_choice":"Gold","damage_taken":0,"max_hp_gain":0,"max_hp_loss":0,"event_name":"MindBloom","floor":37,"gold_loss":0,"cards_obtained":["Normality","Normality"]}],"is_beta":false,"boss_relics":[{"not_picked":["Fusion Hammer","White Beast Statue"],"picked":"Astrolabe"},{"not_picked":["Lizard Tail","Philosopher\u0027s Stone"],"picked":"Tiny House"}],"items_purged_floors":[38],"is_endless":false,"potions_floor_spawned":[2,8,11,13,31,33],"killed_by":"Giant Head","ascension_level":1}