{"gold_per_floor":[114,129,144,219,69,96,123,135,147,159,186,213,225,252,264,396,408,435,477,534,576,588,630,642,654,666,708,720,782,809,836,848,960,1022,1049,101,101,101,116,146,161,161,186,201,201,201,0,0,0,0],"floor_reached":51,"playtime":3446,"items_purged":[],"score":868,"play_id":"c2d849dc-b5ff-4cff-afc4-0f0101cb40b6","local_time":"20180912044027","daily_mods":["Allstar","Time Dilation","Vintage"],"is_ascension_mode":false,"campfire_choices":[{"data":"Magnetism","floor":10,"key":"SMITH"},{"floor":15,"key":"REST"},{"floor":24,"key":"REST"},{"floor":32,"key":"REST"},{"data":"Night Terror","floor":42,"key":"SMITH"},{"data":"Ghostly","floor":45,"key":"SMITH"},{"data":"Mayhem","floor":49,"key":"SMITH"}],"neow_cost":"","seed_source_timestamp":431747708987874,"circlet_count":0,"master_deck":["Defend_G+1","Defend_G","Defend_G","Defend_G","Strike_G","Strike_G","Survivor","Neutralize","Violence","Master of Strategy","Finesse","Magnetism+1","Night Terror+1","PiercingWail+1","Accuracy","Mayhem+1","Ghostly+1","Ghostly","Ghostly","Ghostly","Ghostly+1","Wraith Form v2"],"special_seed":17786,"relics":["Ring of the Snake","Bag of Preparation","Boot","Oddly Smooth Stone","MawBank","Vajra","Kunai","Shuriken","The Courier","Bronze Scales","Ginger","Orichalcum","Lizard Tail","Lantern","PreservedInsect","Tiny Chest","Smiling Mask","Anchor","Sundial","Singing Bowl","Pen Nib","Centennial Puzzle","Bottled Flame","Ornamental Fan","Tiny House","Snake Skull","Toxic Egg 2","StoneCalendar","Toy Ornithopter","Bag of Marbles","Dream Catcher","Mercury Hourglass","Bottled Lightning","WingedGreaves","Blood Vial","Juzu Bracelet","Red Mask","Happy Flower"],"potions_floor_usage":[7,11,12,19,23,27,33,39,41,41,44,44,44,44],"damage_taken":[{"damage":1,"enemies":"Jaw Worm","floor":1,"turns":4},{"damage":0,"enemies":"Small Slimes","floor":2,"turns":2},{"damage":0,"enemies":"Cultist","floor":3,"turns":2},{"damage":3,"enemies":"Red Slaver","floor":6,"turns":2},{"damage":0,"enemies":"Large Slime","floor":7,"turns":2},{"damage":0,"enemies":"3 Louse","floor":11,"turns":3},{"damage":6,"enemies":"Gremlin Gang","floor":12,"turns":2},{"damage":0,"enemies":"Large Slime","floor":14,"turns":4},{"damage":16,"enemies":"The Guardian","floor":16,"turns":10},{"damage":15,"enemies":"Chosen","floor":18,"turns":7},{"damage":10,"enemies":"Spheric Guardian","floor":19,"turns":5},{"damage":8,"enemies":"Chosen and Byrds","floor":20,"turns":5},{"damage":10,"enemies":"Cultist and Chosen","floor":21,"turns":6},{"damage":0,"enemies":"Gremlin Leader","floor":23,"turns":6},{"damage":13,"enemies":"Sentry and Sphere","floor":27,"turns":8},{"damage":11,"enemies":"Snecko","floor":30,"turns":6},{"damage":0,"enemies":"3 Cultists","floor":31,"turns":6},{"damage":6,"enemies":"Collector","floor":33,"turns":10},{"damage":0,"enemies":"Orb Walker","floor":35,"turns":6},{"damage":0,"enemies":"3 Shapes","floor":39,"turns":7},{"damage":0,"enemies":"2 Orb Walkers","floor":40,"turns":6},{"damage":0,"enemies":"3 Darklings","floor":41,"turns":7},{"damage":0,"enemies":"Spire Growth","floor":44,"turns":5},{"damage":0,"enemies":"Awakened One","floor":50,"turns":14}],"seed_played":"104536176025665139","potions_obtained":[{"floor":6,"key":"Fire Potion"},{"floor":7,"key":"Dexterity Potion"},{"floor":11,"key":"Swift Potion"},{"floor":14,"key":"SmokeBomb"},{"floor":20,"key":"Swift Potion"},{"floor":23,"key":"PowerPotion"},{"floor":27,"key":"Dexterity Potion"},{"floor":33,"key":"Regen Potion"},{"floor":34,"key":"EntropicBrew"},{"floor":37,"key":"Fruit Juice"},{"floor":40,"key":"Swift Potion"}],"is_trial":false,"path_per_floor":["M","M","M","?","$","M","M","$","T","R","M","M","$","M","R","B",null,"M","M","M","M","?","E","R","?","T","M","?","T","M","M","R","B",null,"M","$","?","?","M","E","M","R","T","M","R","?","?","?","R","B"],"character_chosen":"THE_SILENT","items_purchased":["MawBank","Toxic Egg 2","StoneCalendar","Toy Ornithopter","Bag of Marbles","Dream Catcher"],"campfire_rested":3,"item_purchase_floors":[5,36,36,36,36,36],"current_hp_per_floor":[69,69,69,58,58,55,55,55,55,55,55,49,49,49,70,54,70,55,45,37,27,27,27,48,48,48,35,35,35,24,24,34,28,42,42,42,42,42,47,49,49,49,49,49,49,49,49,49,49,49],"gold":0,"neow_bonus":"","is_prod":false,"is_daily":true,"chose_seed":false,"campfire_upgraded":4,"win_rate":0,"timestamp":1536741627,"path_taken":["M","M","M","?","?","M","?","$","T","R","M","M","?","M","R","BOSS","M","M","M","M","?","E","R","?","T","M","?","?","?","M","R","BOSS","M","$","?","?","M","E","M","R","T","M","R","?","?","?","R","BOSS"],"build_version":"2018-09-10","purchased_purges":0,"victory":true,"max_hp_per_floor":[70,70,70,70,70,70,70,70,70,70,70,70,70,70,70,70,70,70,70,70,70,70,70,70,70,70,70,35,35,35,35,35,35,42,42,42,42,42,47,49,49,49,49,49,49,49,49,49,49,49],"card_choices":[{"not_picked":["Unload","After Image"],"picked":"Night Terror","floor":16},{"not_picked":["Underhanded Strike","Reflex+1"],"picked":"PiercingWail+1","floor":23},{"not_picked":["Glass Knife","After Image"],"picked":"Wraith Form v2","floor":33},{"not_picked":["Acrobatics","Bane","Backflip"],"picked":"Singing Bowl","floor":34},{"not_picked":["Noxious Fumes+1","Caltrops+1","Dodge and Roll+1"],"picked":"Singing Bowl","floor":40}],"player_experience":633390,"relics_obtained":[{"floor":1,"key":"Bag of Preparation"},{"floor":2,"key":"Boot"},{"floor":3,"key":"Oddly Smooth Stone"},{"floor":6,"key":"Vajra"},{"floor":7,"key":"Kunai"},{"floor":9,"key":"Shuriken"},{"floor":11,"key":"The Courier"},{"floor":12,"key":"Bronze Scales"},{"floor":14,"key":"Ginger"},{"floor":16,"key":"Orichalcum"},{"floor":18,"key":"Lantern"},{"floor":19,"key":"PreservedInsect"},{"floor":20,"key":"Tiny Chest"},{"floor":21,"key":"Smiling Mask"},{"floor":23,"key":"Anchor"},{"floor":26,"key":"Sundial"},{"floor":27,"key":"Singing Bowl"},{"floor":29,"key":"Pen Nib"},{"floor":30,"key":"Centennial Puzzle"},{"floor":31,"key":"Bottled Flame"},{"floor":33,"key":"Ornamental Fan"},{"floor":35,"key":"Snake Skull"},{"floor":39,"key":"Mercury Hourglass"},{"floor":40,"key":"Bottled Lightning"},{"floor":41,"key":"WingedGreaves"},{"floor":43,"key":"Blood Vial"},{"floor":44,"key":"Juzu Bracelet"}],"event_choices":[{"event_name":"World of Goop","player_choice":"Gather Gold","floor":4,"damage_taken":0},{"event_name":"Back to Basics","player_choice":"Elegance","floor":22,"damage_taken":0},{"event_name":"Drug Dealer","player_choice":"Became Test Subject","floor":25,"damage_taken":0},{"event_name":"Ghosts","player_choice":"Became a Ghost","floor":28,"damage_taken":0},{"event_name":"The Lab","player_choice":"Got Potions","floor":37,"damage_taken":0},{"event_name":"Falling","player_choice":"Removed Skill","floor":38,"damage_taken":0},{"event_name":"Accursed Blacksmith","player_choice":"Forge","floor":46,"damage_taken":0},{"event_name":"Tomb of Lord Red Mask","player_choice":"Paid","floor":47,"damage_taken":0},{"event_name":"WeMeetAgain","player_choice":"Card","floor":48,"damage_taken":0}],"is_beta":true,"boss_relics":[{"not_picked":["Runic Dome","Snecko Eye"],"picked":"Lizard Tail"},{"not_picked":["Cursed Key","Runic Pyramid"],"picked":"Tiny House"}],"items_purged_floors":[],"is_endless":false,"potions_floor_spawned":[6,7,11,14,20,23,27,33,40],"ascension_level":0}