{"path_per_floor":["M","?","$","M","M","E","?","R","T","?","M","R","M","$","R","B",null,"M","?","?","?","M","R","?","R","T","R","M","M","$","E","R","B",null,"M","?","?","M","M","R","M"],"character_chosen":"IRONCLAD","items_purchased":["Iron Wave","Reaper","Metallicize","Double Tap"],"gold_per_floor":[117,117,65,77,91,122,122,122,122,151,164,164,184,26,26,126,126,145,68,68,68,51,51,51,51,51,51,66,85,3,33,33,134,134,154,0,0,10,30,30,47,47],"floor_reached":42,"campfire_rested":3,"playtime":2506,"current_hp_per_floor":[80,64,64,69,75,70,70,70,70,61,64,64,69,69,69,41,80,64,64,40,40,29,40,35,45,45,45,45,44,44,45,45,15,45,37,37,31,36,14,42,36,0],"items_purged":[],"gold":47,"score":560,"play_id":"febd6c6b-12bb-43be-972b-33ba92d2f36d","local_time":"20180424025507","is_prod":false,"is_daily":false,"chose_seed":false,"is_ascension_mode":true,"campfire_upgraded":5,"timestamp":1524552907,"path_taken":["M","?","$","?","M","E","?","R","T","?","?","R","M","$","R","BOSS","M","?","?","?","M","R","?","R","T","R","M","M","$","E","R","BOSS","M","?","?","M","M","R","M","M"],"build_version":"2018-04-19","seed_source_timestamp":721674666219519,"purchased_purges":0,"victory":false,"master_deck":["Bash+1","Immolate","Iron Wave","Iron Wave","Whirlwind+1","Regret","Body Slam+1","Body Slam+1","Armaments+1","Reaper","Metallicize","Reaper","Feel No Pain","Twin Strike","Clash","Thunderclap","Headbutt","Feel No Pain","Armaments+1","J.A.X.","Ghostly","Ghostly","Ghostly","Ghostly","Ghostly+1","Feel No Pain","Battle Trance","Body Slam","Double Tap","Offering","Impervious","Rage+1","True Grit+1","Havoc+1","Dual Wield+1","Madness","Madness","Iron Wave","Iron Wave","Rage+1"],"max_hp_per_floor":[80,80,80,80,80,80,80,80,80,80,80,80,80,80,80,80,80,80,80,40,40,40,40,45,45,45,45,45,45,45,45,45,45,45,45,45,45,45,45,45,45,45],"relics":["Burning Blood","Regal Pillow","Unceasing Top","Odd Mushroom","Pandora\u0027s Box","Nloth\u0027s Gift","Blue Candle","Kunai","Astrolabe","Red Mask"],"card_choices":[{"not_picked":["Headbutt","Pommel Strike"],"picked":"Iron Wave","floor":1},{"not_picked":["Blood for Blood","Thunderclap"],"picked":"Whirlwind","floor":6},{"not_picked":["Armaments","Sword Boomerang"],"picked":"Body Slam","floor":10},{"not_picked":["True Grit","Havoc"],"picked":"Body Slam","floor":11},{"not_picked":["True Grit","Shockwave"],"picked":"Armaments","floor":13},{"not_picked":["Offering","Bludgeon"],"picked":"Reaper","floor":16},{"not_picked":["Seeing Red","Anger"],"picked":"Armaments","floor":18},{"not_picked":["Whirlwind","Perfected Strike"],"picked":"Feel No Pain","floor":22},{"not_picked":["Pummel","Heavy Blade"],"picked":"Battle Trance","floor":28},{"not_picked":["Havoc","Clash"],"picked":"Body Slam","floor":29},{"not_picked":["Evolve","Wild Strike"],"picked":"Offering","floor":31},{"not_picked":["Berserk","Limit Break"],"picked":"Impervious","floor":33},{"not_picked":["Flex","Headbutt"],"picked":"Dual Wield","floor":35},{"not_picked":["Corruption","Sword Boomerang"],"picked":"Iron Wave","floor":38},{"not_picked":["Twin Strike","Shrug It Off"],"picked":"Iron Wave","floor":39},{"not_picked":["Entrench","True Grit"],"picked":"Rage","floor":41}],"player_experience":736137,"potions_floor_usage":[10,13,16,18,22,29,41,42],"damage_taken":[{"damage":3,"enemies":"Small Slimes","floor":1,"turns":3},{"damage":1,"enemies":"Cultist","floor":4,"turns":3},{"damage":0,"enemies":"Jaw Worm","floor":5,"turns":3},{"damage":11,"enemies":"3 Sentries","floor":6,"turns":4},{"damage":15,"enemies":"The Mushroom Lair","floor":10,"turns":2},{"damage":3,"enemies":"2 Fungi Beasts","floor":11,"turns":2},{"damage":1,"enemies":"Looter","floor":13,"turns":2},{"damage":34,"enemies":"The Guardian","floor":16,"turns":12},{"damage":26,"enemies":"Chosen","floor":18,"turns":5},{"damage":17,"enemies":"2 Thieves","floor":22,"turns":4},{"damage":4,"enemies":"Snecko","floor":28,"turns":7},{"damage":7,"enemies":"Centurion and Healer","floor":29,"turns":7},{"damage":4,"enemies":"Gremlin Leader","floor":31,"turns":10},{"damage":40,"enemies":"Champ","floor":33,"turns":15},{"damage":14,"enemies":"3 Shapes","floor":35,"turns":4},{"damage":17,"enemies":"3 Darklings","floor":38,"turns":6},{"damage":31,"enemies":"Sphere and 2 Shapes","floor":39,"turns":7},{"damage":56,"enemies":"4 Shapes","floor":41,"turns":8},{"damage":49,"enemies":"Maw","floor":42,"turns":8}],"event_choices":[{"event_name":"Shining Light","player_choice":"Entered Light","floor":2,"damage_taken":0},{"event_name":"Big Fish","player_choice":"Box","floor":7,"damage_taken":0},{"event_name":"Mushrooms","player_choice":"Fought Mushrooms","floor":10,"damage_taken":0},{"event_name":"Drug Dealer","player_choice":"Got JAXXED","floor":19,"damage_taken":0},{"event_name":"Ghosts","player_choice":"Became a Ghost","floor":20,"damage_taken":0},{"event_name":"N\u0027loth","player_choice":"Traded a Sundial","floor":21,"damage_taken":0},{"event_name":"Forgotten Altar","player_choice":"Shed Blood","floor":24,"damage_taken":0},{"event_name":"Tomb of Lord Red Mask","player_choice":"Paid","floor":36,"damage_taken":0},{"event_name":"Winding Halls","player_choice":"Embrace Madness","floor":37,"damage_taken":0}],"boss_relics":[{"not_picked":["Snecko Eye","Mark of Pain"],"picked":"Pandora\u0027s Box"},{"not_picked":["Runic Dome","Black Star"],"picked":"Astrolabe"}],"potions_floor_spawned":[6,10,11,16,18,28,35,39],"seed_played":"8217875558549454135","killed_by":"Maw","ascension_level":2,"is_trial":false}