{"gold_per_floor":[112,125,143,157,175,203,203,237,237,255,255,265,291,291,291,395,395,411,411,411,411,423,423],"floor_reached":23,"playtime":1065,"items_purged":[],"score":266,"play_id":"119098aa-bc73-493c-a245-c05d5ee3d00a","local_time":"20190404032748","is_ascension_mode":true,"campfire_choices":[{"data":"Spot Weakness","floor":7,"key":"SMITH"},{"floor":15,"key":"REST"}],"neow_cost":"NONE","seed_source_timestamp":1435450905053000,"circlet_count":0,"master_deck":["Strike_R","Strike_R+1","Strike_R","Strike_R","Strike_R","Defend_R","Defend_R","Defend_R","Defend_R","Bash","Shrug It Off","Shrug It Off","Iron Wave","Seeing Red","Flex","Spot Weakness+1","Inflame+1","Anger+1","Infernal Blade","Dark Embrace+1","Heavy Blade+1","Decay","Flex+1"],"relics":["Burning Blood","Red Skull","Frozen Egg 2","Orichalcum","Whetstone","Runic Cube","MutagenicStrength","Self Forming Clay"],"potions_floor_usage":[1,1,3,4,10,12,18,22],"damage_taken":[{"damage":0,"enemies":"Small Slimes","floor":1,"turns":3},{"damage":0,"enemies":"Cultist","floor":2,"turns":3},{"damage":0,"enemies":"2 Louse","floor":3,"turns":3},{"damage":0,"enemies":"2 Fungi Beasts","floor":4,"turns":2},{"damage":11,"enemies":"Blue Slaver","floor":5,"turns":4},{"damage":22,"enemies":"3 Sentries","floor":6,"turns":14},{"damage":37,"enemies":"Gremlin Nob","floor":8,"turns":4},{"damage":0,"enemies":"Exordium Wildlife","floor":10,"turns":3},{"damage":7,"enemies":"Looter","floor":12,"turns":3},{"damage":25,"enemies":"3 Sentries","floor":13,"turns":6},{"damage":18,"enemies":"Hexaghost","floor":16,"turns":7},{"damage":66,"enemies":"3 Byrds","floor":18,"turns":7},{"damage":9,"enemies":"Shell Parasite","floor":22,"turns":3},{"damage":11,"enemies":"Book of Stabbing","floor":23,"turns":1}],"seed_played":"-6243847958252394243","potions_obtained":[{"floor":0,"key":"Block Potion"},{"floor":0,"key":"PowerPotion"},{"floor":0,"key":"LiquidBronze"},{"floor":3,"key":"Explosive Potion"},{"floor":8,"key":"EssenceOfSteel"},{"floor":10,"key":"Strength Potion"},{"floor":12,"key":"Ancient Potion"},{"floor":16,"key":"SneckoOil"},{"floor":18,"key":"Fruit Juice"}],"is_trial":false,"path_per_floor":["M","M","M","M","M","E","R","E","T","M","?","M","E","?","R","B",null,"M","?","?","?","M","E"],"character_chosen":"IRONCLAD","items_purchased":[],"campfire_rested":1,"item_purchase_floors":[],"current_hp_per_floor":[80,80,80,80,75,59,59,28,28,34,54,53,34,34,57,45,69,9,9,9,9,11,0],"gold":423,"neow_bonus":"THREE_SMALL_POTIONS","is_prod":false,"is_daily":false,"chose_seed":false,"campfire_upgraded":1,"win_rate":0,"timestamp":1554362868,"path_taken":["M","M","M","M","M","E","R","E","T","M","?","M","E","?","R","BOSS","M","?","?","?","M","E"],"build_version":"2019-03-15","purchased_purges":0,"victory":false,"max_hp_per_floor":[80,80,80,80,80,80,80,80,80,80,80,80,80,77,77,77,77,77,77,77,77,82,82],"card_choices":[{"not_picked":["Blood for Blood","Clash"],"picked":"Shrug It Off","floor":1},{"not_picked":["Havoc","Thunderclap"],"picked":"Shrug It Off","floor":2},{"not_picked":["Clothesline","Headbutt"],"picked":"Iron Wave","floor":3},{"not_picked":["Sword Boomerang","Sentinel"],"picked":"Seeing Red","floor":4},{"not_picked":["Uppercut","True Grit"],"picked":"Flex","floor":5},{"not_picked":["Hemokinesis","Blood for Blood"],"picked":"Spot Weakness","floor":6},{"not_picked":["Iron Wave","Impervious"],"picked":"Inflame","floor":8},{"not_picked":["Sword Boomerang","Shrug It Off","Bloodletting"],"picked":"SKIP","floor":10},{"not_picked":["Armaments","Twin Strike"],"picked":"Anger","floor":12},{"not_picked":["Sword Boomerang","Headbutt"],"picked":"Infernal Blade","floor":13},{"not_picked":["Berserk+1","Double Tap"],"picked":"Dark Embrace+1","floor":16},{"not_picked":["Warcry","Body Slam"],"picked":"Heavy Blade+1","floor":18},{"not_picked":["Rupture+1","Blood for Blood+1"],"picked":"Flex+1","floor":22}],"player_experience":751854,"relics_obtained":[{"floor":6,"key":"Red Skull"},{"floor":8,"key":"Frozen Egg 2"},{"floor":9,"key":"Orichalcum"},{"floor":13,"key":"Whetstone"}],"event_choices":[{"damage_healed":20,"gold_gain":0,"player_choice":"Healed and dodged fight","damage_taken":0,"max_hp_gain":0,"max_hp_loss":0,"event_name":"Mushrooms","floor":11,"gold_loss":0,"cards_obtained":["Parasite"]},{"cards_removed":["Parasite"],"damage_healed":0,"gold_gain":0,"player_choice":"Purged","damage_taken":0,"max_hp_gain":0,"max_hp_loss":0,"event_name":"Purifier","floor":14,"gold_loss":0},{"damage_healed":0,"gold_gain":0,"player_choice":"Inject Mutagens","damage_taken":0,"relics_obtained":["MutagenicStrength"],"max_hp_gain":0,"max_hp_loss":0,"event_name":"Drug Dealer","floor":19,"gold_loss":0},{"damage_healed":0,"gold_gain":0,"player_choice":"Smashed Altar","damage_taken":0,"max_hp_gain":0,"max_hp_loss":0,"event_name":"Forgotten Altar","floor":20,"gold_loss":0,"cards_obtained":["Decay"]},{"damage_healed":0,"gold_gain":0,"player_choice":"Opened","damage_taken":0,"relics_obtained":["Self Forming Clay"],"max_hp_gain":0,"max_hp_loss":0,"event_name":"The Mausoleum","floor":21,"gold_loss":0}],"is_beta":true,"boss_relics":[{"not_picked":["Runic Dome","Lizard Tail"],"picked":"Runic Cube"}],"items_purged_floors":[],"is_endless":false,"potions_floor_spawned":[3,8,10,12,16,18],"killed_by":"Book of Stabbing","ascension_level":5}