{"gold_per_floor":[112,77,90,90,2,37,52,77,102,102,136,136,156,169,169,267,267,278,297,297,8,8],"floor_reached":22,"playtime":731,"items_purged":[],"score":255,"play_id":"0f7d5d0d-6f39-45f9-94a6-7ce06db23d52","local_time":"20190610033819","is_ascension_mode":true,"campfire_choices":[{"floor":10,"key":"REST"},{"floor":15,"key":"REST"}],"neow_cost":"PERCENT_DAMAGE","seed_source_timestamp":1677171289305200,"circlet_count":0,"master_deck":["Strike_B","Strike_B","Strike_B","Defend_B","Defend_B","Defend_B","Defend_B","Zap","Dualcast","Conserve Battery","Fusion","Trip","Core Surge","Beam Cell","Double Energy","Double Energy","Rip and Tear","Scrape","Creative AI","Glacier","Redo+1"],"relics":["Cracked Core","Calipers","Ancient Tea Set","Oddly Smooth Stone","Boot","White Beast Statue","Ice Cream"],"potions_floor_usage":[3,6,7,16,16,19,19,22],"damage_taken":[{"damage":0,"enemies":"Jaw Worm","floor":1,"turns":3},{"damage":4,"enemies":"Small Slimes","floor":3,"turns":4},{"damage":13,"enemies":"Lagavulin","floor":6,"turns":6},{"damage":0,"enemies":"2 Louse","floor":7,"turns":2},{"damage":19,"enemies":"Gremlin Nob","floor":8,"turns":4},{"damage":16,"enemies":"Lagavulin","floor":11,"turns":7},{"damage":9,"enemies":"Red Slaver","floor":13,"turns":3},{"damage":13,"enemies":"Blue Slaver","floor":14,"turns":2},{"damage":12,"enemies":"Hexaghost","floor":16,"turns":7},{"damage":24,"enemies":"Chosen","floor":18,"turns":5},{"damage":1,"enemies":"3 Byrds","floor":19,"turns":4},{"damage":28,"enemies":"Snake Plant","floor":22,"turns":4}],"seed_played":"8099859535201943511","potions_obtained":[{"floor":1,"key":"SpeedPotion"},{"floor":3,"key":"PowerPotion"},{"floor":6,"key":"Energy Potion"},{"floor":11,"key":"LiquidBronze"},{"floor":12,"key":"Fire Potion"},{"floor":12,"key":"Explosive Potion"},{"floor":18,"key":"AttackPotion"},{"floor":19,"key":"PowerPotion"}],"is_trial":false,"path_per_floor":["M","?","M","?","$","E","M","E","T","R","E","?","M","M","R","B",null,"M","M","?","$","M"],"character_chosen":"DEFECT","items_purchased":["Trip","Ice Cream"],"campfire_rested":2,"item_purchase_floors":[5,21],"current_hp_per_floor":[54,72,68,61,61,48,48,29,29,51,35,35,26,13,35,23,62,38,37,23,23,0],"gold":8,"neow_bonus":"ONE_RARE_RELIC","is_prod":false,"is_daily":false,"chose_seed":false,"campfire_upgraded":0,"win_rate":0,"timestamp":1560152299,"path_taken":["M","?","M","?","?","E","M","E","T","R","E","?","M","?","R","BOSS","M","M","?","$","M"],"build_version":"2019-06-07","purchased_purges":0,"victory":false,"max_hp_per_floor":[75,75,75,75,75,75,75,75,75,75,75,75,75,75,75,75,75,75,75,80,80,80],"card_choices":[{"not_picked":["Reinforced Body","Blizzard"],"picked":"Conserve Battery","floor":1},{"not_picked":["Tempest","Streamline"],"picked":"Fusion","floor":3},{"not_picked":["Melter","Rebound"],"picked":"Core Surge","floor":6},{"not_picked":["Coolheaded","Go for the Eyes"],"picked":"Beam Cell","floor":7},{"not_picked":["Go for the Eyes","Machine Learning"],"picked":"Double Energy","floor":8},{"not_picked":["Blizzard","Skim"],"picked":"Double Energy","floor":11},{"not_picked":["Cold Snap","Scrape"],"picked":"Rip and Tear","floor":13},{"not_picked":["Compile Driver","Reprogram"],"picked":"Scrape","floor":14},{"not_picked":["Seek","Meteor Strike"],"picked":"Creative AI","floor":16},{"not_picked":["Aggregate","Stack+1"],"picked":"Glacier","floor":18},{"not_picked":["Steam","Streamline"],"picked":"Redo+1","floor":19}],"player_experience":1015123,"relics_obtained":[{"floor":6,"key":"Ancient Tea Set"},{"floor":8,"key":"Oddly Smooth Stone"},{"floor":11,"key":"Boot"}],"event_choices":[{"damage_healed":18,"gold_gain":0,"player_choice":"Healed","damage_taken":0,"max_hp_gain":0,"max_hp_loss":0,"event_name":"The Cleric","floor":2,"gold_loss":35},{"cards_removed":["Strike_B"],"damage_healed":0,"gold_gain":0,"player_choice":"Card Removal","damage_taken":7,"max_hp_gain":0,"max_hp_loss":0,"event_name":"Golden Wing","floor":4,"gold_loss":0},{"damage_healed":0,"gold_gain":0,"player_choice":"Got Potions","damage_taken":0,"max_hp_gain":0,"max_hp_loss":0,"event_name":"Lab","floor":12,"gold_loss":0},{"damage_healed":0,"gold_gain":0,"player_choice":"Shed Blood","damage_taken":19,"max_hp_gain":5,"max_hp_loss":0,"event_name":"Forgotten Altar","floor":20,"gold_loss":0}],"is_beta":true,"boss_relics":[{"not_picked":["Eternal Feather","Velvet Choker"],"picked":"White Beast Statue"}],"items_purged_floors":[],"is_endless":false,"potions_floor_spawned":[1,3,6,11,18,19],"killed_by":"Snake Plant","ascension_level":5}