{"path_per_floor":["M","?","M","M","$","R","E","M","T","R","$","M","$","?","R","B",null,"M","?","$","?"],"character_chosen":"IRONCLAD","items_purchased":["Mind Blast","Spot Weakness","Fire Potion","Carnage"],"gold_per_floor":[116,116,126,144,7,7,37,56,56,56,6,24,24,24,24,129,129,141,41,6,6,6],"floor_reached":22,"campfire_rested":1,"playtime":813,"current_hp_per_floor":[72,72,67,61,61,61,27,18,18,39,39,45,45,69,69,56,72,9,9,9,9,0],"items_purged":[],"gold":6,"score":200,"play_id":"0d5ca788-06e6-45bb-96e3-bf4db6c45361","local_time":"20180412130436","is_prod":false,"is_daily":false,"is_ascension_mode":true,"campfire_upgraded":0,"timestamp":1523552676,"path_taken":["M","?","M","M","$","R","E","M","T","R","?","M","$","?","R","BOSS","M","?","$","?","?"],"build_version":"2018-04-05v2","purchased_purges":0,"victory":false,"master_deck":["Strike_R","Strike_R","Strike_R","Strike_R","Defend_R","Defend_R","Defend_R","Defend_R","Bash","Feel No Pain","Rupture","Reckless Charge","Mind Blast","Spot Weakness","Infernal Blade","Combust","Immolate","J.A.X.","Carnage","Normality"],"max_hp_per_floor":[72,72,72,72,72,72,72,72,72,72,72,72,72,72,72,72,72,72,72,72,72,72],"relics":["Burning Blood","Shovel","Vajra","Pen Nib","Bird Faced Urn","Blood Vial","Runic Cube","Bag of Preparation"],"card_choices":[{"not_picked":["Anger","Rage"],"picked":"Feel No Pain","floor":1},{"not_picked":["Cleave","Havoc"],"picked":"Reckless Charge","floor":4},{"not_picked":["Reckless Charge","Flex"],"picked":"Infernal Blade","floor":7},{"not_picked":["Flex","Pommel Strike"],"picked":"Combust","floor":12},{"not_picked":["Juggernaut","Barricade"],"picked":"Immolate","floor":16}],"player_experience":629182,"potions_floor_usage":[7,8,12,16,22],"damage_taken":[{"damage":0,"enemies":"2 Louse","floor":1,"turns":3},{"damage":11,"enemies":"Cultist","floor":3,"turns":4},{"damage":12,"enemies":"Small Slimes","floor":4,"turns":4},{"damage":40,"enemies":"Lagavulin","floor":7,"turns":5},{"damage":15,"enemies":"Exordium Wildlife","floor":8,"turns":4},{"damage":4,"enemies":"2 Fungi Beasts","floor":12,"turns":3},{"damage":22,"enemies":"Slime Boss","floor":16,"turns":7},{"damage":71,"enemies":"2 Thieves","floor":18,"turns":4},{"damage":20,"enemies":"Spheric Guardian","floor":22,"turns":3}],"event_choices":[{"event_name":"Transmorgrifier","player_choice":"Transform","floor":2,"damage_taken":0},{"event_name":"Big Fish","player_choice":"Banana","floor":14,"damage_taken":0},{"event_name":"Drug Dealer","player_choice":"Got JAXXED","floor":19,"damage_taken":0},{"event_name":"Accursed Blacksmith","player_choice":"Rummage","floor":21,"damage_taken":0}],"boss_relics":[{"not_picked":["Orrery","Philosopher\u0027s Stone"],"picked":"Runic Cube"}],"potions_floor_spawned":[4,7,12,18],"seed_played":"-6995341375424961015","killed_by":"Spheric Guardian","ascension_level":2,"is_trial":false}