{"gold_per_floor":[114,129,144,144,2,2,32,47,47,62,77,92,92,107,107,207,207,222,237,237,252,252],"floor_reached":22,"playtime":1307,"items_purged":[],"score":192,"play_id":"1bd5172e-b3ee-4b88-a308-3dcf5c9cdb7f","local_time":"20190411044817","daily_mods":["Draft","Uncertain Future","Binary"],"is_ascension_mode":false,"campfire_choices":[{"data":"Dash","floor":6,"key":"SMITH"},{"floor":15,"key":"REST"}],"neow_cost":"","seed_source_timestamp":2041540368137700,"circlet_count":0,"master_deck":["Backflip","Sucker Punch","Deadly Poison","Dagger Throw","Backflip","Quick Slash","Backflip","Underhanded Strike","Bane","Prepared","Dash+1","Catalyst","Reflex","Blur","Underhanded Strike","Poisoned Stab","Setup","Noxious Fumes","All Out Attack","Deadly Poison","Accuracy","Night Terror+1","Leg Sweep","Caltrops+1"],"special_seed":17997,"relics":["Ring of the Snake","FaceOfCleric","Shovel","Dead Branch","Runic Pyramid"],"potions_floor_usage":[8,11,12,18,21],"damage_taken":[{"damage":0,"enemies":"Cultist","floor":1,"turns":3},{"damage":0,"enemies":"Jaw Worm","floor":2,"turns":3},{"damage":0,"enemies":"2 Louse","floor":3,"turns":1},{"damage":9,"enemies":"3 Sentries","floor":7,"turns":6},{"damage":14,"enemies":"Blue Slaver","floor":8,"turns":3},{"damage":1,"enemies":"Gremlin Gang","floor":10,"turns":2},{"damage":0,"enemies":"2 Fungi Beasts","floor":11,"turns":2},{"damage":27,"enemies":"Exordium Thugs","floor":12,"turns":3},{"damage":7,"enemies":"3 Louse","floor":14,"turns":3},{"damage":20,"enemies":"Hexaghost","floor":16,"turns":7},{"damage":39,"enemies":"2 Thieves","floor":18,"turns":5},{"damage":11,"enemies":"Chosen","floor":19,"turns":5},{"damage":28,"enemies":"Shelled Parasite and Fungi","floor":21,"turns":5},{"damage":23,"enemies":"Snecko","floor":22,"turns":3}],"seed_played":"6366022716300994326","potions_obtained":[{"floor":7,"key":"Swift Potion"},{"floor":10,"key":"Poison Potion"},{"floor":11,"key":"Ancient Potion"},{"floor":16,"key":"Dexterity Potion"},{"floor":19,"key":"LiquidBronze"}],"is_trial":false,"path_per_floor":["M","M","M","?","$","R","E","M","T","M","M","M","?","M","R","B",null,"M","M","?","M","M"],"character_chosen":"THE_SILENT","items_purchased":["Noxious Fumes","All Out Attack"],"campfire_rested":1,"item_purchase_floors":[5,5],"current_hp_per_floor":[70,70,70,70,70,70,62,49,49,49,50,24,24,18,40,21,77,39,29,29,2,0],"gold":252,"neow_bonus":"","is_prod":false,"is_daily":true,"chose_seed":false,"campfire_upgraded":1,"win_rate":0,"timestamp":1554972497,"path_taken":["M","M","M","?","$","R","E","M","T","M","?","M","?","M","R","BOSS","M","?","?","M","M"],"build_version":"2019-04-04","purchased_purges":0,"victory":false,"max_hp_per_floor":[70,70,70,70,70,70,71,72,72,73,74,75,75,76,76,77,77,78,79,79,80,80],"card_choices":[{"not_picked":["Underhanded Strike","Prepared"],"picked":"Backflip","floor":0},{"not_picked":["Outmaneuver","Deflect"],"picked":"Sucker Punch","floor":0},{"not_picked":["Outmaneuver","PiercingWail"],"picked":"Deadly Poison","floor":0},{"not_picked":["Tactician","Reflex"],"picked":"Dagger Throw","floor":0},{"not_picked":["Dodge and Roll","Sucker Punch"],"picked":"Backflip","floor":0},{"not_picked":["Outmaneuver","Cloak And Dagger"],"picked":"Quick Slash","floor":0},{"not_picked":["Heel Hook","Dodge and Roll"],"picked":"Backflip","floor":0},{"not_picked":["Sucker Punch","Acrobatics"],"picked":"Underhanded Strike","floor":0},{"not_picked":["Cloak And Dagger","Prepared"],"picked":"Bane","floor":0},{"not_picked":["Dagger Throw","Sucker Punch"],"picked":"Prepared","floor":0},{"not_picked":["Quick Slash","Deadly Poison"],"picked":"Dash","floor":0},{"not_picked":["Heel Hook","PiercingWail"],"picked":"Catalyst","floor":0},{"not_picked":["Bane","Quick Slash"],"picked":"Reflex","floor":0},{"not_picked":["Well Laid Plans","Blade Dance"],"picked":"Blur","floor":0},{"not_picked":["Caltrops","Prepared"],"picked":"Underhanded Strike","floor":0},{"not_picked":["Blade Dance"],"picked":"Terror","floor":1},{"not_picked":["Dodge and Roll"],"picked":"Poisoned Stab","floor":2},{"not_picked":["Predator"],"picked":"Setup","floor":3},{"not_picked":["PiercingWail","Predator"],"picked":"SKIP","floor":7},{"not_picked":["Flying Knee","Dagger Spray"],"picked":"SKIP","floor":8},{"not_picked":["Finisher","Outmaneuver"],"picked":"SKIP","floor":10},{"not_picked":["Grand Finale","Concentrate"],"picked":"SKIP","floor":11},{"not_picked":["Underhanded Strike"],"picked":"Deadly Poison","floor":12},{"not_picked":["Expertise","Cloak And Dagger"],"picked":"SKIP","floor":14},{"not_picked":["Die Die Die"],"picked":"Night Terror","floor":16},{"not_picked":["Caltrops"],"picked":"Leg Sweep","floor":18},{"not_picked":["Underhanded Strike","Slice"],"picked":"SKIP","floor":19},{"not_picked":["Dodge and Roll"],"picked":"Caltrops+1","floor":21}],"player_experience":785165,"relics_obtained":[{"floor":7,"key":"Shovel"},{"floor":9,"key":"Dead Branch"}],"event_choices":[{"damage_healed":0,"gold_gain":0,"player_choice":"Trade","damage_taken":0,"relics_obtained":["FaceOfCleric"],"max_hp_gain":0,"max_hp_loss":0,"event_name":"FaceTrader","floor":4,"gold_loss":0},{"damage_healed":0,"gold_gain":0,"cards_transformed":["Terror"],"player_choice":"Transformed","damage_taken":0,"max_hp_gain":0,"max_hp_loss":0,"event_name":"Transmorgrifier","floor":13,"gold_loss":0,"cards_obtained":["Accuracy"]},{"damage_healed":0,"gold_gain":0,"player_choice":"Upgraded","damage_taken":0,"max_hp_gain":0,"max_hp_loss":0,"event_name":"Upgrade Shrine","floor":20,"gold_loss":0,"cards_upgraded":["Night Terror"]}],"is_beta":true,"boss_relics":[{"not_picked":["WristBlade","Snecko Eye"],"picked":"Runic Pyramid"}],"items_purged_floors":[],"is_endless":false,"potions_floor_spawned":[7,10,11,16,19],"killed_by":"Snecko","ascension_level":0}