{"gold_per_floor":[114,129,129,129,304,334,334,134,209,209,239,254,269,294,294,394,394,409,409,424,42,42,72,87,87,87,117,132,147,147,177,177,277,277,292,567,867,867,882,942,1,16,16,31,31,61,88,115,127,139],"floor_reached":51,"playtime":1280,"items_purged":[],"score":1225,"play_id":"1edd57f9-6ccb-4f5e-9352-5a5a936c9ba1","local_time":"20180914024632","daily_mods":["Heirloom","Cursed Run","Lethality"],"is_ascension_mode":false,"campfire_choices":[{"floor":7,"key":"REST"},{"data":"Dash","floor":10,"key":"SMITH"},{"data":"Normality","floor":15,"key":"PURGE"},{"data":"Blade Dance","floor":25,"key":"SMITH"},{"data":"Choke","floor":30,"key":"SMITH"},{"data":"Choke","floor":32,"key":"SMITH"},{"data":"Panache","floor":45,"key":"SMITH"},{"data":"Mayhem","floor":49,"key":"SMITH"}],"neow_cost":"","seed_source_timestamp":600564637635300,"circlet_count":0,"master_deck":["Defend_G+1","Defend_G","Defend_G","Defend_G+1","Defend_G+1","Strike_G","Strike_G","Strike_G+1","Strike_G","Survivor","Neutralize","Choke+1","Choke+1","After Image","Doubt","Dash+1","Doubt","Dash+1","Blade Dance+1","Bane+1","Clumsy","Corpse Explosion","Bane+1","Shame","Accuracy","Backstab+1","Poisoned Stab+1","Quick Slash+1","Doubt","Finisher+1","Endless Agony+1","Backstab+1","Regret","Night Terror+1","Blade Dance+1","Regret","Mayhem+1","Master of Strategy+1","Panache+1","Backstab+1","Dagger Spray+1","Burst+1","Transmutation+1","Bane+1","Discovery+1","Blade Dance+1","Normality","Glass Knife+1","Parasite"],"special_seed":17788,"relics":["Cursed Key","Darkstone Periapt","Du-Vu Doll","Peace Pipe","Gambling Chip","TwistedFunnel","Molten Egg 2","Bag of Marbles","Bronze Scales","Black Star","Ninja Scroll","Turnip","Ancient Tea Set","Oddly Smooth Stone","Ornamental Fan","Mummified Hand","Singing Bowl","Toxic Egg 2","Matryoshka","Philosopher\u0027s Stone","Tiny Chest","Juzu Bracelet","Lantern","War Paint","TheAbacus","Vajra","The Courier","MawBank","Art of War"],"potions_floor_usage":[6,16,33,33,50,50,50],"damage_taken":[{"damage":0,"enemies":"Jaw Worm","floor":1,"turns":2},{"damage":3,"enemies":"Small Slimes","floor":2,"turns":3},{"damage":21,"enemies":"Lagavulin","floor":6,"turns":4},{"damage":7,"enemies":"Gremlin Nob","floor":11,"turns":3},{"damage":0,"enemies":"Cultist","floor":12,"turns":1},{"damage":0,"enemies":"Looter","floor":13,"turns":1},{"damage":0,"enemies":"Slime Boss","floor":16,"turns":4},{"damage":0,"enemies":"Chosen","floor":18,"turns":1},{"damage":0,"enemies":"Shell Parasite","floor":20,"turns":1},{"damage":8,"enemies":"Book of Stabbing","floor":23,"turns":2},{"damage":0,"enemies":"Chosen and Byrds","floor":24,"turns":1},{"damage":0,"enemies":"Slavers","floor":27,"turns":1},{"damage":0,"enemies":"Cultist and Chosen","floor":28,"turns":1},{"damage":0,"enemies":"Centurion and Healer","floor":29,"turns":1},{"damage":0,"enemies":"Book of Stabbing","floor":31,"turns":1},{"damage":0,"enemies":"Automaton","floor":33,"turns":1},{"damage":0,"enemies":"Orb Walker","floor":35,"turns":1},{"damage":0,"enemies":"3 Darklings","floor":39,"turns":1},{"damage":0,"enemies":"2 Orb Walkers","floor":40,"turns":1},{"damage":0,"enemies":"Sphere and 2 Shapes","floor":42,"turns":1},{"damage":0,"enemies":"Maw","floor":44,"turns":2},{"damage":0,"enemies":"Nemesis","floor":46,"turns":1},{"damage":0,"enemies":"Jaw Worm Horde","floor":47,"turns":1},{"damage":0,"enemies":"Spire Growth","floor":48,"turns":1},{"damage":97,"enemies":"Awakened One","floor":50,"turns":7}],"seed_played":"-5206532275745488686","potions_obtained":[{"floor":2,"key":"SteroidPotion"},{"floor":6,"key":"Ancient Potion"},{"floor":13,"key":"Fire Potion"},{"floor":18,"key":"Regen Potion"},{"floor":24,"key":"Swift Potion"},{"floor":29,"key":"Fire Potion"},{"floor":35,"key":"Poison Potion"},{"floor":39,"key":"EssenceOfSteel"}],"is_trial":false,"path_per_floor":["M","M","?","?","?","E","R","$","T","R","E","M","M","T","R","B",null,"M","?","M","$","?","E","M","R","T","E","M","M","R","E","R","B",null,"M","?","?","?","M","E","$","M","T","M","R","E","M","M","R","B"],"character_chosen":"THE_SILENT","items_purchased":["TwistedFunnel","Backstab+1","Turnip","Lantern","Burst+1","War Paint","Transmutation+1","TheAbacus","Bane+1","Discovery+1"],"campfire_rested":1,"item_purchase_floors":[8,21,21,41,41,41,41,41,41,41],"current_hp_per_floor":[70,67,53,53,59,38,60,60,66,66,59,59,59,65,65,71,94,94,100,100,100,100,92,92,92,98,98,100,100,100,100,100,106,114,114,120,120,110,110,110,110,110,116,116,116,118,120,122,122,46],"gold":151,"neow_bonus":"","is_prod":false,"is_daily":true,"chose_seed":false,"campfire_upgraded":6,"win_rate":0,"timestamp":1536907592,"path_taken":["M","M","?","?","?","E","R","$","T","R","E","M","M","?","R","BOSS","M","?","?","$","?","E","?","R","T","E","M","?","R","E","R","BOSS","M","?","?","?","?","E","$","M","T","M","R","E","M","M","R","BOSS"],"build_version":"2018-09-12","purchased_purges":0,"victory":true,"max_hp_per_floor":[70,70,70,70,76,76,76,76,82,82,82,82,82,88,88,94,94,94,100,100,100,100,100,100,100,106,106,108,108,108,108,108,114,114,114,120,120,120,120,120,120,120,126,126,126,128,130,132,132,138],"card_choices":[{"not_picked":["PiercingWail","Flechettes"],"picked":"Choke","floor":1},{"not_picked":["Sucker Punch","Acrobatics"],"picked":"Choke","floor":2},{"not_picked":["Finisher","Concentrate"],"picked":"Dash","floor":6},{"not_picked":["Leg Sweep","Cloak And Dagger"],"picked":"Dash+1","floor":11},{"not_picked":["Sucker Punch+1","Reflex"],"picked":"Blade Dance","floor":12},{"not_picked":["Reflex","Poisoned Stab+1"],"picked":"Bane+1","floor":13},{"not_picked":["Doppelganger","Envenom"],"picked":"Corpse Explosion","floor":16},{"not_picked":["PiercingWail","Acrobatics"],"picked":"Bane+1","floor":18},{"not_picked":["Dash+1","Dodge and Roll+1"],"picked":"Accuracy","floor":20},{"not_picked":["PiercingWail","Deadly Poison+1"],"picked":"Poisoned Stab+1","floor":23},{"not_picked":["Dodge and Roll","Underhanded Strike+1"],"picked":"Quick Slash+1","floor":24},{"not_picked":["Flying Knee+1","Backstab+1"],"picked":"Finisher+1","floor":27},{"not_picked":["Slice+1","Heel Hook+1","Blade Dance"],"picked":"Singing Bowl","floor":28},{"not_picked":["Dagger Throw+1","Accuracy"],"picked":"Endless Agony+1","floor":29},{"not_picked":["Infinite Blades","Bouncing Flask+1"],"picked":"Backstab+1","floor":31},{"not_picked":["A Thousand Cuts","Die Die Die+1"],"picked":"Night Terror+1","floor":33},{"not_picked":["Deadly Poison+1","Poisoned Stab+1"],"picked":"Blade Dance+1","floor":35},{"not_picked":["Transmutation+1","Blind+1"],"picked":"Mayhem","floor":38},{"not_picked":["Sadistic Nature","Madness+1"],"picked":"Master of Strategy+1","floor":38},{"not_picked":["Thinking Ahead+1","Swift Strike+1"],"picked":"Panache","floor":38},{"not_picked":["Acrobatics+1","Outmaneuver+1"],"picked":"Backstab+1","floor":39},{"not_picked":["Quick Slash+1","Slice+1"],"picked":"Dagger Spray+1","floor":40},{"not_picked":["Flying Knee+1","All Out Attack+1"],"picked":"Blade Dance+1","floor":42},{"not_picked":["Cloak And Dagger+1","Choke+1"],"picked":"Glass Knife+1","floor":44},{"not_picked":["Infinite Blades+1","Expertise+1","Dagger Spray+1"],"picked":"Singing Bowl","floor":46},{"not_picked":["Dagger Spray+1","Cloak And Dagger+1","Eviscerate+1"],"picked":"Singing Bowl","floor":47},{"not_picked":["Skewer+1","Finisher+1","Leg Sweep+1"],"picked":"Singing Bowl","floor":48}],"player_experience":660882,"relics_obtained":[{"floor":6,"key":"Gambling Chip"},{"floor":9,"key":"Molten Egg 2"},{"floor":11,"key":"Bag of Marbles"},{"floor":14,"key":"Bronze Scales"},{"floor":23,"key":"Ancient Tea Set"},{"floor":23,"key":"Oddly Smooth Stone"},{"floor":26,"key":"Ornamental Fan"},{"floor":27,"key":"Mummified Hand"},{"floor":27,"key":"Singing Bowl"},{"floor":31,"key":"Toxic Egg 2"},{"floor":31,"key":"Matryoshka"},{"floor":40,"key":"Tiny Chest"},{"floor":40,"key":"Juzu Bracelet"},{"floor":43,"key":"Vajra"},{"floor":43,"key":"The Courier"},{"floor":46,"key":"MawBank"},{"floor":46,"key":"Art of War"}],"event_choices":[{"event_name":"Shining Light","player_choice":"Entered Light","floor":3,"damage_taken":0},{"event_name":"Transmorgrifier","player_choice":"Transform","floor":4,"damage_taken":0},{"event_name":"Liars Game","player_choice":"agreed","floor":5,"damage_taken":0},{"event_name":"Addict","player_choice":"Stole Relic","floor":19,"damage_taken":0},{"event_name":"Beggar","player_choice":"Ignored","floor":22,"damage_taken":0},{"event_name":"Golden Shrine","player_choice":"Desecrate","floor":36,"damage_taken":0},{"event_name":"Wheel of Change","player_choice":"Gold","floor":37,"damage_taken":0},{"event_name":"SensoryStone","player_choice":"Memory 3","floor":38,"damage_taken":0}],"is_beta":true,"boss_relics":[{"not_picked":["Runic Dome","Tiny House"],"picked":"Black Star"},{"not_picked":["Velvet Choker","Lizard Tail"],"picked":"Philosopher\u0027s Stone"}],"items_purged_floors":[],"is_endless":false,"potions_floor_spawned":[2,6,13,18,24,28,29,31,35,39,44],"ascension_level":0}