{"path_per_floor":["M","?","M","?","M","R","?","E","T","R","$","E","R","E","R","B",null,"M","M","?","M","M","R","M"],"character_chosen":"IRONCLAD","items_purchased":["Gremlin Horn"],"gold_per_floor":[113,113,136,136,150,150,150,220,267,267,17,51,51,84,84,210,210,234,255,255,274,298,298,322,322],"floor_reached":25,"campfire_rested":3,"playtime":2047,"item_purchase_floors":[11],"current_hp_per_floor":[80,60,66,50,56,80,80,58,58,58,58,61,61,46,80,16,80,53,46,46,49,40,79,31,0],"items_purged":[],"gold":322,"score":243,"play_id":"6cbb8e77-d834-481b-83a7-140e5c61ee55","local_time":"20180604133126","is_prod":false,"is_daily":false,"chose_seed":false,"is_ascension_mode":true,"campfire_upgraded":2,"win_rate":0,"timestamp":1528133486,"campfire_choices":[{"floor":6,"key":"REST"},{"data":"Inflame","floor":10,"key":"SMITH"},{"data":"Wild Strike","floor":13,"key":"SMITH"},{"floor":15,"key":"REST"},{"floor":23,"key":"REST"}],"path_taken":["M","?","M","?","?","R","?","E","T","R","?","E","R","E","R","BOSS","M","M","?","M","M","R","?","E"],"build_version":"2018-05-30v2","seed_source_timestamp":0,"purchased_purges":0,"victory":false,"master_deck":["Strike_R","Strike_R","Strike_R+1","Strike_R","Strike_R","Defend_R","Defend_R","Defend_R","Defend_R","Bash+1","Shrug It Off","Pummel+1","Armaments","Inflame+1","Wild Strike+1","Battle Trance","Fiend Fire","Hemokinesis","Immolate","Immolate"],"max_hp_per_floor":[80,80,80,80,80,80,80,80,80,80,80,80,80,80,80,80,80,80,80,80,80,80,80,80,80],"relics":["Burning Blood","Golden Idol","Tiny Chest","Bag of Preparation","Gremlin Horn","Regal Pillow","Matryoshka","Snecko Eye"],"card_choices":[{"not_picked":["Sword Boomerang","Reckless Charge"],"picked":"Shrug It Off","floor":1},{"not_picked":["Rupture","Metallicize"],"picked":"Pummel","floor":3},{"not_picked":["Thunderclap","Power Through"],"picked":"Armaments","floor":5},{"not_picked":["Thunderclap","Body Slam"],"picked":"Inflame","floor":8},{"not_picked":["Shockwave","Heavy Blade"],"picked":"Wild Strike","floor":12},{"not_picked":["Cleave","Body Slam"],"picked":"Battle Trance","floor":14},{"not_picked":["Juggernaut","Impervious"],"picked":"Fiend Fire","floor":16},{"not_picked":["Havoc+1","Armaments"],"picked":"Hemokinesis","floor":18},{"not_picked":["Sword Boomerang","Bloodletting+1","Iron Wave"],"picked":"SKIP","floor":19},{"not_picked":["Pommel Strike+1","Searing Blow"],"picked":"Immolate","floor":21},{"not_picked":["Hemokinesis","Evolve","Iron Wave"],"picked":"SKIP","floor":22},{"not_picked":["Twin Strike+1","Evolve","Reckless Charge"],"picked":"SKIP","floor":24}],"player_experience":331027,"potions_floor_usage":[12,14,16,22,24],"damage_taken":[{"damage":1.0,"enemies":"Cultist","floor":1.0,"turns":4.0},{"damage":0,"enemies":"2 Louse","floor":3,"turns":4},{"damage":0,"enemies":"Small Slimes","floor":5,"turns":4},{"damage":28,"enemies":"Gremlin Nob","floor":8,"turns":4},{"damage":3,"enemies":"3 Sentries","floor":12,"turns":8},{"damage":21,"enemies":"Lagavulin","floor":14,"turns":5},{"damage":70,"enemies":"Hexaghost","floor":16,"turns":13},{"damage":33,"enemies":"2 Thieves","floor":18,"turns":3},{"damage":13,"enemies":"Shell Parasite","floor":19,"turns":4},{"damage":3,"enemies":"Snecko","floor":21,"turns":2},{"damage":15,"enemies":"Cultist and Chosen","floor":22,"turns":3},{"damage":54,"enemies":"Slaver and Parasite","floor":24,"turns":5},{"damage":46,"enemies":"Book of Stabbing","floor":25,"turns":3}],"relics_obtained":[{"floor":8,"key":"Tiny Chest"},{"floor":9,"key":"Bag of Preparation"},{"floor":12,"key":"Regal Pillow"},{"floor":14,"key":"Matryoshka"}],"event_choices":[{"event_name":"Golden Idol","player_choice":"Take Damage","floor":2,"damage_taken":0},{"event_name":"Shining Light","player_choice":"Entered Light","floor":4,"damage_taken":0},{"event_name":"Living Wall","player_choice":"Grow","floor":7,"damage_taken":0},{"event_name":"The Library","player_choice":"Read","floor":20,"damage_taken":0}],"boss_relics":[{"not_picked":["Lizard Tail","Pandora\u0027s Box"],"picked":"Snecko Eye"}],"items_purged_floors":[],"potions_floor_spawned":[3,8,14,21,22],"seed_played":"8059497674199705269","killed_by":"Book of Stabbing","ascension_level":2,"potions_obtained":[{"floor":3,"key":"Energy Potion"},{"floor":8,"key":"Weak Potion"},{"floor":14,"key":"PowerPotion"},{"floor":21,"key":"Weak Potion"},{"floor":22,"key":"SteroidPotion"}],"is_trial":false}