{"gold_per_floor":[115,129,129,149,165,165,194,194,194,194,209,235,255,255],"floor_reached":14,"playtime":459,"items_purged":[],"score":204,"play_id":"e03d2d3a-789c-4993-9df3-1a358b540762","local_time":"20190426222203","is_ascension_mode":true,"campfire_choices":[{"data":"Deadly Poison","floor":6,"key":"SMITH"},{"data":"Footwork","floor":8,"key":"SMITH"}],"neow_cost":"NONE","seed_source_timestamp":790904613409999,"circlet_count":0,"master_deck":["AscendersBane","Defend_G","Defend_G","Defend_G","Defend_G","Defend_G","Strike_G","Strike_G","Strike_G","Strike_G","Survivor","Neutralize+1","Deadly Poison+1","Dagger Throw","Dagger Throw","Footwork+1","Tactician"],"relics":["Ring of the Snake","Blood Vial","Happy Flower","Darkstone Periapt"],"potions_floor_usage":[14,14],"damage_taken":[{"damage":5,"enemies":"Jaw Worm","floor":1,"turns":6},{"damage":0,"enemies":"Cultist","floor":2,"turns":4},{"damage":9,"enemies":"Small Slimes","floor":4,"turns":4},{"damage":1,"enemies":"3 Louse","floor":5,"turns":3},{"damage":19,"enemies":"Gremlin Nob","floor":7,"turns":4},{"damage":2,"enemies":"Red Slaver","floor":11,"turns":4},{"damage":16,"enemies":"3 Sentries","floor":12,"turns":9},{"damage":0,"enemies":"Blue Slaver","floor":13,"turns":4},{"damage":16,"enemies":"Gremlin Nob","floor":14,"turns":4}],"seed_played":"8726108975656281221","potions_obtained":[{"floor":2,"key":"Dexterity Potion"},{"floor":4,"key":"Block Potion"},{"floor":12,"key":"Block Potion"}],"is_trial":false,"path_per_floor":["M","M","?","M","M","R","E","R","T","?","M","E","M","E"],"character_chosen":"THE_SILENT","items_purchased":[],"campfire_rested":0,"item_purchase_floors":[],"current_hp_per_floor":[60,60,60,51,50,50,31,31,31,24,24,10,12,0],"gold":255,"neow_bonus":"TEN_PERCENT_HP_BONUS","is_prod":false,"is_daily":false,"chose_seed":false,"campfire_upgraded":2,"win_rate":0,"timestamp":1556342523,"path_taken":["M","M","?","M","?","R","E","R","T","?","M","E","M","E"],"build_version":"2019-01-23","purchased_purges":0,"victory":false,"max_hp_per_floor":[72,72,72,72,72,72,72,72,72,72,72,72,72,72],"card_choices":[{"not_picked":["Accuracy","PiercingWail"],"picked":"Deadly Poison","floor":1},{"not_picked":["All Out Attack","Outmaneuver"],"picked":"Dagger Throw","floor":2},{"not_picked":["Outmaneuver","Tactician"],"picked":"Dagger Throw","floor":4},{"not_picked":["Quick Slash","Bane","Sucker Punch"],"picked":"SKIP","floor":5},{"not_picked":["Outmaneuver","Backflip"],"picked":"Footwork","floor":7},{"not_picked":["Bane","Dagger Spray","Outmaneuver"],"picked":"SKIP","floor":11},{"not_picked":["Skewer","Quick Slash","Dagger Throw"],"picked":"SKIP","floor":12},{"not_picked":["Venomology","Blade Dance"],"picked":"Tactician","floor":13}],"player_experience":704514,"relics_obtained":[{"floor":7,"key":"Blood Vial"},{"floor":9,"key":"Happy Flower"},{"floor":12,"key":"Darkstone Periapt"}],"event_choices":[{"damage_healed":0,"gold_gain":0,"player_choice":"Upgraded","damage_taken":0,"max_hp_gain":0,"max_hp_loss":0,"event_name":"Upgrade Shrine","floor":3,"gold_loss":0,"cards_upgraded":["Neutralize"]},{"cards_removed":["Strike_G"],"damage_healed":0,"gold_gain":0,"player_choice":"Card Removal","damage_taken":7,"max_hp_gain":0,"max_hp_loss":0,"event_name":"Golden Wing","floor":10,"gold_loss":0}],"is_beta":false,"boss_relics":[],"items_purged_floors":[],"is_endless":false,"potions_floor_spawned":[2,4,12,13],"killed_by":"Gremlin Nob","ascension_level":20}