{"gold_per_floor":[114,133,148,148,148,148,165,180,258,258,258,258,291,308,308,381,381,397,414,429,445,34,34,69,69,69,87,87,98,109,123,123,200,200,213,213,231,27,76,76,111,111,111,11,11,11,11,25,25,25,25],"floor_reached":52,"playtime":1533,"items_purged":["Strike_R","Writhe"],"score":1833,"play_id":"72f45eb7-25b5-452e-b5eb-7e5e1662ac56","local_time":"20181104111923","is_ascension_mode":true,"campfire_choices":[{"data":"Sword Boomerang","floor":6.0,"key":"SMITH"},{"floor":10.0,"key":"REST"},{"data":"Fiend Fire","floor":12.0,"key":"SMITH"},{"data":"Whirlwind","floor":15.0,"key":"SMITH"},{"data":"True Grit","floor":23.0,"key":"SMITH"},{"floor":32.0,"key":"REST"},{"floor":40.0,"key":"REST"},{"data":"Demon Form","floor":42.0,"key":"SMITH"},{"data":"Writhe","floor":45.0,"key":"PURGE"},{"data":"Strike_R","floor":47.0,"key":"PURGE"},{"data":"Strike_R","floor":49.0,"key":"PURGE"}],"neow_cost":"NONE","seed_source_timestamp":2117271393639207,"circlet_count":0,"master_deck":["AscendersBane","Strike_R","Strike_R","Defend_R","Defend_R+1","Defend_R","Defend_R","Bash+1","Twin Strike","Sword Boomerang+1","Whirlwind+1","Fiend Fire+1","Shrug It Off","Offering","Feed","Feel No Pain","True Grit","Shockwave","True Grit+1","Demon Form+1","Burning Pact","True Grit+1","Armaments","Juggernaut","Dual Wield+1","Impervious","Ghostly Armor","Disarm","Feel No Pain+1"],"special_seed":0,"relics":["Burning Blood","Boot","Mango","Shuriken","Bag of Marbles","Snecko Eye","Oddly Smooth Stone","Bronze Scales","MutagenicStrength","Gremlin Horn","Cursed Key","Charon\u0027s Ashes","War Paint","Peace Pipe"],"potions_floor_usage":[51,51],"damage_taken":[{"damage":5.0,"enemies":"Small Slimes","floor":1.0,"turns":3.0},{"damage":7.0,"enemies":"Cultist","floor":2.0,"turns":4.0},{"damage":8.0,"enemies":"2 Louse","floor":3.0,"turns":3.0},{"damage":21.0,"enemies":"Gremlin Gang","floor":7.0,"turns":5.0},{"damage":4.0,"enemies":"Exordium Thugs","floor":8.0,"turns":4.0},{"damage":0.0,"enemies":"Gremlin Nob","floor":13.0,"turns":2.0},{"damage":11.0,"enemies":"Large Slime","floor":14.0,"turns":2.0},{"damage":45.0,"enemies":"The Guardian","floor":16.0,"turns":9.0},{"damage":0.0,"enemies":"Spheric Guardian","floor":18.0,"turns":2.0},{"damage":22.0,"enemies":"Shell Parasite","floor":19.0,"turns":2.0},{"damage":15.0,"enemies":"Snake Plant","floor":20.0,"turns":3.0},{"damage":6.0,"enemies":"Chosen and Byrds","floor":21.0,"turns":4.0},{"damage":21.0,"enemies":"Gremlin Leader","floor":24.0,"turns":4.0},{"damage":20.0,"enemies":"Centurion and Healer","floor":27.0,"turns":2.0},{"damage":0.0,"enemies":"3 Cultists","floor":29.0,"turns":2.0},{"damage":14.0,"enemies":"Snake Plant","floor":30.0,"turns":3.0},{"damage":10.0,"enemies":"Centurion and Healer","floor":31.0,"turns":4.0},{"damage":48.0,"enemies":"Collector","floor":33.0,"turns":6.0},{"damage":22.0,"enemies":"Orb Walker","floor":35.0,"turns":3.0},{"damage":6.0,"enemies":"3 Shapes","floor":37.0,"turns":5.0},{"damage":25.0,"enemies":"2 Orb Walkers","floor":39.0,"turns":3.0},{"damage":20.0,"enemies":"Reptomancer","floor":41.0,"turns":6.0},{"damage":6.0,"enemies":"Spire Growth","floor":48.0,"turns":3.0},{"damage":64,"enemies":"Awakened One","floor":50,"turns":9},{"damage":15,"enemies":"Time Eater","floor":51,"turns":5}],"seed_played":"-7478353265838857980","potions_obtained":[{"floor":7.0,"key":"Swift Potion"},{"floor":8.0,"key":"Fire Potion"},{"floor":13.0,"key":"Weak Potion"},{"floor":21.0,"key":"SkillPotion"},{"floor":24.0,"key":"LiquidBronze"},{"floor":29.0,"key":"Strength Potion"},{"floor":33.0,"key":"Dexterity Potion"},{"floor":35.0,"key":"LiquidBronze"}],"is_trial":false,"path_per_floor":["M","M","M","?","?","R","M","M","T","R","?","R","E","M","R","B",null,"M","M","M","M","$","R","E","?","T","M","?","M","M","M","M","R","B",null,"M","?","M","$","?","R","E","R","T","$","R","$","R","M","R","B","B",null],"character_chosen":"IRONCLAD","items_purchased":["Oddly Smooth Stone","True Grit","Demon Form","Impervious","Ghostly Armor"],"campfire_rested":3,"item_purchase_floors":[22,22,22,38,38],"current_hp_per_floor":[69,68,66,35,35,35,20,22,22,48,48,48,54,49,49,10,69,75,59,50,53,53,53,38,38,38,27,27,33,25,21,49,7,73,57,76,79,79,63,93,79,79,79,79,79,79,79,79,79,24,15],"gold":25,"neow_bonus":"RANDOM_COMMON_RELIC","is_prod":false,"is_daily":false,"chose_seed":false,"campfire_upgraded":5,"win_rate":0,"timestamp":1541355563,"path_taken":["M","M","M","?","?","R","?","M","T","R","?","R","E","M","R","BOSS","M","?","?","M","$","R","E","?","T","M","?","M","M","M","R","BOSS","M","?","M","$","?","R","E","R","T","$","R","?","R","?","R","BOSS","BOSS"],"build_version":"2018-11-01","purchased_purges":2,"victory":true,"max_hp_per_floor":[75,75,75,89,89,89,89,89,89,89,89,89,89,89,89,89,89,89,89,89,92,92,92,92,92,92,95,95,95,95,95,95,95,95,95,95,98,98,101,101,101,101,101,101,101,101,101,101,101,104,104],"card_choices":[{"not_picked":["Perfected Strike","Shockwave"],"picked":"Twin Strike","floor":1.0},{"not_picked":["Fire Breathing","Intimidate"],"picked":"Sword Boomerang","floor":2.0},{"not_picked":["Flex","Wild Strike","Clash"],"picked":"SKIP","floor":3.0},{"not_picked":["Entrench","Second Wind"],"picked":"Whirlwind","floor":7.0},{"not_picked":["Hemokinesis","Body Slam"],"picked":"Fiend Fire","floor":8.0},{"not_picked":["Reckless Charge","Flex"],"picked":"Offering","floor":13.0},{"not_picked":["Havoc","Body Slam","Wild Strike"],"picked":"SKIP","floor":14.0},{"not_picked":["Dark Embrace","Offering"],"picked":"Feed","floor":16.0},{"not_picked":["Flex","Heavy Blade"],"picked":"Feel No Pain","floor":18.0},{"not_picked":["Warcry","Wild Strike"],"picked":"True Grit","floor":19.0},{"not_picked":["Warcry","Clash"],"picked":"Shockwave","floor":20.0},{"not_picked":["Thunderclap","Clash","Flex"],"picked":"SKIP","floor":21.0},{"not_picked":["Ghostly Armor","Headbutt+1"],"picked":"Burning Pact","floor":24.0},{"not_picked":["Immolate","Thunderclap","Sword Boomerang+1"],"picked":"SKIP","floor":27.0},{"not_picked":["Iron Wave","Thunderclap","Pommel Strike"],"picked":"SKIP","floor":29.0},{"not_picked":["Headbutt","Reckless Charge"],"picked":"True Grit","floor":30.0},{"not_picked":["Fire Breathing","Warcry"],"picked":"Armaments","floor":31.0},{"not_picked":["Demon Form","Brutality"],"picked":"Juggernaut","floor":33.0},{"not_picked":["Rage","Pommel Strike+1","Dropkick"],"picked":"SKIP","floor":35.0},{"not_picked":["Rupture+1","Flex"],"picked":"Dual Wield+1","floor":37.0},{"not_picked":["Thunderclap","Fire Breathing"],"picked":"Disarm","floor":39.0},{"not_picked":["Disarm","Pommel Strike"],"picked":"Feel No Pain+1","floor":41.0},{"not_picked":["Twin Strike","Hemokinesis","Clash"],"picked":"SKIP","floor":48.0}],"player_experience":585602,"relics_obtained":[{"floor":9.0,"key":"Shuriken"},{"floor":13.0,"key":"Bag of Marbles"},{"floor":24.0,"key":"Bronze Scales"},{"floor":26.0,"key":"Gremlin Horn"},{"floor":39.0,"key":"Charon\u0027s Ashes"},{"floor":41.0,"key":"War Paint"},{"floor":43.0,"key":"Peace Pipe"}],"event_choices":[{"damage_healed":0.0,"max_hp_gain":0.0,"max_hp_loss":0.0,"gold_gain":0.0,"event_name":"Scrap Ooze","player_choice":"Success","floor":4.0,"gold_loss":0.0,"damage_taken":45.0,"relics_obtained":["Mango"]},{"damage_healed":0.0,"max_hp_gain":0.0,"max_hp_loss":0.0,"gold_gain":0.0,"event_name":"Accursed Blacksmith","player_choice":"Forge","floor":5.0,"gold_loss":0.0,"damage_taken":0.0,"cards_upgraded":["Bash"]},{"damage_healed":0.0,"max_hp_gain":0.0,"max_hp_loss":0.0,"gold_gain":0.0,"event_name":"Match and Keep!","player_choice":"1 cards matched","floor":11.0,"gold_loss":0.0,"damage_taken":0.0,"cards_obtained":["Shrug It Off"]},{"damage_healed":0.0,"max_hp_gain":0.0,"max_hp_loss":0.0,"gold_gain":0.0,"event_name":"Drug Dealer","player_choice":"Inject Mutagens","floor":25.0,"gold_loss":0.0,"damage_taken":0.0,"relics_obtained":["MutagenicStrength"]},{"damage_healed":0.0,"max_hp_gain":0.0,"max_hp_loss":0.0,"gold_gain":0.0,"event_name":"FaceTrader","player_choice":"Leave","floor":28.0,"gold_loss":0.0,"damage_taken":0.0},{"damage_healed":19.0,"max_hp_gain":0.0,"max_hp_loss":0.0,"gold_gain":0.0,"event_name":"Winding Halls","player_choice":"Writhe","floor":36.0,"gold_loss":0.0,"damage_taken":0.0,"cards_obtained":["Writhe"]},{"damage_healed":0.0,"max_hp_gain":0.0,"max_hp_loss":0.0,"gold_gain":0.0,"event_name":"Mysterious Sphere","player_choice":"Fight","floor":39.0,"gold_loss":0.0,"damage_taken":0.0}],"is_beta":false,"boss_relics":[{"not_picked":["Black Star","Pandora\u0027s Box"],"picked":"Snecko Eye"},{"not_picked":["Empty Cage","Black Blood"],"picked":"Cursed Key"}],"items_purged_floors":[22,44],"is_endless":false,"potions_floor_spawned":[7,8,13,14,21,24,29,30,31,33,35,37,41],"ascension_level":20}