{"gold_per_floor":[119,129,129,140,159,191,191,201,227,227,66,97,40,75,75,146,146,166,183,202,72,72,72,102,102,102,120,45,45,45,60,60,138,138,155,172,189,189,202,202,234,234,234,54,54,69,13,30,30,30],"floor_reached":51,"playtime":2697,"items_purged":["Defend_B","Strike_B","Decay"],"score":1555,"play_id":"46b4493c-7cd6-4d1e-971e-cbfa43c32993","local_time":"20190417223949","is_ascension_mode":true,"campfire_choices":[{"data":"Zap","floor":7.0,"key":"SMITH"},{"data":"Dualcast","floor":10.0,"key":"SMITH"},{"data":"Gash","floor":15.0,"key":"SMITH"},{"data":"Ghostly","floor":23,"key":"SMITH"},{"data":"Ghostly","floor":25,"key":"SMITH"},{"data":"Ghostly","floor":29,"key":"SMITH"},{"data":"FTL","floor":32,"key":"SMITH"},{"data":"Gash","floor":40,"key":"SMITH"},{"data":"Go for the Eyes","floor":42,"key":"SMITH"},{"data":"FTL","floor":49,"key":"SMITH"}],"neow_cost":"NONE","seed_source_timestamp":353074076624869,"circlet_count":0,"master_deck":["AscendersBane","Strike_B+1","Defend_B","Defend_B","Defend_B","Zap+1","Dualcast+1","Sweeping Beam","Go for the Eyes+1","Leap","Ball Lightning+1","Gash+1","FTL+1","Hologram","All For One","Leap","Scrape+1","Rebound","Ghostly+1","Ghostly+1","Ghostly+1","White Noise+1","Gash+1","Hologram+1","FTL+1"],"special_seed":0,"relics":["Runic Pyramid","Pen Nib","Vajra","Oddly Smooth Stone","Art of War","Coffee Dripper","Nunchaku","Whetstone","Shuriken","Cursed Key","Kunai","Meat on the Bone"],"potions_floor_usage":[16,18,19,20,39,41,41,50,50],"damage_taken":[{"damage":0.0,"enemies":"2 Louse","floor":1.0,"turns":3.0},{"damage":3.0,"enemies":"Cultist","floor":2.0,"turns":5.0},{"damage":4.0,"enemies":"Jaw Worm","floor":4.0,"turns":5.0},{"damage":10.0,"enemies":"Red Slaver","floor":5.0,"turns":5.0},{"damage":46.0,"enemies":"Gremlin Nob","floor":6.0,"turns":5.0},{"damage":3.0,"enemies":"Looter","floor":8.0,"turns":3.0},{"damage":2.0,"enemies":"Lagavulin","floor":12.0,"turns":5.0},{"damage":2.0,"enemies":"Gremlin Nob","floor":14.0,"turns":3.0},{"damage":0,"enemies":"Hexaghost","floor":16,"turns":7},{"damage":2,"enemies":"3 Byrds","floor":18,"turns":3},{"damage":16,"enemies":"2 Thieves","floor":19,"turns":3},{"damage":20,"enemies":"Centurion and Healer","floor":20,"turns":4},{"damage":1,"enemies":"Book of Stabbing","floor":24,"turns":5},{"damage":1,"enemies":"Shelled Parasite and Fungi","floor":27,"turns":2},{"damage":0,"enemies":"3 Cultists","floor":31,"turns":4},{"damage":0,"enemies":"Automaton","floor":33,"turns":6},{"damage":0,"enemies":"3 Shapes","floor":35,"turns":3},{"damage":0,"enemies":"Orb Walker","floor":36,"turns":3},{"damage":0,"enemies":"Jaw Worm Horde","floor":37,"turns":4},{"damage":0,"enemies":"Spire Growth","floor":39,"turns":3},{"damage":0,"enemies":"Reptomancer","floor":41,"turns":5},{"damage":0,"enemies":"4 Shapes","floor":46,"turns":4},{"damage":0,"enemies":"Sphere and 2 Shapes","floor":48,"turns":4},{"damage":9,"enemies":"Awakened One","floor":50,"turns":11}],"seed_played":"-2988444184340842801","potions_obtained":[{"floor":2.0,"key":"Regen Potion"},{"floor":4.0,"key":"Poison Potion"},{"floor":14.0,"key":"LiquidBronze"},{"floor":16,"key":"Fire Potion"},{"floor":19,"key":"EssenceOfSteel"},{"floor":24,"key":"Swift Potion"},{"floor":33,"key":"Swift Potion"},{"floor":39,"key":"Strength Potion"},{"floor":41,"key":"PowerPotion"}],"is_trial":false,"path_per_floor":["M","M","?","M","M","E","R","M","T","R","$","E","$","E","R","B",null,"M","M","M","$","?","R","E","R","T","M","?","R","T","M","R","B",null,"M","M","M","?","M","R","E","R","T","$","?","M","$","M","R","B",null],"character_chosen":"DEFECT","items_purchased":["FTL","Fire Potion","Rebound","Strength Potion","SpeedPotion"],"campfire_rested":0,"item_purchase_floors":[11,13,21,44,47],"current_hp_per_floor":[64,61,61,57,61,15,15,12,12,12,12,10,10,8,8,8,55,53,37,17,17,17,17,16,16,16,15,15,15,15,15,15,15,30,30,30,30,30,30,30,30,30,30,30,30,30,30,30,30,21],"gold":30,"neow_bonus":"BOSS_RELIC","is_prod":false,"is_daily":false,"chose_seed":false,"campfire_upgraded":10,"win_rate":0,"timestamp":1555533589,"path_taken":["M","M","?","M","M","E","R","M","T","R","$","E","$","E","R","BOSS","M","M","M","$","?","R","E","R","T","M","?","R","?","?","R","BOSS","M","M","M","?","M","R","E","R","T","$","?","M","$","M","R","BOSS"],"build_version":"2019-01-23","purchased_purges":3,"victory":true,"max_hp_per_floor":[71,71,71,71,71,71,71,71,71,71,71,71,71,71,71,71,71,71,71,71,71,35,35,35,35,35,35,35,35,35,35,35,35,35,35,35,35,35,35,35,35,35,35,35,35,35,35,35,35,35],"card_choices":[{"not_picked":["Barrage","Compile Driver"],"picked":"Sweeping Beam","floor":1.0},{"not_picked":["Stack","Rebound","Beam Cell"],"picked":"SKIP","floor":2.0},{"not_picked":["Steam","Turbo"],"picked":"Go for the Eyes","floor":4.0},{"not_picked":["Hologram","Go for the Eyes"],"picked":"Leap","floor":5.0},{"not_picked":["Sweeping Beam","Steam"],"picked":"Ball Lightning","floor":6.0},{"not_picked":["Recycle","Scrape"],"picked":"Gash","floor":8.0},{"not_picked":["White Noise","Melter","Barrage"],"picked":"SKIP","floor":12.0},{"not_picked":["BootSequence","Fission"],"picked":"Hologram","floor":14.0},{"not_picked":["Hyperbeam","Electrodynamics"],"picked":"All For One","floor":16},{"not_picked":["Sweeping Beam","Compile Driver","Barrage"],"picked":"SKIP","floor":18},{"not_picked":["Steam Power","Streamline"],"picked":"Leap","floor":19},{"not_picked":["Hologram","Loop"],"picked":"Scrape+1","floor":20},{"not_picked":["Coolheaded","Sunder+1","Sweeping Beam"],"picked":"SKIP","floor":24},{"not_picked":["Leap","Lockon","Conserve Battery"],"picked":"SKIP","floor":27},{"not_picked":["Cold Snap","Stack","Skim"],"picked":"SKIP","floor":31},{"not_picked":["Meteor Strike","Creative AI"],"picked":"Core Surge","floor":33},{"not_picked":["Ball Lightning","Loop+1"],"picked":"White Noise+1","floor":35},{"not_picked":["Storm","Double Energy","Rebound"],"picked":"SKIP","floor":36},{"not_picked":["Stack+1","Coolheaded","Aggregate+1"],"picked":"SKIP","floor":37},{"not_picked":["Leap","Ball Lightning"],"picked":"Gash","floor":39},{"not_picked":["Hello World","Machine Learning"],"picked":"Hologram+1","floor":41},{"not_picked":["Storm","Streamline"],"picked":"FTL","floor":46},{"not_picked":["Turbo+1","Melter","Lockon+1"],"picked":"SKIP","floor":48}],"player_experience":539799,"relics_obtained":[{"floor":6.0,"key":"Pen Nib"},{"floor":9.0,"key":"Vajra"},{"floor":12.0,"key":"Oddly Smooth Stone"},{"floor":14.0,"key":"Art of War"},{"floor":24,"key":"Nunchaku"},{"floor":26,"key":"Whetstone"},{"floor":30,"key":"Shuriken"},{"floor":41,"key":"Kunai"},{"floor":43,"key":"Meat on the Bone"}],"event_choices":[{"cards_removed":["Strike_B"],"damage_healed":0.0,"max_hp_gain":0.0,"max_hp_loss":0.0,"gold_gain":0.0,"event_name":"Bonfire Elementals","player_choice":"Offered Basic","floor":3.0,"gold_loss":0.0,"damage_taken":0.0},{"damage_healed":0,"gold_gain":0,"player_choice":"Became a Ghost","damage_taken":0,"max_hp_gain":0,"max_hp_loss":36,"event_name":"Ghosts","floor":22,"gold_loss":0,"cards_obtained":["Ghostly","Ghostly","Ghostly"]},{"cards_removed":["Strike_B"],"damage_healed":0,"gold_gain":0,"player_choice":"Gave Gold","damage_taken":0,"max_hp_gain":0,"max_hp_loss":0,"event_name":"Beggar","floor":28,"gold_loss":75},{"damage_healed":0,"gold_gain":0,"player_choice":"Ignored","damage_taken":0,"max_hp_gain":0,"max_hp_loss":0,"event_name":"Tomb of Lord Red Mask","floor":38,"gold_loss":0},{"cards_removed":["Core Surge"],"damage_healed":0,"gold_gain":0,"player_choice":"Removed Attack","damage_taken":0,"max_hp_gain":0,"max_hp_loss":0,"event_name":"Falling","floor":45,"gold_loss":0}],"is_beta":false,"boss_relics":[{"not_picked":["Lizard Tail","Philosopher\u0027s Stone"],"picked":"Coffee Dripper"},{"not_picked":["Velvet Choker","Black Star"],"picked":"Cursed Key"}],"items_purged_floors":[11,21,44],"is_endless":false,"potions_floor_spawned":[2,4,14,16,19,24,33,39,41],"ascension_level":18}