{"gold_per_floor":[113,127,127,127,302,302,321,340,367,317,4,25,52,69,69,166,166,183,194,294,307,222,222,236,246,316,316,316,348,273,286,286,389,389,407,11,0,0,0,25,25,25,25,58,58,69,86,125,125,125],"floor_reached":50,"playtime":2276,"items_purged":[],"score":665,"play_id":"bc9d1204-ce10-4607-86f9-691befbc8fc0","local_time":"20190416042048","is_ascension_mode":true,"campfire_choices":[{"data":"Defragment","floor":6,"key":"SMITH"},{"floor":15,"key":"REST"},{"floor":23,"key":"REST"},{"floor":28,"key":"REST"},{"floor":32,"key":"REST"},{"data":"Echo Form","floor":42,"key":"SMITH"},{"data":"HandOfGreed","floor":49,"key":"SMITH"}],"neow_cost":"NONE","seed_source_timestamp":55552083485600,"circlet_count":0,"master_deck":["Zap+1","Dualcast+1","Ball Lightning","Defragment+1","Conserve Battery","Undo","Gash","Streamline","Defragment","Buffer","Meteor Strike","Cold Snap+1","Fusion+1","Conserve Battery+1","Compile Driver+1","Melter+1","Cold Snap+1","All For One","Echo Form+1","Scrape","Sunder","BootSequence","Loop","Consume","Buffer","Consume+1","HandOfGreed+1","Dramatic Entrance","Bandage Up","Mind Blast","Chill+1","Leap+1","Capacitor","Consume+1","Turbo+1","Buffer"],"relics":["Cracked Core","Torii","Bag of Preparation","Pear","Odd Mushroom","Lantern","Inserter","Emotion Chip","Mercury Hourglass","Omamori","Letter Opener","Strawberry","Pandora\u0027s Box","Lee\u0027s Waffle","Red Mask","Ornamental Fan","Thread and Needle"],"potions_floor_usage":[7,13,16,18,25,25,29,31,40,47,47],"damage_taken":[{"damage":0,"enemies":"Cultist","floor":1,"turns":3},{"damage":0,"enemies":"Small Slimes","floor":2,"turns":2},{"damage":1,"enemies":"2 Louse","floor":7,"turns":2},{"damage":0,"enemies":"2 Fungi Beasts","floor":8,"turns":2},{"damage":10,"enemies":"The Mushroom Lair","floor":12,"turns":4},{"damage":23,"enemies":"Lagavulin","floor":13,"turns":5},{"damage":0,"enemies":"Looter","floor":14,"turns":2},{"damage":15,"enemies":"The Guardian","floor":16,"turns":10},{"damage":2,"enemies":"2 Thieves","floor":18,"turns":3},{"damage":0,"enemies":"Spheric Guardian","floor":19,"turns":3},{"damage":22,"enemies":"Colosseum Slavers","floor":20,"turns":5},{"damage":40,"enemies":"Colosseum Nobs","floor":20,"turns":5},{"damage":14,"enemies":"Snecko","floor":21,"turns":5},{"damage":24,"enemies":"Centurion and Healer","floor":24,"turns":5},{"damage":1,"enemies":"Shelled Parasite and Fungi","floor":25,"turns":4},{"damage":14,"enemies":"Gremlin Leader","floor":29,"turns":6},{"damage":0,"enemies":"3 Cultists","floor":31,"turns":4},{"damage":44,"enemies":"Collector","floor":33,"turns":9},{"damage":32,"enemies":"3 Darklings","floor":35,"turns":4},{"damage":129,"enemies":"Nemesis","floor":40,"turns":7},{"damage":15,"enemies":"3 Shapes","floor":44,"turns":4},{"damage":0,"enemies":"Writhing Mass","floor":46,"turns":6},{"damage":8,"enemies":"Transient","floor":47,"turns":5},{"damage":12,"enemies":"Jaw Worm Horde","floor":48,"turns":6},{"damage":71,"enemies":"Time Eater","floor":50,"turns":6}],"seed_played":"-5255985048234597689","potions_obtained":[{"floor":2,"key":"AttackPotion"},{"floor":7,"key":"FearPotion"},{"floor":14,"key":"Fire Potion"},{"floor":16,"key":"Fire Potion"},{"floor":18,"key":"FairyPotion"},{"floor":21,"key":"Ancient Potion"},{"floor":24,"key":"Strength Potion"},{"floor":25,"key":"Explosive Potion"},{"floor":29,"key":"Explosive Potion"},{"floor":33,"key":"Dexterity Potion"},{"floor":35,"key":"AttackPotion"},{"floor":40,"key":"SpeedPotion"}],"is_trial":false,"path_per_floor":["M","M","T","?","?","R","M","M","T","?","$","?","E","M","R","B",null,"M","M","?","M","?","R","M","M","T","?","R","E","?","M","R","B",null,"M","$","?","?","?","E","?","R","T","M","?","M","M","M","R","B"],"character_chosen":"DEFECT","items_purchased":["Pear","Gash","HandOfGreed","Lee\u0027s Waffle"],"campfire_rested":4,"item_purchase_floors":[11,11,36,36],"current_hp_per_floor":[75,75,75,60,60,60,59,59,59,59,69,59,36,36,61,46,85,83,83,21,7,7,32,8,7,7,7,32,25,25,25,52,8,92,60,99,99,99,89,9,87,87,87,76,76,84,79,67,67,0],"gold":125,"neow_bonus":"UPGRADE_CARD","is_prod":false,"is_daily":false,"chose_seed":false,"campfire_upgraded":3,"win_rate":0,"timestamp":1555402848,"path_taken":["M","M","?","?","?","R","M","M","T","?","$","?","E","M","R","BOSS","M","M","?","M","?","R","M","M","T","?","R","E","?","M","R","BOSS","M","$","?","?","?","E","?","R","T","M","?","?","M","?","R","BOSS"],"build_version":"2019-04-04","purchased_purges":0,"victory":false,"max_hp_per_floor":[75,75,75,75,75,75,75,75,75,75,85,85,85,85,85,85,85,85,85,85,85,85,85,85,85,85,85,85,92,92,92,92,92,92,92,99,99,99,99,99,87,87,87,87,87,87,87,87,87,87],"card_choices":[{"not_picked":["Steam","Recycle"],"picked":"Ball Lightning","floor":1},{"not_picked":["Compile Driver","Coolheaded"],"picked":"Defragment","floor":2},{"not_picked":["Stack","Barrage"],"picked":"Conserve Battery","floor":7},{"not_picked":["Hello World","Compile Driver"],"picked":"Undo","floor":8},{"not_picked":["Stack","Hyperbeam"],"picked":"Streamline","floor":12},{"not_picked":["Coolheaded","Barrage"],"picked":"Defragment","floor":13},{"not_picked":["Go for the Eyes","Sunder"],"picked":"Buffer","floor":14},{"not_picked":["Multi-Cast","Core Surge"],"picked":"Meteor Strike","floor":16},{"not_picked":["Rebound","Turbo"],"picked":"Cold Snap+1","floor":18},{"not_picked":["Tempest","Ball Lightning"],"picked":"Fusion+1","floor":19},{"not_picked":["Ball Lightning","Fusion"],"picked":"Conserve Battery+1","floor":20},{"not_picked":["Reprogram","Multi-Cast"],"picked":"Compile Driver+1","floor":21},{"not_picked":["Skim","BootSequence"],"picked":"Melter+1","floor":24},{"not_picked":["Conserve Battery","Compile Driver"],"picked":"Heatsinks","floor":25},{"not_picked":["Gash+1","Leap"],"picked":"Cold Snap+1","floor":29},{"not_picked":["Hello World","Beam Cell"],"picked":"All For One","floor":31},{"not_picked":["Fission","Machine Learning"],"picked":"Echo Form","floor":33},{"not_picked":["Streamline+1","Leap+1"],"picked":"Consume+1","floor":35},{"not_picked":["Bandage Up","Dark Shackles"],"picked":"Dramatic Entrance","floor":39},{"not_picked":["Finesse","Impatience"],"picked":"Bandage Up","floor":39},{"not_picked":["Finesse","Panacea"],"picked":"Mind Blast","floor":39},{"not_picked":["Tempest+1","Go for the Eyes+1"],"picked":"Chill+1","floor":40},{"not_picked":["Barrage","Beam Cell"],"picked":"Leap+1","floor":44},{"not_picked":["Barrage","Fusion+1"],"picked":"Consume+1","floor":46},{"not_picked":["Sweeping Beam","Ball Lightning"],"picked":"Turbo+1","floor":47},{"not_picked":["Streamline","Gash"],"picked":"Buffer","floor":48}],"player_experience":805793,"relics_obtained":[{"floor":3,"key":"Torii"},{"floor":9,"key":"Bag of Preparation"},{"floor":12,"key":"Odd Mushroom"},{"floor":13,"key":"Lantern"},{"floor":20,"key":"Emotion Chip"},{"floor":20,"key":"Mercury Hourglass"},{"floor":26,"key":"Letter Opener"},{"floor":29,"key":"Strawberry"},{"floor":40,"key":"Ornamental Fan"},{"floor":43,"key":"Thread and Needle"}],"event_choices":[{"damage_healed":0,"gold_gain":0,"player_choice":"Entered Light","damage_taken":15,"max_hp_gain":0,"max_hp_loss":0,"event_name":"Shining Light","floor":4,"gold_loss":0,"cards_upgraded":["Zap","Strike_B"]},{"damage_healed":0,"gold_gain":175,"player_choice":"AGREE","damage_taken":0,"max_hp_gain":0,"max_hp_loss":0,"event_name":"Liars Game","floor":5,"gold_loss":0,"cards_obtained":["Doubt"]},{"cards_removed":["Doubt"],"damage_healed":0,"gold_gain":0,"player_choice":"Card Removal","damage_taken":0,"max_hp_gain":0,"max_hp_loss":0,"event_name":"The Cleric","floor":10,"gold_loss":50},{"damage_healed":0,"gold_gain":0,"player_choice":"Fought Mushrooms","damage_taken":0,"max_hp_gain":0,"max_hp_loss":0,"event_name":"Mushrooms","floor":12,"gold_loss":0},{"damage_healed":0,"gold_gain":0,"player_choice":"Fight","damage_taken":0,"max_hp_gain":0,"max_hp_loss":0,"event_name":"Colosseum","floor":20,"gold_loss":0},{"damage_healed":0,"gold_gain":0,"player_choice":"Fought Nobs","damage_taken":0,"max_hp_gain":0,"max_hp_loss":0,"event_name":"Colosseum","floor":20,"gold_loss":0},{"damage_healed":0,"gold_gain":0,"player_choice":"Obtained Relic","damage_taken":0,"relics_obtained":["Omamori"],"max_hp_gain":0,"max_hp_loss":0,"event_name":"Addict","floor":22,"gold_loss":85},{"damage_healed":0,"gold_gain":0,"player_choice":"Ignored","damage_taken":0,"max_hp_gain":0,"max_hp_loss":0,"event_name":"Cursed Tome","floor":27,"gold_loss":0},{"cards_removed":["Strike_B"],"damage_healed":0,"gold_gain":0,"player_choice":"Gave Gold","damage_taken":0,"max_hp_gain":0,"max_hp_loss":0,"event_name":"Beggar","floor":30,"gold_loss":75},{"damage_healed":0,"gold_gain":0,"player_choice":"Paid","damage_taken":0,"relics_obtained":["Red Mask"],"max_hp_gain":0,"max_hp_loss":0,"event_name":"Tomb of Lord Red Mask","floor":37,"gold_loss":11},{"cards_removed":["BootSequence"],"damage_healed":0,"gold_gain":0,"player_choice":"Removed Skill","damage_taken":0,"max_hp_gain":0,"max_hp_loss":0,"event_name":"Falling","floor":38,"gold_loss":0},{"damage_healed":0,"gold_gain":0,"player_choice":"Memory 3","damage_taken":10,"max_hp_gain":0,"max_hp_loss":0,"event_name":"SensoryStone","floor":39,"gold_loss":0},{"damage_healed":87,"gold_gain":0,"player_choice":"Heal","damage_taken":0,"max_hp_gain":0,"max_hp_loss":12,"event_name":"The Moai Head","floor":41,"gold_loss":0},{"damage_healed":0,"gold_gain":0,"cards_transformed":["Heatsinks"],"player_choice":"Transformed","damage_taken":0,"max_hp_gain":0,"max_hp_loss":0,"event_name":"Transmorgrifier","floor":45,"gold_loss":0,"cards_obtained":["Capacitor"]}],"is_beta":true,"boss_relics":[{"not_picked":["Runic Pyramid","Tiny House"],"picked":"Inserter"},{"not_picked":["Cursed Key","Runic Dome"],"picked":"Pandora\u0027s Box"}],"items_purged_floors":[],"is_endless":false,"potions_floor_spawned":[2,7,14,16,18,21,24,25,29,33,35,40],"killed_by":"Time Eater","ascension_level":4}