{"path_per_floor":["M","$","?","M","?","R","M","R","T","R","?","M","?","M","R","B",null,"M","M","?","M","M"],"character_chosen":"IRONCLAD","items_purchased":["Shrug It Off","Carnage"],"gold_per_floor":[118,20,20,34,34,34,46,46,46,46,221,241,241,251,251,353,353,333,346,271,284,300],"floor_reached":23,"campfire_rested":0,"playtime":45876,"current_hp_per_floor":[78,78,78,80,80,80,80,80,80,80,80,78,71,66,66,16,80,74,59,59,8,7],"items_purged":[],"gold":300,"score":183,"play_id":"05b711c4-4c3f-4a0a-a4be-5536d82190e7","local_time":"20180308113159","is_prod":false,"is_daily":false,"is_ascension_mode":false,"campfire_upgraded":1,"timestamp":1520526719,"path_taken":["M","$","?","M","?","R","M","R","T","R","?","M","?","?","R","BOSS","M","M","?","?","M","E"],"build_version":"2018-03-01-PROD1","purchased_purges":0,"victory":false,"master_deck":["Strike_R","Strike_R","Strike_R","Strike_R","Strike_R","Defend_R","Defend_R","Defend_R","Defend_R","Writhe","True Grit","Shrug It Off","Carnage","Clothesline","Evolve","Seeing Red","Doubt","Iron Wave","Flame Barrier+1","Brutality","Clothesline","Wild Strike+1","Wild Strike","Pommel Strike"],"max_hp_per_floor":[80,80,80,80,80,80,80,80,80,80,80,80,80,80,80,80,80,80,80,80,80,80],"relics":["Burning Blood","Girya","Pen Nib","Unceasing Top","Orichalcum","Philosopher\u0027s Stone"],"card_choices":[{"not_picked":["Body Slam","Warcry"],"picked":"True Grit"},{"not_picked":["Warcry","Corruption"],"picked":"Clothesline"},{"not_picked":["Entrench","Havoc"],"picked":"Seeing Red"},{"not_picked":["Rage","Headbutt"],"picked":"Iron Wave"},{"not_picked":["Intimidate","Entrench"],"picked":"Flame Barrier"},{"not_picked":["Fiend Fire","Double Tap"],"picked":"Brutality"},{"not_picked":["Havoc","Fire Breathing"],"picked":"Clothesline"},{"not_picked":["Carnage","Flex"],"picked":"Wild Strike"},{"not_picked":["Armaments","Uppercut"],"picked":"Wild Strike"},{"not_picked":["Second Wind","Armaments"],"picked":"Pommel Strike"}],"player_experience":300089,"potions_floor_usage":[16,16,18,21,23],"damage_taken":[{"damage":8,"enemies":"Jaw Worm","floor":1,"turns":5},{"damage":3,"enemies":"2 Louse","floor":4,"turns":3},{"damage":3,"enemies":"Cultist","floor":7,"turns":4},{"damage":8,"enemies":"Red Slaver","floor":12,"turns":3},{"damage":11,"enemies":"Looter","floor":14,"turns":4},{"damage":56,"enemies":"Hexaghost","floor":16,"turns":13},{"damage":12,"enemies":"2 Thieves","floor":18,"turns":4},{"damage":21,"enemies":"Spheric Guardian","floor":19,"turns":4},{"damage":57,"enemies":"Cultist and Chosen","floor":21,"turns":9},{"damage":7,"enemies":"Snecko","floor":22,"turns":4},{"damage":10,"enemies":"Gremlin Leader","floor":23,"turns":1}],"event_choices":[{"event_name":"Big Fish","player_choice":"Box","floor":3,"damage_taken":0},{"event_name":"Transmorgrifier","player_choice":"Transform","floor":5,"damage_taken":0},{"event_name":"Liars Game","player_choice":"agreed","floor":11,"damage_taken":0},{"event_name":"Scrap Ooze","player_choice":"success","floor":13,"damage_taken":7},{"event_name":"Beggar","player_choice":"Gave Gold","floor":20,"damage_taken":0}],"boss_relics":[{"not_picked":["Lizard Tail","Runic Pyramid"],"picked":"Philosopher\u0027s Stone"}],"potions_floor_spawned":[7,14,16,18,22],"seed_played":"-1646295696109116826","killed_by":"Gremlin Leader","ascension_level":0,"is_trial":false}