{"gold_per_floor":[115,126,177,192,209,239,239,273,273,273,291,110,141,156,156,257,257,257,257,257,257,257,257,257,257,257,257,257,257,257,257,257,257,257,257,257,9,9,9,9,9,9,9,9,9,9,9,9,9,9,9,9,9,9,9],"floor_reached":56,"playtime":3196,"items_purged":["Strike_G","Strike_G"],"score":1480,"play_id":"c29a658f-d89c-469a-9e95-c3ecf690bb03","local_time":"20181223144544","is_ascension_mode":true,"campfire_choices":[{"data":"Cloak And Dagger","floor":7.0,"key":"SMITH"},{"data":"After Image","floor":10.0,"key":"SMITH"},{"floor":15.0,"key":"REST"},{"floor":24.0,"key":"REST"},{"data":"Cloak And Dagger","floor":32.0,"key":"SMITH"},{"floor":40.0,"key":"RECALL"},{"data":"Neutralize","floor":45,"key":"SMITH"},{"floor":49,"key":"REST"},{"data":"Footwork","floor":52,"key":"SMITH"}],"neow_cost":"PERCENT_DAMAGE","seed_source_timestamp":299145589081728,"circlet_count":0,"master_deck":["Defend_G","Defend_G","Defend_G","Defend_G","Defend_G","Strike_G","Strike_G","Strike_G","Survivor","Neutralize+1","Cloak And Dagger+1","Dagger Spray","After Image+1","Backflip","Dagger Throw","Burst+1","Footwork+1","Blur","Die Die Die","Well Laid Plans","Writhe","Dodge and Roll+1","Infinite Blades+1","Terror","Cloak And Dagger+1","Backflip+1","Backstab+1","Adrenaline","Caltrops","PiercingWail+1","Footwork","Caltrops+1","PiercingWail+1"],"special_seed":0,"relics":["Ring of the Snake","Prayer Wheel","Bottled Lightning","Sundial","Blue Candle","Ninja Scroll","Ectoplasm","Molten Egg 2","Pocketwatch","Shuriken","Gambling Chip","Paper Crane","Mercury Hourglass","Runic Pyramid","Happy Flower","Ice Cream","Omamori","Meat on the Bone","Bronze Scales","Pantograph","Potion Belt","Bottled Tornado"],"potions_floor_usage":[55,55,55],"damage_taken":[{"damage":2.0,"enemies":"Jaw Worm","floor":1.0,"turns":6.0},{"damage":0.0,"enemies":"Cultist","floor":2.0,"turns":3.0},{"damage":0.0,"enemies":"Small Slimes","floor":4.0,"turns":3.0},{"damage":4.0,"enemies":"Blue Slaver","floor":5.0,"turns":3.0},{"damage":8.0,"enemies":"Gremlin Nob","floor":6.0,"turns":4.0},{"damage":13.0,"enemies":"Lagavulin","floor":8.0,"turns":11.0},{"damage":0.0,"enemies":"Large Slime","floor":11.0,"turns":6.0},{"damage":13.0,"enemies":"Gremlin Nob","floor":13.0,"turns":5.0},{"damage":0.0,"enemies":"Exordium Thugs","floor":14.0,"turns":4.0},{"damage":14.0,"enemies":"The Guardian","floor":16.0,"turns":24.0},{"damage":0.0,"enemies":"Shell Parasite","floor":18.0,"turns":4.0},{"damage":3.0,"enemies":"Colosseum Slavers","floor":22.0,"turns":5.0},{"damage":30.0,"enemies":"Colosseum Nobs","floor":22.0,"turns":6.0},{"damage":10.0,"enemies":"Book of Stabbing","floor":23.0,"turns":7.0},{"damage":1.0,"enemies":"Slavers","floor":25.0,"turns":4.0},{"damage":1.0,"enemies":"Chosen","floor":27.0,"turns":3.0},{"damage":4.0,"enemies":"Snake Plant","floor":28.0,"turns":5.0},{"damage":1.0,"enemies":"Centurion and Healer","floor":29.0,"turns":5.0},{"damage":1.0,"enemies":"Cultist and Chosen","floor":30.0,"turns":4.0},{"damage":0.0,"enemies":"Gremlin Leader","floor":31.0,"turns":6.0},{"damage":14.0,"enemies":"Collector","floor":33.0,"turns":6.0},{"damage":2.0,"enemies":"3 Darklings","floor":35.0,"turns":4.0},{"damage":0.0,"enemies":"Orb Walker","floor":36.0,"turns":3.0},{"damage":0.0,"enemies":"Mind Bloom Boss Battle","floor":38.0,"turns":4.0},{"damage":0.0,"enemies":"Sphere and 2 Shapes","floor":41.0,"turns":4.0},{"damage":1.0,"enemies":"Giant Head","floor":42.0,"turns":6.0},{"damage":16.0,"enemies":"Nemesis","floor":44.0,"turns":3.0},{"damage":0,"enemies":"Reptomancer","floor":46,"turns":5},{"damage":7,"enemies":"Nemesis","floor":48,"turns":5},{"damage":15,"enemies":"Awakened One","floor":50,"turns":12},{"damage":39,"enemies":"Shield and Spear","floor":54,"turns":9},{"damage":3,"enemies":"The Heart","floor":55,"turns":9}],"seed_played":"1729134255637185829","potions_obtained":[{"floor":1.0,"key":"Fire Potion"},{"floor":2.0,"key":"SkillPotion"},{"floor":14.0,"key":"SkillPotion"},{"floor":18.0,"key":"Fire Potion"},{"floor":23.0,"key":"Fire Potion"},{"floor":28.0,"key":"SpeedPotion"},{"floor":30.0,"key":"FearPotion"},{"floor":36.0,"key":"Block Potion"},{"floor":38.0,"key":"GhostInAJar"},{"floor":44,"key":"EssenceOfSteel"},{"floor":54,"key":"SteroidPotion"}],"is_trial":false,"path_per_floor":["M","M","?","M","M","E","R","E","T","R","M","$","E","M","R","B",null,"M","?","?","$","?","E","R","E","T","M","M","M","M","E","R","B",null,"M","M","$","?","?","R","M","E","T","E","E","R","E","?","E","R","B",null,"R","$","E","B",null],"character_chosen":"THE_SILENT","items_purchased":["Footwork","Blur","Happy Flower"],"campfire_rested":3,"item_purchase_floors":[12,12,37],"current_hp_per_floor":[47,47,47,47,43,35,35,22,22,22,22,22,9,9,30,16,70,70,70,70,70,37,27,48,47,47,46,42,41,40,40,40,26,70,68,68,68,68,68,68,68,67,67,51,51,51,51,44,65,55,70,70,70,43,65],"gold":9,"neow_bonus":"ONE_RARE_RELIC","is_prod":false,"is_daily":false,"chose_seed":false,"campfire_upgraded":5,"win_rate":0,"timestamp":1545601544,"path_taken":["M","M","?","M","M","E","R","E","T","R","M","?","E","?","R","BOSS","M","?","?","$","?","E","R","E","T","?","M","M","M","E","R","BOSS","M","M","$","?","?","R","?","E","T","E","R","E","?","E","R","BOSS","R","$","E","BOSS"],"build_version":"2018-12-20","purchased_purges":2,"victory":true,"max_hp_per_floor":[70,70,70,70,70,70,70,70,70,70,70,70,70,70,70,70,70,70,70,70,70,70,70,70,70,70,70,70,70,70,70,70,70,70,70,70,70,70,70,70,70,70,70,70,70,70,70,70,70,70,70,70,70,70,70],"card_choices":[{"not_picked":["Flying Knee","Reflex"],"picked":"Backstab","floor":1.0},{"not_picked":["Underhanded Strike","Deflect","Catalyst"],"picked":"SKIP","floor":1.0},{"not_picked":["PiercingWail","Bane"],"picked":"Cloak And Dagger","floor":2.0},{"not_picked":["Accuracy","Blur"],"picked":"Dagger Spray","floor":2.0},{"not_picked":["Reflex","Flying Knee","Accuracy"],"picked":"SKIP","floor":4.0},{"not_picked":["Blur","Quick Slash","Choke"],"picked":"SKIP","floor":4.0},{"not_picked":["Backflip","Underhanded Strike"],"picked":"After Image","floor":5.0},{"not_picked":["Riddle With Holes","Dagger Spray"],"picked":"Backflip","floor":5.0},{"not_picked":["Blade Dance","Acrobatics","Reflex"],"picked":"SKIP","floor":6.0},{"not_picked":["Deflect","Masterful Stab","PiercingWail"],"picked":"SKIP","floor":8.0},{"not_picked":["Heel Hook","Dodge and Roll"],"picked":"Dagger Throw","floor":11.0},{"not_picked":["Slice","Acrobatics"],"picked":"Burst","floor":11.0},{"not_picked":["Predator","Sucker Punch","Masterful Stab"],"picked":"SKIP","floor":13.0},{"not_picked":["Underhanded Strike","Quick Slash","Finisher"],"picked":"SKIP","floor":14.0},{"not_picked":["Deflect","Masterful Stab","Poisoned Stab"],"picked":"SKIP","floor":14.0},{"not_picked":["Grand Finale","Doppelganger"],"picked":"Die Die Die","floor":16.0},{"not_picked":["Sucker Punch","Dodge and Roll"],"picked":"Well Laid Plans","floor":18.0},{"not_picked":["Deadly Poison","Flying Knee","Deflect+1"],"picked":"SKIP","floor":18.0},{"not_picked":["Bane+1","Concentrate+1"],"picked":"Dodge and Roll+1","floor":22.0},{"not_picked":["Prepared","Die Die Die+1"],"picked":"Infinite Blades+1","floor":23.0},{"not_picked":["Escape Plan+1","Underhanded Strike+1","Dash+1"],"picked":"SKIP","floor":25.0},{"not_picked":["Predator+1","Catalyst"],"picked":"Terror","floor":27.0},{"not_picked":["Sucker Punch+1","Finisher+1","Eviscerate+1"],"picked":"SKIP","floor":27.0},{"not_picked":["Underhanded Strike+1","Phantasmal Killer"],"picked":"Cloak And Dagger","floor":28.0},{"not_picked":["Bouncing Flask","Dodge and Roll","Riddle With Holes+1"],"picked":"SKIP","floor":28.0},{"not_picked":["Concentrate","Dagger Spray+1","Quick Slash+1"],"picked":"SKIP","floor":29.0},{"not_picked":["Bane+1","Infinite Blades","Flechettes+1"],"picked":"SKIP","floor":29.0},{"not_picked":["Predator+1","Deadly Poison+1"],"picked":"Backflip+1","floor":30.0},{"not_picked":["Sucker Punch+1","Flying Knee+1"],"picked":"Backstab+1","floor":30.0},{"not_picked":["Poisoned Stab+1","Venomology","A Thousand Cuts"],"picked":"SKIP","floor":31.0},{"not_picked":["Doppelganger","A Thousand Cuts"],"picked":"Adrenaline","floor":33.0},{"not_picked":["Predator+1","Flying Knee+1","Tactician"],"picked":"SKIP","floor":35.0},{"not_picked":["Blade Dance+1","Quick Slash+1","Infinite Blades"],"picked":"SKIP","floor":35.0},{"not_picked":["Blade Dance","Calculated Gamble"],"picked":"Caltrops","floor":36.0},{"not_picked":["Outmaneuver","Prepared+1","Concentrate"],"picked":"SKIP","floor":36.0},{"not_picked":["Deadly Poison+1","Storm of Steel"],"picked":"PiercingWail+1","floor":41.0},{"not_picked":["Endless Agony+1","Leg Sweep","Outmaneuver"],"picked":"SKIP","floor":41.0},{"not_picked":["Prepared+1","Well Laid Plans","Accuracy"],"picked":"SKIP","floor":42.0},{"not_picked":["Cloak And Dagger+1","Deflect"],"picked":"Footwork","floor":44},{"not_picked":["Predator+1","Flechettes+1","Dagger Throw+1"],"picked":"SKIP","floor":46},{"not_picked":["PiercingWail+1","Dagger Throw+1"],"picked":"Caltrops+1","floor":48},{"not_picked":["Expertise+1","Bouncing Flask+1"],"picked":"PiercingWail+1","floor":54}],"player_experience":663941,"relics_obtained":[{"floor":6.0,"key":"Bottled Lightning"},{"floor":8.0,"key":"Sundial"},{"floor":9.0,"key":"Blue Candle"},{"floor":13.0,"key":"Ninja Scroll"},{"floor":22.0,"key":"Pocketwatch"},{"floor":22.0,"key":"Shuriken"},{"floor":23.0,"key":"Gambling Chip"},{"floor":25.0,"key":"Paper Crane"},{"floor":31.0,"key":"Mercury Hourglass"},{"floor":38.0,"key":"Ice Cream"},{"floor":42.0,"key":"Omamori"},{"floor":43.0,"key":"Meat on the Bone"},{"floor":44,"key":"Bronze Scales"},{"floor":46,"key":"Pantograph"},{"floor":48,"key":"Potion Belt"},{"floor":54,"key":"Bottled Tornado"}],"event_choices":[{"damage_healed":0.0,"max_hp_gain":0.0,"max_hp_loss":0.0,"gold_gain":51.0,"event_name":"Golden Wing","player_choice":"Gained Gold","floor":3.0,"gold_loss":0.0,"damage_taken":0.0},{"damage_healed":0.0,"max_hp_gain":0.0,"max_hp_loss":0.0,"gold_gain":0.0,"event_name":"The Mausoleum","player_choice":"Opened","floor":19.0,"gold_loss":0.0,"damage_taken":0.0,"relics_obtained":["Molten Egg 2"],"cards_obtained":["Writhe"]},{"damage_healed":0.0,"max_hp_gain":0.0,"max_hp_loss":0.0,"gold_gain":0.0,"event_name":"Ghosts","player_choice":"Ignored","floor":20.0,"gold_loss":0.0,"damage_taken":0.0},{"damage_healed":0.0,"max_hp_gain":0.0,"max_hp_loss":0.0,"gold_gain":0.0,"event_name":"Colosseum","player_choice":"Fight","floor":22.0,"gold_loss":0.0,"damage_taken":0.0},{"damage_healed":0.0,"max_hp_gain":0.0,"max_hp_loss":0.0,"gold_gain":0.0,"event_name":"Colosseum","player_choice":"Fought Nobs","floor":22.0,"gold_loss":0.0,"damage_taken":0.0},{"damage_healed":0.0,"max_hp_gain":0.0,"max_hp_loss":0.0,"gold_gain":0.0,"event_name":"MindBloom","player_choice":"Fight","floor":38.0,"gold_loss":0.0,"damage_taken":0.0},{"damage_healed":0.0,"max_hp_gain":0.0,"max_hp_loss":0.0,"gold_gain":0.0,"event_name":"Upgrade Shrine","player_choice":"Upgraded","floor":39.0,"gold_loss":0.0,"damage_taken":0.0,"cards_upgraded":["Burst"]},{"cards_removed":["Backstab"],"damage_healed":0,"gold_gain":0,"player_choice":"Removed Attack","damage_taken":0,"max_hp_gain":0,"max_hp_loss":0,"event_name":"Falling","floor":47,"gold_loss":0}],"is_beta":false,"boss_relics":[{"not_picked":["Empty Cage","HoveringKite"],"picked":"Ectoplasm"},{"not_picked":["Cursed Key","Coffee Dripper"],"picked":"Runic Pyramid"}],"items_purged_floors":[12,37],"is_endless":false,"potions_floor_spawned":[1,2,14,18,23,28,30,31,36,38,44,54],"ascension_level":1}