{"gold_per_floor":[114,130,55,55,55,87,87,100,127,139,176,188,160,190,202,287,299,328,340,64,44,61,61,73,23,100,110,110,124,174,202,202],"floor_reached":32,"playtime":855,"items_purged":["Normality","Strike_R","Strike_R"],"score":536,"play_id":"ad6479e3-8c75-4798-8a46-87ac9cc7b06f","local_time":"20190703203452","is_ascension_mode":true,"campfire_choices":[{"data":"Bash","floor":7.0,"key":"SMITH"},{"data":"Armaments","floor":10.0,"key":"SMITH"},{"data":"Battle Trance","floor":12.0,"key":"SMITH"},{"floor":15.0,"key":"REST"},{"floor":23.0,"key":"REST"},{"floor":28,"key":"REST"}],"neow_cost":"CURSE","seed_source_timestamp":93467452272416,"circlet_count":0,"master_deck":["AscendersBane","Strike_R","Strike_R","Defend_R","Defend_R","Defend_R","Defend_R","Bash+1","Sword Boomerang","Twin Strike","Spot Weakness","Evolve","Pummel","Armaments+1","Battle Trance+1","Inflame","Fiend Fire+1","Fiend Fire+1","Warcry+1","Feel No Pain","Offering","True Grit","Metallicize","Feel No Pain","Corruption"],"special_seed":0,"relics":["Burning Blood","Prayer Wheel","Smiling Mask","MawBank","Molten Egg 2","Mark of Pain","Matryoshka","Turnip"],"potions_floor_usage":[],"damage_taken":[{"damage":6.0,"enemies":"Jaw Worm","floor":1.0,"turns":6.0},{"damage":1.0,"enemies":"Cultist","floor":2.0,"turns":3.0},{"damage":39.0,"enemies":"Gremlin Nob","floor":6.0,"turns":4.0},{"damage":9.0,"enemies":"2 Louse","floor":8.0,"turns":4.0},{"damage":30.0,"enemies":"Lagavulin","floor":11.0,"turns":5.0},{"damage":6.0,"enemies":"Looter","floor":13.0,"turns":4.0},{"damage":11.0,"enemies":"Exordium Thugs","floor":14.0,"turns":4.0},{"damage":22.0,"enemies":"Hexaghost","floor":16.0,"turns":6.0},{"damage":32.0,"enemies":"3 Byrds","floor":18.0,"turns":4.0},{"damage":6.0,"enemies":"Spheric Guardian","floor":22.0,"turns":1.0},{"damage":21,"enemies":"Snake Plant","floor":24,"turns":3},{"damage":13,"enemies":"Cultist and Chosen","floor":27,"turns":5},{"damage":6,"enemies":"Sentry and Sphere","floor":29,"turns":2},{"damage":34,"enemies":"Gremlin Leader","floor":31,"turns":8}],"seed_played":"3948196777357520868","potions_obtained":[{"floor":8.0,"key":"AttackPotion"},{"floor":14.0,"key":"EntropicBrew"},{"floor":16.0,"key":"Poison Potion"},{"floor":21.0,"key":"Block Potion"}],"is_trial":false,"path_per_floor":["M","M","$","?","?","E","R","M","T","R","E","R","M","M","R","B",null,"M","?","$","?","M","R","M","$","T","M","R","M","?","E","R"],"character_chosen":"IRONCLAD","items_purchased":["Feel No Pain","Offering"],"campfire_rested":3,"item_purchase_floors":[20,20],"current_hp_per_floor":[68,73,73,73,73,40,40,37,37,37,13,13,13,8,30,14,60,34,13,13,13,13,37,22,22,22,15,39,39,39,11,11],"gold":202,"neow_bonus":"ONE_RARE_RELIC","is_prod":false,"is_daily":false,"chose_seed":false,"campfire_upgraded":3,"win_rate":0,"timestamp":1562211292,"path_taken":["M","M","$","?","?","E","R","M","T","R","E","R","?","M","R","BOSS","M","?","$","?","M","R","M","$","T","M","R","?","?","E","R"],"build_version":"2019-07-01","purchased_purges":3,"victory":false,"max_hp_per_floor":[75,75,75,75,75,75,75,75,75,75,75,75,75,75,75,75,75,75,80,80,80,80,80,80,80,80,80,80,80,80,80,80],"card_choices":[{"not_picked":["Warcry","Seeing Red"],"picked":"Sword Boomerang","floor":1.0},{"not_picked":["Iron Wave","Wild Strike"],"picked":"Twin Strike","floor":1.0},{"not_picked":["True Grit","Dropkick"],"picked":"Spot Weakness","floor":2.0},{"not_picked":["Power Through","Thunderclap"],"picked":"Evolve","floor":2.0},{"not_picked":["Corruption","Reckless Charge"],"picked":"Pummel","floor":6.0},{"not_picked":["Pommel Strike","Evolve"],"picked":"Armaments","floor":8.0},{"not_picked":["Clothesline","Sever Soul","Clash"],"picked":"SKIP","floor":8.0},{"not_picked":["Wild Strike","Clothesline"],"picked":"Battle Trance","floor":11.0},{"not_picked":["Body Slam+1","Thunderclap+1"],"picked":"Inflame","floor":13.0},{"not_picked":["Sword Boomerang+1","Infernal Blade"],"picked":"Fiend Fire+1","floor":13.0},{"not_picked":["Sword Boomerang+1","Wild Strike+1","True Grit"],"picked":"SKIP","floor":14.0},{"not_picked":["Twin Strike+1","Power Through","Wild Strike+1"],"picked":"SKIP","floor":14.0},{"not_picked":["Berserk","Bludgeon+1"],"picked":"Fiend Fire+1","floor":16.0},{"not_picked":["Perfected Strike+1","Anger+1"],"picked":"Warcry+1","floor":18.0},{"not_picked":["Headbutt+1","Inflame","Thunderclap+1"],"picked":"SKIP","floor":18.0},{"not_picked":["Ghostly Armor","Cleave+1"],"picked":"True Grit","floor":22.0},{"not_picked":["Spot Weakness","Ghostly Armor","Heavy Blade+1"],"picked":"SKIP","floor":22.0},{"not_picked":["Clash+1","Armaments"],"picked":"Metallicize","floor":24},{"not_picked":["Heavy Blade+1","Rampage+1","Flex"],"picked":"SKIP","floor":24},{"not_picked":["Warcry","Bludgeon+1","Pommel Strike+1"],"picked":"SKIP","floor":27},{"not_picked":["Warcry","Clothesline+1","Heavy Blade+1"],"picked":"SKIP","floor":27},{"not_picked":["Pommel Strike+1","Clothesline+1"],"picked":"Feel No Pain","floor":29},{"not_picked":["Havoc","Flex","Cleave+1"],"picked":"SKIP","floor":29},{"not_picked":["Anger+1","Brutality"],"picked":"Corruption","floor":31}],"player_experience":831584,"relics_obtained":[{"floor":6.0,"key":"Smiling Mask"},{"floor":9.0,"key":"MawBank"},{"floor":11.0,"key":"Molten Egg 2"},{"floor":26,"key":"Matryoshka"},{"floor":31,"key":"Turnip"}],"event_choices":[{"cards_removed":["Strike_R"],"damage_healed":0.0,"max_hp_gain":0.0,"max_hp_loss":0.0,"gold_gain":0.0,"event_name":"Living Wall","player_choice":"Forget","floor":4.0,"gold_loss":0.0,"damage_taken":0.0},{"damage_healed":0.0,"max_hp_gain":0.0,"max_hp_loss":0.0,"gold_gain":0.0,"event_name":"Match and Keep!","player_choice":"0 cards matched","floor":5.0,"gold_loss":0.0,"damage_taken":0.0,"cards_obtained":[]},{"damage_healed":0.0,"max_hp_gain":5.0,"max_hp_loss":0.0,"gold_gain":0.0,"event_name":"Forgotten Altar","player_choice":"Shed Blood","floor":19.0,"gold_loss":0.0,"damage_taken":26.0},{"damage_healed":0.0,"max_hp_gain":0.0,"max_hp_loss":0.0,"gold_gain":0.0,"event_name":"The Woman in Blue","player_choice":"Bought 1 Potion","floor":21.0,"gold_loss":0.0,"damage_taken":0.0},{"damage_healed":0,"gold_gain":50,"player_choice":"Pray","damage_taken":0,"max_hp_gain":0,"max_hp_loss":0,"event_name":"Golden Shrine","floor":30,"gold_loss":0}],"is_beta":false,"boss_relics":[{"not_picked":["Pandora\u0027s Box","Astrolabe"],"picked":"Mark of Pain"}],"items_purged_floors":[3,20,25],"is_endless":false,"potions_floor_spawned":[8,14,16,22,24,31],"ascension_level":20}