{"gold_per_floor":[19,35,110,285,303,331,345,372,372,384,384,398,429,429,429,524,524,537,547,322,332,344,344,374,122,148,165,165,165,191,191,191,287,287,299,109,161,161,161,196,196,196,196,215,233,258,258,258,258,258],"floor_reached":50,"playtime":1981,"items_purged":[],"score":916,"play_id":"1e260804-9c6d-494f-b431-fa5431c7876e","local_time":"20190613023640","is_ascension_mode":true,"campfire_choices":[{"floor":11,"key":"REST"},{"floor":15,"key":"REST"},{"floor":23,"key":"RECALL"},{"data":"Demon Form","floor":28,"key":"SMITH"},{"data":"Bludgeon","floor":32,"key":"SMITH"},{"floor":42,"key":"REST"},{"floor":47,"key":"REST"},{"data":"Reaper","floor":49,"key":"SMITH"}],"neow_cost":"NO_GOLD","seed_source_timestamp":108850054938900,"circlet_count":0,"master_deck":["Strike_R","Strike_R","Strike_R","Strike_R","Defend_R","Defend_R","Defend_R","Defend_R+1","Bash","Demon Form+1","Perfected Strike","Doubt","Wild Strike","Perfected Strike","Wild Strike","Perfected Strike","Shrug It Off+1","Pommel Strike","Rampage","Pummel","Bludgeon+1","Infernal Blade+1","Carnage+1","Carnage","Blood for Blood","Uppercut","Metallicize+1","Dark Embrace","Writhe","Pain","Feed","Fire Breathing+1","Perfected Strike","Reaper+1","Pommel Strike+1","Spot Weakness+1","Fire Breathing+1","Clothesline+1","Writhe","Demon Form+1","Heavy Blade+1","Clothesline+1"],"relics":["Burning Blood","Dream Catcher","Lantern","War Paint","Ginger","Snecko Eye","Pen Nib","Prayer Wheel","Mummified Hand","Juzu Bracelet","Shuriken","Toxic Egg 2","WarpedTongs","Orrery","Brimstone","Dead Branch","Red Skull","Darkstone Periapt","Vajra"],"potions_floor_usage":[7,7,13,16,19,24,27,33,37,45,50],"damage_taken":[{"damage":1,"enemies":"Jaw Worm","floor":1,"turns":5},{"damage":1,"enemies":"Cultist","floor":2,"turns":4},{"damage":20,"enemies":"Small Slimes","floor":5,"turns":6},{"damage":39,"enemies":"Lagavulin","floor":6,"turns":6},{"damage":5,"enemies":"Gremlin Gang","floor":7,"turns":5},{"damage":15,"enemies":"2 Fungi Beasts","floor":10,"turns":3},{"damage":4,"enemies":"Large Slime","floor":12,"turns":4},{"damage":32,"enemies":"Gremlin Nob","floor":13,"turns":4},{"damage":0,"enemies":"Slime Boss","floor":16,"turns":5},{"damage":0,"enemies":"2 Thieves","floor":18,"turns":2},{"damage":0,"enemies":"Spheric Guardian","floor":19,"turns":1},{"damage":0,"enemies":"Snecko","floor":21,"turns":3},{"damage":5,"enemies":"Sentry and Sphere","floor":22,"turns":3},{"damage":18,"enemies":"Gremlin Leader","floor":24,"turns":2},{"damage":11,"enemies":"Centurion and Healer","floor":27,"turns":3},{"damage":16,"enemies":"Slavers","floor":30,"turns":3},{"damage":18,"enemies":"Champ","floor":33,"turns":6},{"damage":54,"enemies":"3 Darklings","floor":35,"turns":5},{"damage":17,"enemies":"2 Orb Walkers","floor":37,"turns":3},{"damage":21,"enemies":"Giant Head","floor":40,"turns":4},{"damage":13,"enemies":"3 Shapes","floor":44,"turns":3},{"damage":11,"enemies":"Sphere and 2 Shapes","floor":45,"turns":3},{"damage":82,"enemies":"Reptomancer","floor":46,"turns":3},{"damage":139,"enemies":"Awakened One","floor":50,"turns":6}],"seed_played":"6795229255342762729","potions_obtained":[{"floor":5,"key":"Swift Potion"},{"floor":6,"key":"Block Potion"},{"floor":12,"key":"SteroidPotion"},{"floor":13,"key":"PowerPotion"},{"floor":18,"key":"Energy Potion"},{"floor":21,"key":"Regen Potion"},{"floor":22,"key":"Regen Potion"},{"floor":30,"key":"Dexterity Potion"},{"floor":35,"key":"SkillPotion"},{"floor":37,"key":"Ancient Potion"},{"floor":44,"key":"BloodPotion"}],"is_trial":false,"path_per_floor":["M","M","?","?","M","E","M","T","T","M","R","M","E","T","R","B",null,"M","M","$","M","M","R","E","$","T","M","R","?","E","?","R","B",null,"M","$","?","?","?","E","?","R","T","M","M","E","R","?","R","B"],"character_chosen":"IRONCLAD","items_purchased":["Pen Nib","Carnage","Mummified Hand","Brimstone"],"campfire_rested":4,"item_purchase_floors":[20,20,25,36],"current_hp_per_floor":[77,80,69,69,55,22,23,23,23,14,38,40,14,14,38,44,71,77,80,80,80,80,80,68,68,68,72,72,72,62,62,62,50,73,25,25,14,14,34,33,33,57,57,53,68,20,44,93,93,0],"gold":258,"neow_bonus":"THREE_RARE_CARDS","is_prod":false,"is_daily":false,"chose_seed":false,"campfire_upgraded":3,"win_rate":0,"timestamp":1560407800,"path_taken":["M","M","?","?","M","E","M","?","T","?","R","M","E","?","R","BOSS","M","?","$","M","M","R","E","$","T","M","R","?","E","?","R","BOSS","M","$","?","?","?","E","?","R","T","M","M","E","R","?","R","BOSS"],"build_version":"2019-06-11","purchased_purges":0,"victory":false,"max_hp_per_floor":[80,80,80,80,80,80,80,80,80,80,80,80,80,80,80,80,80,80,80,80,80,80,80,80,80,80,80,80,80,80,80,80,80,80,80,80,80,80,80,80,80,80,80,83,83,83,83,93,93,96],"card_choices":[{"not_picked":["Double Tap","Exhume"],"picked":"Demon Form","floor":0},{"not_picked":["Feel No Pain","True Grit"],"picked":"Perfected Strike","floor":1},{"not_picked":["Havoc","Sword Boomerang","True Grit"],"picked":"SKIP","floor":2},{"not_picked":["Spot Weakness","Metallicize"],"picked":"Wild Strike","floor":5},{"not_picked":["Iron Wave","Heavy Blade"],"picked":"Perfected Strike","floor":6},{"not_picked":["Warcry","Rampage"],"picked":"Wild Strike","floor":7},{"not_picked":["Cleave","Hemokinesis"],"picked":"Perfected Strike","floor":10},{"not_picked":["Burning Pact","Body Slam"],"picked":"Shrug It Off","floor":11},{"not_picked":["Perfected Strike","Armaments"],"picked":"Pommel Strike","floor":12},{"not_picked":["Cleave","Evolve"],"picked":"Rampage","floor":13},{"not_picked":["Sentinel","Headbutt"],"picked":"Pummel","floor":15},{"not_picked":["Brutality","Dark Embrace"],"picked":"Bludgeon","floor":16},{"not_picked":["Rage","True Grit"],"picked":"Infernal Blade+1","floor":18},{"not_picked":["Pummel","Pommel Strike+1"],"picked":"Carnage+1","floor":19},{"not_picked":["Sword Boomerang+1","Wild Strike"],"picked":"Blood for Blood","floor":21},{"not_picked":["Pommel Strike+1","Armaments"],"picked":"Uppercut","floor":22},{"not_picked":["Armaments","Shrug It Off+1","Clash"],"picked":"SKIP","floor":24},{"not_picked":["Cleave","Sword Boomerang"],"picked":"Metallicize+1","floor":27},{"not_picked":["Battle Trance","Wild Strike+1"],"picked":"Dark Embrace","floor":27},{"not_picked":["Dropkick+1","Sword Boomerang+1","Clash"],"picked":"SKIP","floor":30},{"not_picked":["Exhume+1","Immolate"],"picked":"Feed","floor":33},{"not_picked":["Wild Strike","Sever Soul"],"picked":"Fire Breathing+1","floor":34},{"not_picked":["Headbutt","Iron Wave"],"picked":"Perfected Strike","floor":34},{"not_picked":["Wild Strike","Heavy Blade"],"picked":"Reaper","floor":34},{"not_picked":["Flex+1","Twin Strike"],"picked":"Pommel Strike+1","floor":34},{"not_picked":["Body Slam+1","Second Wind+1"],"picked":"Spot Weakness+1","floor":35},{"not_picked":["Intimidate+1","Anger"],"picked":"Fire Breathing+1","floor":35},{"not_picked":["Seeing Red+1","Infernal Blade+1"],"picked":"Clothesline+1","floor":37},{"not_picked":["Pommel Strike+1","Rupture+1"],"picked":"Demon Form","floor":40},{"not_picked":["Intimidate+1","Headbutt+1"],"picked":"Heavy Blade+1","floor":44},{"not_picked":["Cleave+1","Heavy Blade"],"picked":"Clothesline+1","floor":44},{"not_picked":["Cleave+1","Havoc+1","Clash+1"],"picked":"SKIP","floor":45},{"not_picked":["Thunderclap+1","True Grit+1","Reckless Charge"],"picked":"SKIP","floor":45},{"not_picked":["Pommel Strike","Disarm+1","True Grit+1"],"picked":"SKIP","floor":46}],"player_experience":1038301,"relics_obtained":[{"floor":6,"key":"Dream Catcher"},{"floor":8,"key":"Lantern"},{"floor":13,"key":"War Paint"},{"floor":14,"key":"Ginger"},{"floor":24,"key":"Prayer Wheel"},{"floor":26,"key":"Juzu Bracelet"},{"floor":30,"key":"Toxic Egg 2"},{"floor":37,"key":"Dead Branch"},{"floor":40,"key":"Red Skull"},{"floor":43,"key":"Darkstone Periapt"},{"floor":46,"key":"Vajra"}],"event_choices":[{"damage_healed":0,"gold_gain":75,"player_choice":"Gather Gold","damage_taken":11,"max_hp_gain":0,"max_hp_loss":0,"event_name":"World of Goop","floor":3,"gold_loss":0},{"damage_healed":0,"gold_gain":175,"player_choice":"AGREE","damage_taken":0,"max_hp_gain":0,"max_hp_loss":0,"event_name":"Liars Game","floor":4,"gold_loss":0,"cards_obtained":["Doubt"]},{"damage_healed":0,"gold_gain":0,"player_choice":"Opened","damage_taken":0,"relics_obtained":["Shuriken"],"max_hp_gain":0,"max_hp_loss":0,"event_name":"The Mausoleum","floor":29,"gold_loss":0,"cards_obtained":["Writhe"]},{"damage_healed":0,"gold_gain":0,"player_choice":"Rummage","damage_taken":0,"relics_obtained":["WarpedTongs"],"max_hp_gain":0,"max_hp_loss":0,"event_name":"Accursed Blacksmith","floor":31,"gold_loss":0,"cards_obtained":["Pain"]},{"damage_healed":0,"gold_gain":0,"player_choice":"Fight","damage_taken":0,"max_hp_gain":0,"max_hp_loss":0,"event_name":"Mysterious Sphere","floor":37,"gold_loss":0},{"cards_removed":["Strike_R"],"damage_healed":0,"gold_gain":0,"player_choice":"Removed Attack","damage_taken":0,"max_hp_gain":0,"max_hp_loss":0,"event_name":"Falling","floor":38,"gold_loss":0},{"damage_healed":20,"gold_gain":0,"player_choice":"Writhe","damage_taken":0,"max_hp_gain":0,"max_hp_loss":0,"event_name":"Winding Halls","floor":39,"gold_loss":0,"cards_obtained":["Writhe"]},{"damage_healed":0,"gold_gain":0,"player_choice":"Copied","damage_taken":0,"max_hp_gain":0,"max_hp_loss":0,"event_name":"Duplicator","floor":41,"gold_loss":0,"cards_obtained":["Demon Form"]},{"cards_removed":["Demon Form"],"damage_healed":39,"gold_gain":0,"player_choice":"Offered Rare","damage_taken":0,"max_hp_gain":10,"max_hp_loss":0,"event_name":"Bonfire Elementals","floor":48,"gold_loss":0}],"is_beta":true,"boss_relics":[{"not_picked":["Velvet Choker","Pandora\u0027s Box"],"picked":"Snecko Eye"},{"not_picked":["Philosopher\u0027s Stone","Eternal Feather"],"picked":"Orrery"}],"items_purged_floors":[],"is_endless":false,"potions_floor_spawned":[5,6,12,13,18,21,22,30,35,37,44],"killed_by":"Awakened One","ascension_level":7}