{"gold_per_floor":[118,118,20,31,41,71,81,100,124,136,161,161,192,192,192,293,293,305,230,230,5,20,54,54],"floor_reached":24,"playtime":1169,"items_purged":[],"score":320,"play_id":"6f472e17-1546-467f-a993-6b88209f1464","local_time":"20190605034514","is_ascension_mode":true,"campfire_choices":[{"data":"Uppercut","floor":12,"key":"SMITH"},{"floor":15,"key":"REST"}],"neow_cost":"NONE","seed_source_timestamp":1245181041150800,"circlet_count":0,"master_deck":["Strike_R","Strike_R","Strike_R","Strike_R","Strike_R","Defend_R","Defend_R","Defend_R","Defend_R","Bash","Finesse","Perfected Strike+1","Twin Strike","Spot Weakness","Flex","Perfected Strike","Uppercut+1","Battle Trance","Spot Weakness","Headbutt","Exhume","Limit Break","Doubt","Doubt","Cleave","Ghostly","Ghostly","Ghostly","Ghostly","Ghostly","Juggernaut","Offering","Feed","Dual Wield"],"relics":["Burning Blood","Red Skull","Art of War","Regal Pillow","Pen Nib","Nunchaku","Calling Bell","Centennial Puzzle","Self Forming Clay","Pocketwatch","Meat on the Bone"],"potions_floor_usage":[4,6,6,11,13,23],"damage_taken":[{"damage":10,"enemies":"Jaw Worm","floor":1,"turns":5},{"damage":0,"enemies":"Cultist","floor":4,"turns":1},{"damage":0,"enemies":"Small Slimes","floor":5,"turns":2},{"damage":13,"enemies":"Lagavulin","floor":6,"turns":7},{"damage":12,"enemies":"Exordium Wildlife","floor":7,"turns":3},{"damage":4,"enemies":"Blue Slaver","floor":8,"turns":2},{"damage":10,"enemies":"2 Fungi Beasts","floor":10,"turns":3},{"damage":28,"enemies":"3 Sentries","floor":11,"turns":6},{"damage":13,"enemies":"Lagavulin","floor":13,"turns":5},{"damage":41,"enemies":"Slime Boss","floor":16,"turns":8},{"damage":38,"enemies":"3 Byrds","floor":18,"turns":6},{"damage":10,"enemies":"Shell Parasite","floor":22,"turns":2},{"damage":25,"enemies":"Slavers","floor":23,"turns":7},{"damage":16,"enemies":"Snake Plant","floor":24,"turns":1}],"seed_played":"-892292265271295992","potions_obtained":[{"floor":1,"key":"Weak Potion"},{"floor":5,"key":"SkillPotion"},{"floor":8,"key":"GamblersBrew"},{"floor":11,"key":"SkillPotion"},{"floor":22,"key":"PowerPotion"}],"is_trial":false,"path_per_floor":["M","?","$","M","M","E","M","M","T","M","E","R","E","?","R","B",null,"M","?","?","$","M","E","M"],"character_chosen":"IRONCLAD","items_purchased":["Twin Strike","SteroidPotion","Juggernaut","Offering"],"campfire_rested":1,"item_purchase_floors":[3,3,21,21],"current_hp_per_floor":[76,76,76,80,80,73,67,69,69,65,43,43,36,11,50,15,64,32,32,32,32,28,9,0],"gold":54,"neow_bonus":"RANDOM_COLORLESS","is_prod":false,"is_daily":false,"chose_seed":false,"campfire_upgraded":1,"win_rate":0,"timestamp":1559720714,"path_taken":["M","?","$","?","M","E","M","M","T","?","E","R","E","?","R","BOSS","M","?","?","$","M","E","M"],"build_version":"2019-06-02","purchased_purges":0,"victory":false,"max_hp_per_floor":[80,80,80,80,80,80,80,80,80,80,80,80,80,80,80,80,80,80,80,40,40,40,40,40],"card_choices":[{"not_picked":["True Grit","Disarm"],"picked":"Perfected Strike","floor":1},{"not_picked":["Heavy Blade","Body Slam"],"picked":"Spot Weakness","floor":4},{"not_picked":["Combust","True Grit"],"picked":"Flex","floor":5},{"not_picked":["Evolve","Ghostly Armor"],"picked":"Perfected Strike","floor":6},{"not_picked":["Carnage","Sword Boomerang"],"picked":"Uppercut","floor":7},{"not_picked":["Power Through","Ghostly Armor"],"picked":"Battle Trance","floor":8},{"not_picked":["Pummel","Body Slam"],"picked":"Spot Weakness","floor":10},{"not_picked":["Shrug It Off","Clothesline"],"picked":"Headbutt","floor":11},{"not_picked":["Flex","Warcry"],"picked":"Exhume","floor":13},{"not_picked":["Juggernaut","Impervious"],"picked":"Limit Break","floor":16},{"not_picked":["Wild Strike+1","Headbutt"],"picked":"Cleave","floor":18},{"not_picked":["Havoc","Clothesline"],"picked":"Feed","floor":22},{"not_picked":["Bloodletting","Rage"],"picked":"Dual Wield","floor":23}],"player_experience":966262,"relics_obtained":[{"floor":6,"key":"Red Skull"},{"floor":9,"key":"Art of War"},{"floor":11,"key":"Regal Pillow"},{"floor":13,"key":"Pen Nib"},{"floor":17,"key":"Centennial Puzzle"},{"floor":17,"key":"Self Forming Clay"},{"floor":17,"key":"Pocketwatch"},{"floor":23,"key":"Meat on the Bone"}],"event_choices":[{"damage_healed":0,"gold_gain":0,"player_choice":"Forge","damage_taken":0,"max_hp_gain":0,"max_hp_loss":0,"event_name":"Accursed Blacksmith","floor":2,"gold_loss":0,"cards_upgraded":["Perfected Strike"]},{"damage_healed":0,"gold_gain":0,"player_choice":"Success","damage_taken":25,"relics_obtained":["Nunchaku"],"max_hp_gain":0,"max_hp_loss":0,"event_name":"Scrap Ooze","floor":14,"gold_loss":0},{"cards_removed":["Pain"],"damage_healed":0,"gold_gain":0,"player_choice":"Gave Gold","damage_taken":0,"max_hp_gain":0,"max_hp_loss":0,"event_name":"Beggar","floor":19,"gold_loss":75},{"damage_healed":0,"gold_gain":0,"player_choice":"Became a Ghost","damage_taken":0,"max_hp_gain":0,"max_hp_loss":40,"event_name":"Ghosts","floor":20,"gold_loss":0,"cards_obtained":["Ghostly","Ghostly","Ghostly","Ghostly","Ghostly"]}],"is_beta":true,"boss_relics":[{"not_picked":["Mark of Pain","White Beast Statue"],"picked":"Calling Bell"}],"items_purged_floors":[],"is_endless":false,"potions_floor_spawned":[1,5,8,11,22],"killed_by":"Snake Plant","ascension_level":5}