{"gold_per_floor":[114,126,126,201,161,161,192,192,192,204,204,379,141,171,171,276,276,294,284,40,40,40,40,57,57,57,57,75,435,435],"floor_reached":30,"playtime":884,"items_purged":[],"score":246,"play_id":"c3e89ade-f9df-451c-8f37-e279002c266f","local_time":"20180722030712","is_ascension_mode":true,"campfire_choices":[{"data":"Loop","floor":6,"key":"SMITH"},{"floor":8,"key":"REST"},{"data":"Doom and Gloom","floor":11,"key":"SMITH"},{"floor":15,"key":"REST"},{"floor":23,"key":"REST"},{"floor":25,"key":"REST"}],"neow_cost":"NONE","seed_source_timestamp":1121807918853513,"circlet_count":0,"master_deck":["Strike_B+1","Strike_B+1","Strike_B+1","Strike_B+1","Defend_B+1","Defend_B+1","Defend_B+1","Defend_B+1","Zap","Dualcast","Cold Snap","Loop+1","Reboot","Doom and Gloom+1","Doubt","All For One","Bandage Up","Echo Form","Leap+1","Scrape","Mind Blast","Tempest","Necronomicurse","Melter+1"],"relics":["Sozu","Art of War","Kunai","Tiny Chest","Cursed Key","Omamori","Happy Flower","The Courier","Necronomicon"],"potions_floor_usage":[],"damage_taken":[{"damage":2,"enemies":"Jaw Worm","floor":1,"turns":3},{"damage":1,"enemies":"2 Louse","floor":2,"turns":3},{"damage":22,"enemies":"Lagavulin","floor":7,"turns":7},{"damage":8,"enemies":"Small Slimes","floor":10,"turns":3},{"damage":41,"enemies":"Hexaghost","floor":16,"turns":9},{"damage":1,"enemies":"Spheric Guardian","floor":18,"turns":3},{"damage":19,"enemies":"2 Thieves","floor":19,"turns":4},{"damage":37,"enemies":"Centurion and Healer","floor":24,"turns":7},{"damage":0,"enemies":"Chosen and Byrds","floor":28,"turns":4},{"damage":19,"enemies":"Slaver and Parasite","floor":30,"turns":3}],"seed_played":"5665479392442062505","potions_obtained":[],"is_trial":false,"path_per_floor":["M","M","$","?","?","R","E","R","T","M","R","?","$","?","R","B",null,"M","M","$","?","?","R","M","R","T","?","M","?"],"character_chosen":"DEFECT","items_purchased":["All For One","Bandage Up","Omamori","Mind Blast"],"campfire_rested":4,"item_purchase_floors":[13,13,20,20],"current_hp_per_floor":[73,72,72,61,61,61,39,61,61,53,53,53,53,50,72,35,75,74,56,56,56,56,75,46,68,68,52,52,17,0],"gold":435,"neow_bonus":"BOSS_RELIC","is_prod":false,"is_daily":false,"chose_seed":false,"campfire_upgraded":2,"win_rate":0,"timestamp":1532243232,"path_taken":["M","M","$","?","?","R","E","R","T","?","R","?","?","?","R","BOSS","M","M","$","?","?","R","M","R","T","?","M","?","?"],"build_version":"2018-07-19","purchased_purges":0,"victory":false,"max_hp_per_floor":[75,75,75,75,75,75,75,75,75,75,75,75,75,75,75,75,75,75,75,75,75,75,75,75,75,75,75,75,75,75],"card_choices":[{"not_picked":["Barrage","Leap"],"picked":"Cold Snap","floor":1},{"not_picked":["Ball Lightning","Stack"],"picked":"Loop","floor":2},{"not_picked":["Sweeping Beam","Cold Snap"],"picked":"Reboot","floor":7},{"not_picked":["Beam Cell","Static Discharge"],"picked":"Doom and Gloom","floor":10},{"not_picked":["Hyperbeam","All For One"],"picked":"Echo Form","floor":16},{"not_picked":["Reinforced Body+1","Turbo"],"picked":"Leap+1","floor":18},{"not_picked":["Coolheaded","Rebound"],"picked":"Scrape","floor":19},{"not_picked":["Hologram","Hello World"],"picked":"Tempest","floor":24},{"not_picked":["FTL","Reprogram"],"picked":"Melter+1","floor":28}],"player_experience":473887,"relics_obtained":[{"floor":7,"key":"Art of War"},{"floor":9,"key":"Kunai"},{"floor":26,"key":"The Courier"},{"floor":27,"key":"Necronomicon"}],"event_choices":[{"event_name":"World of Goop","player_choice":"Gather Gold","floor":4,"damage_taken":0},{"event_name":"The Woman in Blue","player_choice":"Bought 3 Potions","floor":5,"damage_taken":0},{"event_name":"Liars Game","player_choice":"agreed","floor":12,"damage_taken":0},{"event_name":"Scrap Ooze","player_choice":"success","floor":14,"damage_taken":3},{"event_name":"The Mausoleum","player_choice":"Yes","floor":21,"damage_taken":0},{"event_name":"Back to Basics","player_choice":"Simplicity","floor":22,"damage_taken":0},{"event_name":"Cursed Tome","player_choice":"Obtained Book","floor":27,"damage_taken":0},{"event_name":"Knowing Skull","player_choice":"GOLD GOLD GOLD GOLD ","floor":29,"damage_taken":0}],"is_beta":true,"boss_relics":[{"not_picked":["Busted Crown","Eternal Feather"],"picked":"Cursed Key"}],"items_purged_floors":[],"is_endless":false,"potions_floor_spawned":[10,16,18,19,28],"killed_by":"Slaver and Parasite","ascension_level":2}