{"gold_per_floor":[114,172,172,172,183,183,244,244,244,260,39,59,93,111,111,182,182,197,197,297,11,27,53,53,85,136,155,170,170,197,214,214,292,292,309,328,328,84,96,121,21,51,119,139,152,152,166,195,195,195],"floor_reached":51,"playtime":3899,"items_purged":["Strike_G","Strike_G","Strike_G"],"score":1818,"play_id":"111fff55-806f-4ef4-82b7-41aec50423dc","local_time":"20190610224857","is_ascension_mode":true,"campfire_choices":[{"data":"Neutralize","floor":6.0,"key":"SMITH"},{"data":"Malaise","floor":8.0,"key":"SMITH"},{"data":"Footwork","floor":15.0,"key":"SMITH"},{"data":"Footwork","floor":24.0,"key":"SMITH"},{"data":"Footwork","floor":29.0,"key":"SMITH"},{"data":"Prepared","floor":32.0,"key":"SMITH"},{"data":"Apotheosis","floor":46.0,"key":"SMITH"},{"floor":49.0,"key":"REST"}],"neow_cost":"NONE","seed_source_timestamp":0,"circlet_count":0,"master_deck":["AscendersBane","Defend_G+1","Defend_G","Defend_G","Defend_G","Defend_G","Strike_G","Strike_G","Survivor","Neutralize+1","Backstab+1","Cloak And Dagger+1","Malaise+1","Cloak And Dagger","Finisher","Footwork+1","Adrenaline","Footwork+1","Dodge and Roll","Footwork+1","Infinite Blades","Backflip","Predator+1","Cloak And Dagger+1","Prepared+1","A Thousand Cuts","Eviscerate+1","Glass Knife+1","Neutralize+1","Apotheosis+1","Escape Plan","PiercingWail+1","Adrenaline","Parasite"],"special_seed":0,"relics":["Ring of the Serpent","NeowsBlessing","Ninja Scroll","Tiny Chest","Du-Vu Doll","Sling","Lantern","HoveringKite","Bird Faced Urn","The Courier","Ornamental Fan","PreservedInsect","Anchor","War Paint","Molten Egg 2","Kunai","Tingsha","Darkstone Periapt","Paper Crane"],"potions_floor_usage":[],"damage_taken":[{"damage":0.0,"enemies":"Jaw Worm","floor":1.0,"turns":1.0},{"damage":0.0,"enemies":"2 Louse","floor":5.0,"turns":1.0},{"damage":0.0,"enemies":"Lagavulin","floor":7.0,"turns":1.0},{"damage":0.0,"enemies":"Cultist","floor":10.0,"turns":2.0},{"damage":0.0,"enemies":"2 Fungi Beasts","floor":12.0,"turns":3.0},{"damage":0.0,"enemies":"Gremlin Nob","floor":13.0,"turns":2.0},{"damage":0.0,"enemies":"Large Slime","floor":14.0,"turns":1.0},{"damage":0.0,"enemies":"Slime Boss","floor":16.0,"turns":7.0},{"damage":10.0,"enemies":"3 Byrds","floor":18.0,"turns":10.0},{"damage":6.0,"enemies":"Colosseum Slavers","floor":20.0,"turns":5.0},{"damage":21.0,"enemies":"Colosseum Nobs","floor":20.0,"turns":8.0},{"damage":0.0,"enemies":"Chosen","floor":22.0,"turns":4.0},{"damage":0.0,"enemies":"Book of Stabbing","floor":23.0,"turns":11.0},{"damage":0.0,"enemies":"Gremlin Leader","floor":25.0,"turns":6.0},{"damage":13.0,"enemies":"Sentry and Sphere","floor":27.0,"turns":9.0},{"damage":0.0,"enemies":"Snake Plant","floor":28.0,"turns":6.0},{"damage":0.0,"enemies":"Book of Stabbing","floor":30.0,"turns":4.0},{"damage":0.0,"enemies":"Snecko","floor":31.0,"turns":2.0},{"damage":38.0,"enemies":"Automaton","floor":33.0,"turns":17.0},{"damage":0.0,"enemies":"3 Shapes","floor":35.0,"turns":4.0},{"damage":12.0,"enemies":"3 Darklings","floor":36.0,"turns":8.0},{"damage":7.0,"enemies":"4 Shapes","floor":39.0,"turns":9.0},{"damage":18.0,"enemies":"Reptomancer","floor":40.0,"turns":6.0},{"damage":0.0,"enemies":"Giant Head","floor":42.0,"turns":8.0},{"damage":0.0,"enemies":"Writhing Mass","floor":44.0,"turns":6.0},{"damage":32.0,"enemies":"3 Darklings","floor":45.0,"turns":5.0},{"damage":1.0,"enemies":"Maw","floor":47.0,"turns":7.0},{"damage":12.0,"enemies":"Reptomancer","floor":48.0,"turns":6.0},{"damage":5,"enemies":"Awakened One","floor":50,"turns":18}],"seed_played":"5169742593384094416","potions_obtained":[{"floor":1.0,"key":"FearPotion"},{"floor":12.0,"key":"FearPotion"},{"floor":13.0,"key":"Poison Potion"},{"floor":18.0,"key":"GamblersBrew"},{"floor":22.0,"key":"AttackPotion"},{"floor":23.0,"key":"Regen Potion"},{"floor":27.0,"key":"Strength Potion"},{"floor":33.0,"key":"LiquidBronze"},{"floor":35.0,"key":"SpeedPotion"},{"floor":39.0,"key":"GhostInAJar"},{"floor":40.0,"key":"SteroidPotion"}],"is_trial":false,"path_per_floor":["M","?","?","?","M","R","E","R","T","M","$","M","E","M","R","B",null,"M","?","?","$","M","E","R","E","T","M","M","R","E","M","R","B",null,"M","M","?","$","M","E","$","E","T","M","M","R","M","E","R","B",null],"character_chosen":"THE_SILENT","items_purchased":["Sling","Ornamental Fan","Apotheosis"],"campfire_rested":1,"item_purchase_floors":[11,21,38],"current_hp_per_floor":[59,59,48,48,48,48,48,48,48,48,48,48,48,48,48,48,62,52,34,7,7,9,15,15,38,38,33,39,39,47,49,49,19,58,66,63,63,63,66,57,57,67,67,77,47,47,56,54,77,76],"gold":195,"neow_bonus":"THREE_ENEMY_KILL","is_prod":false,"is_daily":false,"chose_seed":false,"campfire_upgraded":7,"win_rate":0,"timestamp":1560199737,"path_taken":["M","?","?","?","M","R","E","R","T","M","$","M","E","?","R","BOSS","M","?","?","$","M","E","R","E","T","M","M","R","E","?","R","BOSS","M","M","?","$","M","E","$","E","T","?","M","R","?","E","R","BOSS"],"build_version":"2019-01-23","purchased_purges":3,"victory":true,"max_hp_per_floor":[66,66,66,66,66,66,66,66,66,66,66,66,66,66,66,66,66,66,71,71,71,71,71,71,71,71,71,71,71,71,71,71,71,71,71,71,71,71,71,71,71,71,71,77,77,77,77,77,77,77],"card_choices":[{"not_picked":["Prepared","Slice"],"picked":"Backstab","floor":1.0},{"not_picked":["Heel Hook","Deflect"],"picked":"Cloak And Dagger","floor":5.0},{"not_picked":["Flying Knee","PiercingWail"],"picked":"Malaise","floor":7.0},{"not_picked":["Skewer","Expertise"],"picked":"Cloak And Dagger","floor":10.0},{"not_picked":["Bane","Acrobatics"],"picked":"Finisher","floor":12.0},{"not_picked":["Blur","Sucker Punch"],"picked":"Footwork","floor":13.0},{"not_picked":["Backflip","Outmaneuver","Heel Hook"],"picked":"SKIP","floor":14.0},{"not_picked":["Malaise","Die Die Die"],"picked":"Adrenaline","floor":16.0},{"not_picked":["Flying Knee","Sucker Punch"],"picked":"Footwork","floor":18.0},{"not_picked":["Masterful Stab","Acrobatics"],"picked":"Dodge and Roll","floor":20.0},{"not_picked":["Poisoned Stab","Storm of Steel"],"picked":"Footwork","floor":22.0},{"not_picked":["Quick Slash","Heel Hook"],"picked":"Infinite Blades","floor":23.0},{"not_picked":["Quick Slash","Tactician","Masterful Stab"],"picked":"SKIP","floor":25.0},{"not_picked":["Flechettes","Quick Slash"],"picked":"Backflip","floor":27.0},{"not_picked":["Backflip","Dagger Throw"],"picked":"Predator+1","floor":28.0},{"not_picked":["Heel Hook","Quick Slash"],"picked":"Cloak And Dagger+1","floor":30.0},{"not_picked":["Venomology","Dagger Spray+1","Prepared"],"picked":"SKIP","floor":31.0},{"not_picked":["Venomology","Dagger Spray+1"],"picked":"Prepared","floor":31.0},{"not_picked":["Storm of Steel","Phantasmal Killer"],"picked":"A Thousand Cuts","floor":33.0},{"not_picked":["Sucker Punch+1","Prepared+1","Poisoned Stab+1"],"picked":"SKIP","floor":35.0},{"not_picked":["Acrobatics+1","Flying Knee+1"],"picked":"Eviscerate+1","floor":36.0},{"not_picked":["Underhanded Strike+1","Riddle With Holes+1"],"picked":"Escape Plan","floor":39.0},{"not_picked":["Acrobatics","Underhanded Strike+1"],"picked":"PiercingWail+1","floor":40.0},{"not_picked":["Poisoned Stab+1","Quick Slash+1"],"picked":"Adrenaline","floor":42.0},{"not_picked":["Bane+1","Flechettes+1","PiercingWail"],"picked":"SKIP","floor":44.0},{"not_picked":["Dagger Spray+1","Prepared+1","Poisoned Stab+1"],"picked":"SKIP","floor":45.0},{"not_picked":["Flying Knee+1","Backflip","Poisoned Stab+1"],"picked":"SKIP","floor":47.0},{"not_picked":["Phantasmal Killer","Quick Slash+1","Flying Knee+1"],"picked":"SKIP","floor":48.0}],"player_experience":593072,"relics_obtained":[{"floor":7.0,"key":"Tiny Chest"},{"floor":9.0,"key":"Du-Vu Doll"},{"floor":13.0,"key":"Lantern"},{"floor":20.0,"key":"Bird Faced Urn"},{"floor":20.0,"key":"The Courier"},{"floor":23.0,"key":"PreservedInsect"},{"floor":25.0,"key":"Anchor"},{"floor":26.0,"key":"War Paint"},{"floor":30.0,"key":"Molten Egg 2"},{"floor":40.0,"key":"Kunai"},{"floor":42.0,"key":"Tingsha"},{"floor":43.0,"key":"Darkstone Periapt"},{"floor":48.0,"key":"Paper Crane"}],"event_choices":[{"damage_healed":0.0,"max_hp_gain":0.0,"max_hp_loss":0.0,"gold_gain":58.0,"event_name":"Golden Wing","player_choice":"Gained Gold","floor":2.0,"gold_loss":0.0,"damage_taken":0.0},{"damage_healed":0.0,"max_hp_gain":0.0,"max_hp_loss":0.0,"gold_gain":0.0,"event_name":"Scrap Ooze","player_choice":"Success","floor":3.0,"gold_loss":0.0,"damage_taken":11.0,"relics_obtained":["Ninja Scroll"]},{"damage_healed":0.0,"max_hp_gain":0.0,"max_hp_loss":0.0,"gold_gain":0.0,"event_name":"Upgrade Shrine","player_choice":"Upgraded","floor":4.0,"gold_loss":0.0,"damage_taken":0.0,"cards_upgraded":["Backstab"]},{"damage_healed":0.0,"max_hp_gain":5.0,"max_hp_loss":0.0,"gold_gain":0.0,"event_name":"Forgotten Altar","player_choice":"Shed Blood","floor":19.0,"gold_loss":0.0,"damage_taken":23.0},{"damage_healed":0.0,"max_hp_gain":0.0,"max_hp_loss":0.0,"gold_gain":0.0,"event_name":"Colosseum","player_choice":"Fight","floor":20.0,"gold_loss":0.0,"damage_taken":0.0},{"damage_healed":0.0,"max_hp_gain":0.0,"max_hp_loss":0.0,"gold_gain":0.0,"event_name":"Colosseum","player_choice":"Fought Nobs","floor":20.0,"gold_loss":0.0,"damage_taken":0.0},{"damage_healed":0.0,"max_hp_gain":0.0,"max_hp_loss":0.0,"gold_gain":0.0,"event_name":"Match and Keep!","player_choice":"2 cards matched","floor":37.0,"gold_loss":0.0,"damage_taken":0.0,"cards_obtained":["Glass Knife","Neutralize"]}],"is_beta":false,"boss_relics":[{"not_picked":["Philosopher\u0027s Stone","Lizard Tail"],"picked":"HoveringKite"},{"not_picked":["Snecko Eye","Black Star"],"picked":"Ring of the Serpent"}],"items_purged_floors":[21,38,41],"is_endless":false,"potions_floor_spawned":[1,12,13,18,22,23,27,33,35,39,40,45],"ascension_level":18}