{"gold_per_floor":[17,17,92,112,112,112,132,27,54,64,91,22,22,22,22,120,120,110,110,127,127,127],"floor_reached":22,"playtime":771,"items_purged":[],"score":234,"play_id":"fc5695d7-3490-4c51-a6dc-0ffbf40db368","local_time":"20180714061106","is_ascension_mode":true,"campfire_choices":[{"data":"Bash","floor":6,"key":"SMITH"},{"floor":13,"key":"REST"},{"floor":15,"key":"REST"}],"neow_cost":"NO_GOLD","seed_source_timestamp":441789196229618,"circlet_count":0,"master_deck":["Defend_R","Defend_R","Defend_R","Defend_R+1","Bash+1","Havoc","Flex","Inflame","Pummel","Shockwave","Madness+1","Dropkick","Perfected Strike","Wild Strike","Flex","Reaper","Rampage","Bite","Bite","Bite","Bite","Bite","Power Through+1"],"relics":["Burning Blood","Ancient Tea Set","Gremlin Horn","Runic Pyramid"],"potions_floor_usage":[10,11,18],"damage_taken":[{"damage":1,"enemies":"Cultist","floor":1,"turns":3},{"damage":0,"enemies":"2 Louse","floor":4,"turns":2},{"damage":0,"enemies":"Small Slimes","floor":7,"turns":2},{"damage":0,"enemies":"Looter","floor":10,"turns":2},{"damage":48,"enemies":"3 Sentries","floor":11,"turns":13},{"damage":17,"enemies":"Slime Boss","floor":16,"turns":8},{"damage":34,"enemies":"2 Thieves","floor":18,"turns":4},{"damage":22,"enemies":"Shell Parasite","floor":20,"turns":5},{"damage":75,"enemies":"Cultist and Chosen","floor":22,"turns":6}],"seed_played":"5942694726680930052","potions_obtained":[{"floor":1,"key":"Block Potion"},{"floor":4,"key":"SpeedPotion"},{"floor":16,"key":"Regen Potion"}],"is_trial":false,"path_per_floor":["M","?","?","M","?","R","M","$","T","M","E","$","R","?","R","B",null,"M","?","M","$"],"character_chosen":"IRONCLAD","items_purchased":["Madness","Wild Strike","Flex"],"campfire_rested":2,"item_purchase_floors":[8,12,12],"current_hp_per_floor":[80,80,69,75,59,59,65,65,65,71,29,29,53,53,77,66,80,76,56,48,48,0],"gold":127,"neow_bonus":"TRANSFORM_TWO_CARDS","is_prod":false,"is_daily":false,"chose_seed":false,"campfire_upgraded":1,"win_rate":0,"timestamp":1531563066,"path_taken":["M","?","?","?","?","R","M","$","T","?","E","?","R","?","R","BOSS","M","?","M","$","M"],"build_version":"2018-07-13","purchased_purges":0,"victory":false,"max_hp_per_floor":[80,80,80,80,80,80,80,80,80,80,80,80,80,80,80,80,80,80,56,56,56,56],"card_choices":[{"not_picked":["Combust","Clothesline"],"picked":"Inflame","floor":1},{"not_picked":["Rupture","Clothesline"],"picked":"Pummel","floor":4},{"not_picked":["Warcry","Clash"],"picked":"Shockwave","floor":7},{"not_picked":["Uppercut","Fire Breathing"],"picked":"Dropkick","floor":10},{"not_picked":["Intimidate","Flex"],"picked":"Perfected Strike","floor":11},{"not_picked":["Juggernaut","Berserk"],"picked":"Reaper","floor":16},{"not_picked":["Rage","Iron Wave"],"picked":"Rampage","floor":18},{"not_picked":["Armaments","Heavy Blade"],"picked":"Power Through+1","floor":20}],"player_experience":424389,"relics_obtained":[{"floor":9,"key":"Ancient Tea Set"},{"floor":11,"key":"Gremlin Horn"}],"event_choices":[{"event_name":"The Cleric","player_choice":"Leave","floor":2,"damage_taken":0},{"event_name":"World of Goop","player_choice":"Gather Gold","floor":3,"damage_taken":0},{"event_name":"Shining Light","player_choice":"Entered Light","floor":5,"damage_taken":0},{"event_name":"Upgrade Shrine","player_choice":"Upgraded","floor":14,"damage_taken":0},{"event_name":"Vampires","player_choice":"Became a vampire","floor":19,"damage_taken":0}],"boss_relics":[{"not_picked":["Velvet Choker","Pandora\u0027s Box"],"picked":"Runic Pyramid"}],"items_purged_floors":[],"is_endless":false,"potions_floor_spawned":[1,4,16],"killed_by":"Cultist and Chosen","ascension_level":3}