{"gold_per_floor":[113,124,124,124,139,173,173,183,206,206,217,217,237,237],"floor_reached":14,"playtime":934,"items_purged":[],"score":92,"play_id":"a49e6054-46cf-4dfb-ab05-9679f5734292","local_time":"20190704232030","is_ascension_mode":false,"campfire_choices":[{"data":"Echo Form","floor":7,"key":"SMITH"},{"floor":10,"key":"REST"},{"data":"Zap","floor":12,"key":"SMITH"}],"neow_cost":"NONE","seed_source_timestamp":737683107021912,"circlet_count":0,"master_deck":["Strike_B","Strike_B","Strike_B","Strike_B","Defend_B","Defend_B","Defend_B","Defend_B","Zap+1","Dualcast","Creative AI+1","Genetic Algorithm","Skim","Regret","Go for the Eyes","Echo Form+1","Go for the Eyes","Undo","Leap"],"relics":["Cracked Core","Bag of Marbles","Orichalcum","Juzu Bracelet"],"potions_floor_usage":[],"damage_taken":[{"damage":8,"enemies":"Cultist","floor":1,"turns":5},{"damage":1,"enemies":"Jaw Worm","floor":2,"turns":4},{"damage":0,"enemies":"Small Slimes","floor":5,"turns":2},{"damage":42,"enemies":"Gremlin Nob","floor":6,"turns":5},{"damage":11,"enemies":"Looter","floor":8,"turns":4},{"damage":9,"enemies":"2 Fungi Beasts","floor":11,"turns":4},{"damage":10,"enemies":"Exordium Wildlife","floor":13,"turns":5},{"damage":22,"enemies":"Gremlin Gang","floor":14,"turns":3}],"seed_played":"7996304616252831424","potions_obtained":[{"floor":6,"key":"Block Potion"},{"floor":8,"key":"Energy Potion"},{"floor":13,"key":"Weak Potion"}],"is_trial":false,"path_per_floor":["M","M","?","?","M","E","R","M","T","R","M","R","M","M"],"character_chosen":"DEFECT","items_purchased":[],"campfire_rested":1,"item_purchase_floors":[],"current_hp_per_floor":[67,66,66,66,66,24,24,13,13,35,26,26,16,0],"gold":237,"neow_bonus":"ONE_RANDOM_RARE_CARD","is_prod":false,"is_daily":false,"chose_seed":false,"campfire_upgraded":2,"win_rate":0.0,"timestamp":1562296830,"path_taken":["M","?","?","?","M","E","R","M","T","R","M","R","M","M"],"build_version":"2019-07-01","purchased_purges":0,"victory":false,"max_hp_per_floor":[75,75,75,75,75,75,75,75,75,75,75,75,75,75],"card_choices":[{"not_picked":["Sweeping Beam","Leap"],"picked":"Genetic Algorithm","floor":1},{"not_picked":["Stack","Gash"],"picked":"Skim","floor":2},{"not_picked":["Steam","Redo"],"picked":"Go for the Eyes","floor":5},{"not_picked":["Rebound","Lockon"],"picked":"Echo Form","floor":6},{"not_picked":["Hologram","Streamline"],"picked":"Go for the Eyes","floor":8},{"not_picked":["Streamline","Redo"],"picked":"Undo","floor":11},{"not_picked":["Steam Power","Steam"],"picked":"Leap","floor":13}],"player_experience":38030,"relics_obtained":[{"floor":6,"key":"Orichalcum"},{"floor":9,"key":"Juzu Bracelet"}],"event_choices":[{"damage_healed":0,"gold_gain":0,"player_choice":"Grow","damage_taken":0,"max_hp_gain":0,"max_hp_loss":0,"event_name":"Living Wall","floor":3,"gold_loss":0,"cards_upgraded":["Creative AI"]},{"damage_healed":0,"gold_gain":0,"player_choice":"Box","damage_taken":0,"relics_obtained":["Bag of Marbles"],"max_hp_gain":0,"max_hp_loss":0,"event_name":"Big Fish","floor":4,"gold_loss":0,"cards_obtained":["Regret"]}],"is_beta":false,"boss_relics":[],"items_purged_floors":[],"is_endless":false,"potions_floor_spawned":[6,8,13],"killed_by":"Gremlin Gang","ascension_level":0}