{"path_per_floor":["M","?","?","?","M","E","R","M","T","R","M","M","M","M","R"],"character_chosen":"DEFECT","items_purchased":[],"gold_per_floor":[110,75,250,325,342,676,676,686,686,686,696,713,733,749,749,749],"floor_reached":16,"campfire_rested":2,"playtime":881,"current_hp_per_floor":[67,68,68,57,49,28,48,43,43,63,60,59,59,54,54,0],"items_purged":[],"gold":749,"score":104,"play_id":"29bedb81-c764-4d4a-8dd8-4ab0b8af2bf7","local_time":"20180513235841","is_prod":false,"is_daily":false,"chose_seed":false,"is_ascension_mode":false,"campfire_upgraded":0,"timestamp":1526270321,"path_taken":["M","?","?","?","?","E","R","M","T","R","M","M","M","?","R","BOSS"],"build_version":"2018-05-12v2","seed_source_timestamp":32447188425693,"purchased_purges":0,"victory":false,"master_deck":["Strike_B","Strike_B","Strike_B","Strike_B","Defend_B","Defend_B","Defend_B","Defend_B","Zap","Dualcast","BootSequence","Doubt","Go for the Eyes","Static Discharge","Melter","Sunder","Thunder Strike","Static Discharge","Steam"],"max_hp_per_floor":[68,68,68,68,68,68,68,68,68,68,68,68,68,68,68,68],"relics":["Cracked Core","Girya","Old Coin","Ginger"],"card_choices":[{"not_picked":["Sweeping Beam","Cold Snap"],"picked":"BootSequence","floor":1},{"not_picked":["Capacitor","Cold Snap"],"picked":"Go for the Eyes","floor":5},{"not_picked":["Sweeping Beam","Loop"],"picked":"Static Discharge","floor":6},{"not_picked":["Rebound","Leap"],"picked":"Melter","floor":8},{"not_picked":["Undo","Ball Lightning"],"picked":"Sunder","floor":11},{"not_picked":["Skim","Leap"],"picked":"Thunder Strike","floor":12},{"not_picked":["Ball Lightning","Redo"],"picked":"Static Discharge","floor":13},{"not_picked":["Streamline","Sweeping Beam"],"picked":"Steam","floor":14}],"player_experience":233560,"potions_floor_usage":[5,14,16],"damage_taken":[{"damage":1,"enemies":"Cultist","floor":1,"turns":3},{"damage":8,"enemies":"Small Slimes","floor":5,"turns":3},{"damage":21,"enemies":"Lagavulin","floor":6,"turns":8},{"damage":5,"enemies":"2 Louse","floor":8,"turns":3},{"damage":3,"enemies":"Large Slime","floor":11,"turns":5},{"damage":1,"enemies":"Exordium Wildlife","floor":12,"turns":4},{"damage":0,"enemies":"2 Fungi Beasts","floor":13,"turns":2},{"damage":5,"enemies":"Looter","floor":14,"turns":3},{"damage":56,"enemies":"The Guardian","floor":16,"turns":9}],"event_choices":[{"event_name":"The Cleric","player_choice":"Healed","floor":2,"damage_taken":0},{"event_name":"Liars Game","player_choice":"agreed","floor":3,"damage_taken":0},{"event_name":"World of Goop","player_choice":"Gather Gold","floor":4,"damage_taken":0}],"boss_relics":[],"potions_floor_spawned":[1,12,14],"seed_played":"7371672309262555287","killed_by":"The Guardian","ascension_level":0,"is_trial":false}