{"gold_per_floor":[109,119,139,139,156,183,183,211,211,211,222,232,265,277,277,354,354,372,372,382,382,382,417,436,450,525,553,568,601,601,634,634,713,713,726,560,111,127,146,146,181,181,181,207,218,229,258,258,258,258],"floor_reached":51,"playtime":2970,"items_purged":[],"score":1630,"play_id":"34123682-e1be-46cf-982e-e57cd6014dbd","local_time":"20181013133449","is_ascension_mode":true,"campfire_choices":[{"data":"Shockwave","floor":7.0,"key":"SMITH"},{"floor":10.0,"key":"REST"},{"data":"Disarm","floor":15.0,"key":"SMITH"},{"data":"Demon Form","floor":32,"key":"SMITH"},{"data":"Disarm","floor":40,"key":"SMITH"},{"data":"Metallicize","floor":42,"key":"SMITH"},{"data":"Metallicize","floor":49,"key":"SMITH"}],"neow_cost":"NONE","seed_source_timestamp":223220134005261,"circlet_count":0,"master_deck":["Defend_R+1","Defend_R+1","Defend_R+1","Defend_R+1","Bash+1","AscendersBane","Feed","Infernal Blade","Shockwave+1","Iron Wave","Metallicize+1","Disarm+1","Metallicize+1","Uppercut+1","Demon Form+1","Bite+1","Bite+1","Bite+1","Bite+1","Bite+1","Shrug It Off","Iron Wave+1","Whirlwind+1","Impervious","Battle Trance","Offering","Feel No Pain","Disarm+1","Demon Form+1"],"special_seed":0,"relics":["Burning Blood","Molten Egg 2","Torii","Self Forming Clay","Gremlin Horn","Sozu","Vajra","Darkstone Periapt","Thread and Needle","Gambling Chip","WingedGreaves","Velvet Choker","Pen Nib","Ancient Tea Set","Letter Opener","Smiling Mask","Calipers","Centennial Puzzle","Anchor"],"potions_floor_usage":[29],"damage_taken":[{"damage":15.0,"enemies":"Small Slimes","floor":1.0,"turns":5.0},{"damage":0.0,"enemies":"Cultist","floor":2.0,"turns":2.0},{"damage":7.0,"enemies":"Jaw Worm","floor":3.0,"turns":3.0},{"damage":9.0,"enemies":"Looter","floor":5.0,"turns":3.0},{"damage":18.0,"enemies":"Gremlin Nob","floor":6.0,"turns":4.0},{"damage":36.0,"enemies":"Lagavulin","floor":8.0,"turns":7.0},{"damage":1.0,"enemies":"Lots of Slimes","floor":11.0,"turns":4.0},{"damage":2.0,"enemies":"Blue Slaver","floor":12.0,"turns":4.0},{"damage":16.0,"enemies":"3 Sentries","floor":13.0,"turns":14.0},{"damage":2.0,"enemies":"Red Slaver","floor":14.0,"turns":7.0},{"damage":22.0,"enemies":"Hexaghost","floor":16.0,"turns":14.0},{"damage":8.0,"enemies":"3 Byrds","floor":18.0,"turns":8.0},{"damage":7,"enemies":"Shell Parasite","floor":20,"turns":6},{"damage":31,"enemies":"Slavers","floor":23,"turns":7},{"damage":11,"enemies":"Cultist and Chosen","floor":24,"turns":11},{"damage":21,"enemies":"Sentry and Sphere","floor":25,"turns":5},{"damage":4,"enemies":"Book of Stabbing","floor":27,"turns":9},{"damage":0,"enemies":"Chosen and Byrds","floor":28,"turns":7},{"damage":27,"enemies":"Slavers","floor":29,"turns":6},{"damage":0,"enemies":"Gremlin Leader","floor":31,"turns":6},{"damage":7,"enemies":"Champ","floor":33,"turns":13},{"damage":12,"enemies":"3 Shapes","floor":35,"turns":10},{"damage":16,"enemies":"3 Darklings","floor":38,"turns":3},{"damage":26,"enemies":"4 Shapes","floor":39,"turns":4},{"damage":27,"enemies":"Nemesis","floor":41,"turns":7},{"damage":9,"enemies":"2 Orb Walkers","floor":44,"turns":6},{"damage":6,"enemies":"Maw","floor":45,"turns":7},{"damage":6,"enemies":"Reptomancer","floor":46,"turns":8},{"damage":17,"enemies":"Giant Head","floor":47,"turns":8},{"damage":6,"enemies":"Time Eater","floor":50,"turns":6}],"seed_played":"1312564253346688054","potions_obtained":[{"floor":1.0,"key":"Swift Potion"},{"floor":6.0,"key":"EntropicBrew"},{"floor":13.0,"key":"SteroidPotion"},{"floor":16.0,"key":"BloodPotion"}],"is_trial":false,"path_per_floor":["M","M","M","?","M","E","R","E","T","R","M","M","E","M","R","B",null,"M","?","M","?","$","E","M","M","T","E","M","E","$","E","R","B",null,"M","$","$","M","M","R","E","R","T","E","M","M","E","?","R","B"],"character_chosen":"IRONCLAD","items_purchased":["Pen Nib","Ancient Tea Set","Letter Opener"],"campfire_rested":1,"item_purchase_floors":[36,37,37],"current_hp_per_floor":[62,71,73,73,73,64,64,37,37,64,72,79,72,79,79,63,95,96,75,78,78,78,74,76,70,70,84,87,78,78,93,93,93,93,93,93,93,92,81,81,78,78,78,90,102,105,105,105,105,105],"gold":258,"neow_bonus":"ONE_RANDOM_RARE_CARD","is_prod":false,"is_daily":false,"chose_seed":false,"campfire_upgraded":6,"win_rate":0,"timestamp":1539462889,"path_taken":["M","M","M","?","M","E","R","E","T","R","?","?","E","M","R","BOSS","M","?","M","?","$","E","M","M","T","E","M","E","$","E","R","BOSS","M","$","$","M","M","R","E","R","T","E","M","M","E","?","R","BOSS"],"build_version":"2018-10-11","purchased_purges":0,"victory":true,"max_hp_per_floor":[78,81,84,84,87,90,90,93,93,93,96,99,102,105,105,105,105,108,75,78,78,78,78,81,81,81,84,87,90,90,93,93,93,93,96,96,96,96,99,99,99,99,99,99,102,105,105,105,105,105],"card_choices":[{"not_picked":["Intimidate","Wild Strike"],"picked":"Infernal Blade","floor":1.0},{"not_picked":["Heavy Blade","Cleave"],"picked":"Shockwave","floor":2.0},{"not_picked":["Power Through","Intimidate"],"picked":"Iron Wave","floor":3.0},{"not_picked":["Rage","Perfected Strike","Warcry"],"picked":"SKIP","floor":5.0},{"not_picked":["Shockwave","Corruption","Rupture"],"picked":"SKIP","floor":6.0},{"not_picked":["Bloodletting","Searing Blow+1","Second Wind"],"picked":"SKIP","floor":8.0},{"not_picked":["Shockwave","Iron Wave+1"],"picked":"Metallicize","floor":11.0},{"not_picked":["Intimidate","Heavy Blade+1"],"picked":"Disarm","floor":12.0},{"not_picked":["True Grit","Headbutt+1"],"picked":"Metallicize","floor":13.0},{"not_picked":["Thunderclap+1","Seeing Red"],"picked":"Uppercut+1","floor":14.0},{"not_picked":["Exhume","Fiend Fire+1"],"picked":"Demon Form","floor":16.0},{"not_picked":["Body Slam+1","Twin Strike+1","Perfected Strike+1"],"picked":"SKIP","floor":18.0},{"not_picked":["True Grit","Demon Form"],"picked":"Shrug It Off","floor":20},{"not_picked":["Combust","Perfected Strike+1"],"picked":"Iron Wave+1","floor":23},{"not_picked":["Shockwave","Heavy Blade+1"],"picked":"Whirlwind+1","floor":24},{"not_picked":["Warcry","True Grit","Heavy Blade+1"],"picked":"SKIP","floor":25},{"not_picked":["True Grit","Perfected Strike+1"],"picked":"Impervious","floor":27},{"not_picked":["Combust","Headbutt+1","Clash+1"],"picked":"SKIP","floor":28},{"not_picked":["Burning Pact","Power Through","Dropkick+1"],"picked":"SKIP","floor":29},{"not_picked":["Thunderclap+1","Ghostly Armor"],"picked":"Battle Trance","floor":31},{"not_picked":["Dark Embrace","Impervious"],"picked":"Offering","floor":33},{"not_picked":["Clothesline+1","Pummel+1"],"picked":"Feel No Pain","floor":35},{"not_picked":["Headbutt+1","Anger+1"],"picked":"Disarm","floor":38},{"not_picked":["Clothesline+1","Uppercut+1","Feel No Pain"],"picked":"SKIP","floor":39},{"not_picked":["Corruption","Spot Weakness","Armaments"],"picked":"SKIP","floor":41},{"not_picked":["Flex+1","Rage","Heavy Blade+1"],"picked":"SKIP","floor":44},{"not_picked":["Infernal Blade","Headbutt+1","Evolve"],"picked":"SKIP","floor":45},{"not_picked":["Spot Weakness","Thunderclap+1","Havoc"],"picked":"SKIP","floor":46},{"not_picked":["Havoc","Fire Breathing","Uppercut+1"],"picked":"SKIP","floor":47}],"player_experience":459914,"relics_obtained":[{"floor":6.0,"key":"Molten Egg 2"},{"floor":8.0,"key":"Torii"},{"floor":9.0,"key":"Self Forming Clay"},{"floor":13.0,"key":"Gremlin Horn"},{"floor":23,"key":"Vajra"},{"floor":26,"key":"Darkstone Periapt"},{"floor":27,"key":"Thread and Needle"},{"floor":29,"key":"Gambling Chip"},{"floor":31,"key":"WingedGreaves"},{"floor":41,"key":"Smiling Mask"},{"floor":43,"key":"Calipers"},{"floor":44,"key":"Centennial Puzzle"},{"floor":47,"key":"Anchor"}],"event_choices":[{"event_name":"Living Wall","player_choice":"Grow","floor":4.0,"damage_taken":0.0},{"event_name":"Vampires","player_choice":"Became a vampire","floor":19.0,"damage_taken":0.0},{"event_name":"Back to Basics","player_choice":"Simplicity","floor":21,"damage_taken":0},{"event_name":"Duplicator","player_choice":"One dupe","floor":48,"damage_taken":0}],"is_beta":false,"boss_relics":[{"not_picked":["Astrolabe","Cursed Key"],"picked":"Sozu"},{"not_picked":["Pandora\u0027s Box","Coffee Dripper"],"picked":"Velvet Choker"}],"items_purged_floors":[],"is_endless":false,"potions_floor_spawned":[1,6,13,14,16,20,25,28,29,35,39,45,47],"ascension_level":16}