{"gold_per_floor":[116,130,142,152,165,199,199,199,199,199,9,9,42,62,62,136,136,150,12,12,22,36,61,71,71,71,100,119,119,149,248,248,321,321,341,416,229,243,254,254,274,306,306,321,5,5,15,30,30,30],"floor_reached":51,"playtime":2223,"items_purged":["Strike_B","Strike_B"],"score":1380,"play_id":"a43f772b-a50b-44c5-9d24-bf4d7bfb83c7","local_time":"20190203125512","is_ascension_mode":true,"campfire_choices":[{"data":"Go for the Eyes","floor":7,"key":"SMITH"},{"data":"Zap","floor":10,"key":"SMITH"},{"data":"Dualcast","floor":12,"key":"SMITH"},{"data":"Reboot","floor":15,"key":"SMITH"},{"floor":25,"key":"REST"},{"data":"Buffer","floor":29,"key":"SMITH"},{"data":"Fission","floor":32,"key":"SMITH"},{"data":"Steam","floor":40,"key":"SMITH"},{"floor":46,"key":"REST"},{"floor":49,"key":"REST"}],"neow_cost":"NONE","seed_source_timestamp":75655494063274,"circlet_count":0,"master_deck":["AscendersBane","Strike_B","Strike_B","Defend_B","Defend_B","Defend_B","Defend_B","Zap+1","Dualcast+1","Reboot+1","Go for the Eyes+1","FTL","Gash","Gash","All For One","Auto Shields","Hologram","Fission+1","Gash","Finesse","Buffer+1","All For One","Beam Cell","Dark Shackles","Steam+1","Parasite"],"relics":["Cracked Core","Mercury Hourglass","PreservedInsect","Membership Card","Ancient Tea Set","Busted Crown","Orichalcum","Cables","Darkstone Periapt","Singing Bowl","Strawberry","Cursed Key","Vajra","Frozen Egg 2","The Courier","Pen Nib","ClockworkSouvenir","Bottled Lightning"],"potions_floor_usage":[5,13,13,22,24,28,39,50,50],"damage_taken":[{"damage":1,"enemies":"2 Louse","floor":1,"turns":3},{"damage":0,"enemies":"Cultist","floor":2,"turns":2},{"damage":0,"enemies":"Jaw Worm","floor":3,"turns":3},{"damage":8,"enemies":"Blue Slaver","floor":4,"turns":4},{"damage":6,"enemies":"Exordium Thugs","floor":5,"turns":3},{"damage":25,"enemies":"Lagavulin","floor":6,"turns":5},{"damage":0,"enemies":"Gremlin Nob","floor":13,"turns":2},{"damage":0,"enemies":"Looter","floor":14,"turns":2},{"damage":1,"enemies":"Slime Boss","floor":16,"turns":7},{"damage":1,"enemies":"Spheric Guardian","floor":18,"turns":3},{"damage":10,"enemies":"Chosen","floor":21,"turns":2},{"damage":7,"enemies":"Centurion and Healer","floor":22,"turns":4},{"damage":25,"enemies":"Slavers","floor":23,"turns":4},{"damage":17,"enemies":"Shelled Parasite and Fungi","floor":24,"turns":4},{"damage":1,"enemies":"Book of Stabbing","floor":27,"turns":3},{"damage":7,"enemies":"Chosen and Byrds","floor":28,"turns":4},{"damage":0,"enemies":"Gremlin Leader","floor":30,"turns":4},{"damage":40,"enemies":"Collector","floor":33,"turns":8},{"damage":12,"enemies":"3 Darklings","floor":35,"turns":4},{"damage":3,"enemies":"Orb Walker","floor":38,"turns":3},{"damage":0,"enemies":"Sphere and 2 Shapes","floor":39,"turns":3},{"damage":0,"enemies":"Spire Growth","floor":41,"turns":4},{"damage":0,"enemies":"Reptomancer","floor":42,"turns":3},{"damage":19,"enemies":"Writhing Mass","floor":44,"turns":6},{"damage":7,"enemies":"Maw","floor":47,"turns":4},{"damage":7,"enemies":"Jaw Worm Horde","floor":48,"turns":4},{"damage":54,"enemies":"Awakened One","floor":50,"turns":11}],"seed_played":"-894421025887079819","potions_obtained":[{"floor":2,"key":"Energy Potion"},{"floor":5,"key":"Weak Potion"},{"floor":8,"key":"Fruit Juice"},{"floor":8,"key":"Regen Potion"},{"floor":13,"key":"Regen Potion"},{"floor":23,"key":"Dexterity Potion"},{"floor":27,"key":"Regen Potion"},{"floor":33,"key":"Energy Potion"},{"floor":35,"key":"Regen Potion"},{"floor":44,"key":"SkillPotion"}],"is_trial":false,"path_per_floor":["M","M","M","M","M","E","R","?","T","R","$","R","E","M","R","B",null,"M","$","$","M","M","E","M","R","T","E","M","R","E","?","R","B",null,"M","?","$","M","M","R","M","E","T","M","$","R","M","M","R","B",null],"character_chosen":"DEFECT","items_purchased":["Membership Card","Gash","Finesse","Orichalcum","Beam Cell","Vajra","Dark Shackles","Pen Nib","ClockworkSouvenir","Bottled Lightning","Dexterity Potion"],"campfire_rested":3,"item_purchase_floors":[11,19,19,19,37,37,37,45,45,45,45],"current_hp_per_floor":[67,67,67,59,53,28,28,28,28,28,28,28,38,38,38,37,69,68,68,68,58,63,38,21,45,45,44,51,51,60,60,60,20,73,63,54,54,53,62,62,64,66,72,55,55,87,82,77,110,56],"gold":30,"neow_bonus":"ONE_RANDOM_RARE_CARD","is_prod":false,"is_daily":false,"chose_seed":false,"campfire_upgraded":7,"win_rate":0,"timestamp":1549194912,"path_taken":["M","M","M","M","M","E","R","?","T","R","$","R","E","M","R","BOSS","M","?","$","M","M","E","?","R","T","E","M","R","E","?","R","BOSS","M","?","$","M","?","R","M","E","T","M","$","R","M","M","R","BOSS"],"build_version":"2019-01-23","purchased_purges":2,"victory":true,"max_hp_per_floor":[75,75,75,75,75,75,75,75,75,75,75,75,80,80,80,80,80,80,80,80,80,80,80,80,80,80,80,82,82,91,91,91,91,91,93,93,93,95,95,95,97,99,105,107,107,107,109,111,111,111],"card_choices":[{"not_picked":["BootSequence","Cold Snap"],"picked":"Go for the Eyes","floor":1},{"not_picked":["Conserve Battery","Redo"],"picked":"FTL","floor":2},{"not_picked":["Leap","Go for the Eyes"],"picked":"Gash","floor":3},{"not_picked":["Rebound","Compile Driver"],"picked":"Gash","floor":4},{"not_picked":["Hologram","Rebound"],"picked":"All For One","floor":5},{"not_picked":["Compile Driver","Turbo","Streamline"],"picked":"SKIP","floor":6},{"not_picked":["Barrage","Auto Shields","Ball Lightning"],"picked":"SKIP","floor":13},{"not_picked":["Barrage","Ball Lightning"],"picked":"Auto Shields","floor":13},{"not_picked":["Chaos","Barrage"],"picked":"Hologram","floor":14},{"not_picked":["Multi-Cast","Biased Cognition"],"picked":"Fission","floor":16},{"not_picked":["Turbo"],"picked":"SKIP","floor":18},{"not_picked":["Streamline+1"],"picked":"SKIP","floor":21},{"not_picked":["Turbo"],"picked":"SKIP","floor":22},{"not_picked":["Compile Driver"],"picked":"SKIP","floor":23},{"not_picked":["Blizzard"],"picked":"SKIP","floor":24},{"not_picked":[],"picked":"Buffer","floor":27},{"not_picked":["Ball Lightning"],"picked":"Singing Bowl","floor":28},{"not_picked":["Fusion"],"picked":"Singing Bowl","floor":30},{"not_picked":[],"picked":"All For One","floor":33},{"not_picked":["Barrage"],"picked":"Singing Bowl","floor":35},{"not_picked":["White Noise"],"picked":"Singing Bowl","floor":38},{"not_picked":[],"picked":"Steam","floor":39},{"not_picked":["Scrape"],"picked":"Singing Bowl","floor":41},{"not_picked":["Turbo+1"],"picked":"Singing Bowl","floor":42},{"not_picked":["Recycle+1"],"picked":"Singing Bowl","floor":44},{"not_picked":["Stack+1"],"picked":"Singing Bowl","floor":47},{"not_picked":["BootSequence"],"picked":"Singing Bowl","floor":48}],"player_experience":492872,"relics_obtained":[{"floor":6,"key":"Mercury Hourglass"},{"floor":9,"key":"PreservedInsect"},{"floor":13,"key":"Ancient Tea Set"},{"floor":23,"key":"Cables"},{"floor":26,"key":"Darkstone Periapt"},{"floor":27,"key":"Singing Bowl"},{"floor":30,"key":"Strawberry"},{"floor":42,"key":"Frozen Egg 2"},{"floor":43,"key":"The Courier"}],"event_choices":[{"damage_healed":0,"gold_gain":0,"player_choice":"Got Potions","damage_taken":0,"max_hp_gain":0,"max_hp_loss":0,"event_name":"Lab","floor":8,"gold_loss":0},{"damage_healed":0,"gold_gain":99,"player_choice":"Stole From Cult","damage_taken":0,"max_hp_gain":0,"max_hp_loss":0,"event_name":"Nest","floor":31,"gold_loss":0},{"damage_healed":0,"gold_gain":75,"player_choice":"Touch","damage_taken":9,"max_hp_gain":0,"max_hp_loss":0,"event_name":"FaceTrader","floor":36,"gold_loss":0}],"is_beta":false,"boss_relics":[{"not_picked":["White Beast Statue","Eternal Feather"],"picked":"Busted Crown"},{"not_picked":["Philosopher\u0027s Stone","Runic Dome"],"picked":"Cursed Key"}],"items_purged_floors":[37,45],"is_endless":false,"potions_floor_spawned":[2,5,13,23,27,33,35,44,48],"ascension_level":13}