{"path_per_floor":["M","?","?","?","$","M","R","M","T","M","M","M","$","M","R","B",null,"M","?","?","M","M","R","$","M","T","R","M","M"],"character_chosen":"IRONCLAD","items_purchased":["Twin Strike","Flame Barrier","Dramatic Entrance","Membership Card"],"gold_per_floor":[118,118,68,68,43,60,60,71,150,167,182,200,86,100,100,205,205,215,215,130,147,164,164,8,28,28,28,42,61],"floor_reached":30,"campfire_rested":1,"playtime":1368,"current_hp_per_floor":[80,80,80,80,80,80,80,80,80,80,80,80,80,80,80,47,80,80,80,80,80,48,72,72,60,60,60,50,25],"items_purged":[],"gold":61,"score":226,"play_id":"7822788d-ff1b-4280-8a1d-3a886227a972","local_time":"20180308175302","is_prod":false,"is_daily":false,"is_ascension_mode":false,"campfire_upgraded":3,"timestamp":1520549582,"path_taken":["M","?","?","?","$","M","R","M","T","M","M","?","?","M","R","BOSS","M","?","?","M","M","R","?","?","T","R","M","M","E"],"build_version":"2018-03-01-PROD1","purchased_purges":0,"victory":false,"master_deck":["Strike_R","Strike_R","Strike_R","Strike_R","Strike_R","Defend_R+1","Defend_R+1","Defend_R","Defend_R","Entrench","Flame Barrier","Twin Strike","Infernal Blade+1","Pummel","Twin Strike","Twin Strike","Inflame","Flame Barrier","Dramatic Entrance+1","Flex","Demon Form+1","Iron Wave","Fire Breathing","Pommel Strike","Inflame","Fiend Fire","Spot Weakness","Immolate","Flex","Wild Strike+1","Thunderclap+1","Pommel Strike+1"],"max_hp_per_floor":[80,80,80,80,80,80,80,80,80,80,80,80,80,80,80,80,80,80,80,80,80,80,80,80,80,80,80,80,80],"relics":["Burning Blood","War Paint","The Courier","Nloth\u0027s Gift","Ancient Tea Set","Membership Card","Red Skull"],"card_choices":[{"not_picked":["True Grit","Pommel Strike"],"picked":"Flame Barrier"},{"not_picked":["Headbutt","Shrug It Off"],"picked":"Infernal Blade"},{"not_picked":["Metallicize","Evolve"],"picked":"Pummel"},{"not_picked":["Havoc","Metallicize"],"picked":"Twin Strike"},{"not_picked":["Evolve","Thunderclap"],"picked":"Twin Strike"},{"not_picked":["Clothesline","Brutality"],"picked":"Inflame"},{"not_picked":["Thunderclap","Havoc"],"picked":"Flex"},{"not_picked":["Bludgeon","Offering"],"picked":"Demon Form"},{"not_picked":["Pommel Strike","Heavy Blade"],"picked":"Iron Wave"},{"not_picked":["Body Slam","Second Wind"],"picked":"Fire Breathing"},{"not_picked":["Reckless Charge","Headbutt"],"picked":"Pommel Strike"},{"not_picked":["Blood for Blood","Intimidate"],"picked":"Inflame"},{"not_picked":["Wild Strike","Clothesline"],"picked":"Fiend Fire"},{"not_picked":["Cleave","Twin Strike"],"picked":"Spot Weakness"},{"not_picked":["Whirlwind","Heavy Blade"],"picked":"Immolate"},{"not_picked":["Clash","Thunderclap"],"picked":"Flex"},{"not_picked":["Pummel","Power Through"],"picked":"Wild Strike"},{"not_picked":["Blood for Blood","Reckless Charge"],"picked":"Thunderclap"},{"not_picked":["Sword Boomerang","True Grit"],"picked":"Pommel Strike"}],"player_experience":354537,"potions_floor_usage":[8,12,14,16,18,28,30],"damage_taken":[{"damage":2,"enemies":"2 Louse","floor":1,"turns":5},{"damage":0,"enemies":"Cultist","floor":6,"turns":4},{"damage":0,"enemies":"Small Slimes","floor":8,"turns":2},{"damage":0,"enemies":"Blue Slaver","floor":10,"turns":2},{"damage":0,"enemies":"Exordium Wildlife","floor":11,"turns":3},{"damage":2,"enemies":"Large Slime","floor":12,"turns":7},{"damage":0,"enemies":"Looter","floor":14,"turns":3},{"damage":39,"enemies":"Slime Boss","floor":16,"turns":11},{"damage":5,"enemies":"3 Byrds","floor":18,"turns":4},{"damage":6,"enemies":"Chosen","floor":21,"turns":5},{"damage":38,"enemies":"Snecko","floor":22,"turns":5},{"damage":18,"enemies":"Snake Plant","floor":25,"turns":5},{"damage":16,"enemies":"Chosen and Byrds","floor":28,"turns":6},{"damage":31,"enemies":"Centurion and Healer","floor":29,"turns":6},{"damage":26,"enemies":"Slavers","floor":30,"turns":2}],"event_choices":[{"event_name":"Big Fish","player_choice":"Box","floor":2,"damage_taken":0},{"event_name":"The Cleric","player_choice":"Card Removal","floor":3,"damage_taken":0},{"event_name":"Golden Wing","player_choice":"Ignored","floor":4,"damage_taken":0},{"event_name":"N\u0027loth","player_choice":"Traded a Orrery","floor":19,"damage_taken":0},{"event_name":"Addict","player_choice":"Obtained Relic","floor":20,"damage_taken":0}],"boss_relics":[{"not_picked":["Tiny House","Philosopher\u0027s Stone"],"picked":"Orrery"}],"potions_floor_spawned":[6,8,10,11,16,25,29],"seed_played":"6701169770110261686","killed_by":"Slavers","ascension_level":0,"is_trial":false}