{"gold_per_floor":[16,16,33,52,52,52,65,141,141,166,190,230,5,20,20,144,144,160,160,172],"floor_reached":20,"playtime":702,"items_purged":[],"score":211,"play_id":"f33c8c02-af63-46a1-9618-d7b43194daf8","local_time":"20190530032416","is_ascension_mode":true,"campfire_choices":[{"data":"Apotheosis","floor":6,"key":"SMITH"},{"floor":15,"key":"REST"}],"neow_cost":"NO_GOLD","seed_source_timestamp":726044700297700,"circlet_count":0,"master_deck":["Strike_B","Strike_B","Strike_B","Strike_B","Defend_B","Defend_B","Defend_B","Defend_B+1","Zap+1","Dualcast","Apotheosis+1","Deep Breath","Gash","Lockon","Streamline","Double Energy","Gash","Hyperbeam","Genetic Algorithm","Panache","Beam Cell","Melter","Fission","Double Energy"],"relics":["Cracked Core","Golden Idol","Bottled Flame","Pantograph","War Paint","Nuclear Battery","MawBank"],"potions_floor_usage":[10,11,16,20],"damage_taken":[{"damage":0,"enemies":"Cultist","floor":1,"turns":2},{"damage":4,"enemies":"Jaw Worm","floor":3,"turns":2},{"damage":0,"enemies":"2 Louse","floor":4,"turns":1},{"damage":6,"enemies":"Looter","floor":7,"turns":2},{"damage":4,"enemies":"2 Fungi Beasts","floor":10,"turns":2},{"damage":4,"enemies":"Gremlin Gang","floor":11,"turns":3},{"damage":35,"enemies":"Lagavulin","floor":12,"turns":5},{"damage":4,"enemies":"Large Slime","floor":14,"turns":4},{"damage":49,"enemies":"Hexaghost","floor":16,"turns":8},{"damage":11,"enemies":"Spheric Guardian","floor":18,"turns":3},{"damage":19,"enemies":"Colosseum Slavers","floor":20,"turns":4},{"damage":45,"enemies":"Colosseum Nobs","floor":20,"turns":3}],"seed_played":"6403757081352500146","potions_obtained":[{"floor":7,"key":"Fire Potion"},{"floor":10,"key":"Poison Potion"},{"floor":14,"key":"Poison Potion"},{"floor":16,"key":"Strength Potion"}],"is_trial":false,"path_per_floor":["M","$","M","M","?","R","M","T","T","M","M","E","$","M","R","B",null,"M","T","?"],"character_chosen":"DEFECT","items_purchased":["Panache","Beam Cell"],"campfire_rested":1,"item_purchase_floors":[13,13],"current_hp_per_floor":[75,75,71,71,69,69,63,63,63,59,55,20,20,16,36,12,69,58,58,0],"gold":172,"neow_bonus":"RANDOM_COLORLESS_2","is_prod":false,"is_daily":false,"chose_seed":false,"campfire_upgraded":1,"win_rate":0,"timestamp":1559201056,"path_taken":["M","?","M","?","?","R","M","?","T","M","?","E","$","M","R","BOSS","M","?","?"],"build_version":"2019-05-28","purchased_purges":0,"victory":false,"max_hp_per_floor":[75,75,75,75,69,69,69,69,69,69,69,69,69,69,69,69,69,69,69,69],"card_choices":[{"not_picked":["Hologram","Barrage"],"picked":"Gash","floor":1},{"not_picked":["Turbo","Heatsinks"],"picked":"Lockon","floor":3},{"not_picked":["Go for the Eyes","Conserve Battery"],"picked":"Streamline","floor":4},{"not_picked":["Leap","Ball Lightning"],"picked":"Double Energy","floor":7},{"not_picked":["Rebound","Scrape"],"picked":"Gash","floor":10},{"not_picked":["Auto Shields","Go for the Eyes"],"picked":"Hyperbeam","floor":11},{"not_picked":["Cold Snap","Tempest"],"picked":"Genetic Algorithm","floor":12},{"not_picked":["Go for the Eyes","Darkness"],"picked":"Melter","floor":14},{"not_picked":["Core Surge","Amplify"],"picked":"Fission","floor":16},{"not_picked":["Reinforced Body","Tempest"],"picked":"Double Energy","floor":18}],"player_experience":921360,"relics_obtained":[{"floor":8,"key":"Bottled Flame"},{"floor":9,"key":"Pantograph"},{"floor":12,"key":"War Paint"},{"floor":19,"key":"MawBank"}],"event_choices":[{"damage_healed":0,"gold_gain":0,"player_choice":"Lose Max HP","damage_taken":0,"relics_obtained":["Golden Idol"],"max_hp_gain":0,"max_hp_loss":6,"event_name":"Golden Idol","floor":5,"gold_loss":0},{"damage_healed":0,"gold_gain":0,"player_choice":"Fight","damage_taken":0,"max_hp_gain":0,"max_hp_loss":0,"event_name":"Colosseum","floor":20,"gold_loss":0},{"damage_healed":0,"gold_gain":0,"player_choice":"Fought Nobs","damage_taken":0,"max_hp_gain":0,"max_hp_loss":0,"event_name":"Colosseum","floor":20,"gold_loss":0}],"is_beta":true,"boss_relics":[{"not_picked":["Astrolabe","Lizard Tail"],"picked":"Nuclear Battery"}],"items_purged_floors":[],"is_endless":false,"potions_floor_spawned":[7,10,14,16,20],"killed_by":"Colosseum Nobs","ascension_level":4}