{"gold_per_floor":[110,110,121,2,2,2,332,332,356,376,376,406,581,606,606,706,706,718,389,399,418,435,435,435,535,560,560,560,594,594,610,610,713,763,777,788,807,819,392,420,436,464,488,488,500,500,78,78,78,78],"floor_reached":51,"playtime":1912,"items_purged":["Doubt","Defend_B","Defend_B"],"score":1299,"play_id":"28affb0e-4ee7-4aaf-92e2-317cb971a9a2","local_time":"20190127145810","is_ascension_mode":true,"campfire_choices":[{"data":"Self Repair","floor":6,"key":"SMITH"},{"data":"Zap","floor":8,"key":"SMITH"},{"data":"Dualcast","floor":15,"key":"SMITH"},{"data":"Tempest","floor":23,"key":"SMITH"},{"floor":28,"key":"REST"},{"data":"Leap","floor":30,"key":"SMITH"},{"data":"Conserve Battery","floor":32,"key":"SMITH"},{"data":"Steam","floor":44,"key":"SMITH"},{"data":"Defend_B","floor":46,"key":"SMITH"},{"data":"Defend_B","floor":49,"key":"SMITH"}],"neow_cost":"NONE","seed_source_timestamp":589261221240804,"circlet_count":0,"master_deck":["AscendersBane","Defend_B+1","Defend_B+1","Zap+1","Dualcast+1","Self Repair+1","Leap+1","Undo+1","Ball Lightning+1","Conserve Battery+1","Defragment+1","Steam+1","Electrodynamics+1","Echo Form+1","Defragment+1","Tempest+1","Bite","Bite","Bite","Bite","Bite+1","Leap+1","Fission+1","Stack+1","Leap+1","Steam+1","Double Energy+1","Seek+1","Leap+1","The Bomb+1"],"relics":["Cracked Core","NeowsBlessing","Old Coin","Lantern","Frozen Egg 2","Ice Cream","Busted Crown","FossilizedHelix","Cables","Ancient Tea Set","Mango","Toxic Egg 2","Tiny House","Letter Opener","Bronze Scales","Torii","Whetstone","Mummified Hand"],"potions_floor_usage":[12,14,20,25,25,37,50,50],"damage_taken":[{"damage":0,"enemies":"2 Louse","floor":1,"turns":1},{"damage":0,"enemies":"Cultist","floor":3,"turns":1},{"damage":0,"enemies":"Gremlin Nob","floor":7,"turns":1},{"damage":0,"enemies":"Small Slimes","floor":10,"turns":3},{"damage":12,"enemies":"Lagavulin","floor":12,"turns":7},{"damage":27,"enemies":"Gremlin Nob","floor":14,"turns":4},{"damage":37,"enemies":"Hexaghost","floor":16,"turns":10},{"damage":16,"enemies":"Spheric Guardian","floor":18,"turns":4},{"damage":9,"enemies":"2 Thieves","floor":20,"turns":3},{"damage":6,"enemies":"Snake Plant","floor":21,"turns":3},{"damage":20,"enemies":"Centurion and Healer","floor":22,"turns":4},{"damage":22,"enemies":"Colosseum Slavers","floor":25,"turns":3},{"damage":36,"enemies":"Colosseum Nobs","floor":25,"turns":4},{"damage":21,"enemies":"Book of Stabbing","floor":29,"turns":4},{"damage":0,"enemies":"3 Cultists","floor":31,"turns":3},{"damage":77,"enemies":"Champ","floor":33,"turns":9},{"damage":0,"enemies":"Orb Walker","floor":35,"turns":4},{"damage":0,"enemies":"3 Shapes","floor":36,"turns":3},{"damage":10,"enemies":"Transient","floor":37,"turns":5},{"damage":0,"enemies":"Sphere and 2 Shapes","floor":38,"turns":4},{"damage":4,"enemies":"Giant Head","floor":40,"turns":7},{"damage":0,"enemies":"Writhing Mass","floor":41,"turns":5},{"damage":20,"enemies":"Reptomancer","floor":42,"turns":5},{"damage":0,"enemies":"3 Darklings","floor":45,"turns":2},{"damage":64,"enemies":"Time Eater","floor":50,"turns":7}],"seed_played":"7745205775763383037","potions_obtained":[{"floor":1,"key":"Fire Potion"},{"floor":3,"key":"Strength Potion"},{"floor":7,"key":"Weak Potion"},{"floor":12,"key":"SteroidPotion"},{"floor":18,"key":"Poison Potion"},{"floor":21,"key":"Strength Potion"},{"floor":25,"key":"Explosive Potion"},{"floor":31,"key":"GamblersBrew"},{"floor":34,"key":"Poison Potion"},{"floor":35,"key":"LiquidBronze"},{"floor":38,"key":"LiquidBronze"}],"is_trial":false,"path_per_floor":["M","?","M","$","$","R","E","R","T","M","?","E","?","E","R","B",null,"M","$","M","M","M","R","?","?","T","?","R","E","R","M","R","B",null,"M","M","M","M","$","E","M","E","T","R","M","R","$","?","R","B",null],"character_chosen":"DEFECT","items_purchased":["Undo","Ball Lightning","Defragment+1","Tempest","Blood Vial","Double Energy+1","Letter Opener","Leap+1","Mummified Hand"],"campfire_rested":1,"item_purchase_floors":[4,4,19,19,19,39,39,47,47],"current_hp_per_floor":[68,68,68,68,68,68,68,68,68,75,75,73,73,56,56,29,64,58,58,51,57,49,49,49,27,27,41,67,62,62,80,80,39,82,94,94,94,94,94,94,94,80,80,80,90,90,90,90,90,56],"gold":78,"neow_bonus":"THREE_ENEMY_KILL","is_prod":false,"is_daily":false,"chose_seed":false,"campfire_upgraded":9,"win_rate":0,"timestamp":1548597490,"path_taken":["M","?","?","?","$","R","E","R","T","M","?","E","?","E","R","BOSS","M","$","M","M","M","R","?","?","T","?","R","E","R","M","R","BOSS","M","?","M","M","$","E","M","E","T","R","M","R","$","?","R","BOSS"],"build_version":"2019-01-23","purchased_purges":3,"victory":true,"max_hp_per_floor":[75,75,75,75,75,75,75,75,75,75,75,75,75,75,75,75,75,75,75,75,75,75,75,75,75,75,89,89,89,89,89,89,89,94,94,94,94,94,94,94,94,94,94,94,94,94,94,94,94,94],"card_choices":[{"not_picked":["Capacitor","Redo"],"picked":"Self Repair","floor":1},{"not_picked":["Compile Driver","Force Field"],"picked":"Leap","floor":3},{"not_picked":["Steam Power","Sweeping Beam"],"picked":"Conserve Battery","floor":7},{"not_picked":["Go for the Eyes","Conserve Battery"],"picked":"Defragment","floor":10},{"not_picked":["Redo","Consume"],"picked":"Steam","floor":12},{"not_picked":["Reprogram","Reinforced Body"],"picked":"Electrodynamics+1","floor":14},{"not_picked":["Thunder Strike","Reboot"],"picked":"Echo Form+1","floor":16},{"not_picked":["Stack"],"picked":"SKIP","floor":18},{"not_picked":["Sunder"],"picked":"SKIP","floor":20},{"not_picked":["Coolheaded"],"picked":"SKIP","floor":21},{"not_picked":["Steam"],"picked":"SKIP","floor":22},{"not_picked":[],"picked":"Leap+1","floor":25},{"not_picked":["Sweeping Beam+1"],"picked":"SKIP","floor":29},{"not_picked":["Redo+1"],"picked":"SKIP","floor":31},{"not_picked":[],"picked":"Fission+1","floor":33},{"not_picked":[],"picked":"Stack+1","floor":34},{"not_picked":["Go for the Eyes"],"picked":"SKIP","floor":35},{"not_picked":[],"picked":"Leap+1","floor":36},{"not_picked":["Rebound+1"],"picked":"SKIP","floor":37},{"not_picked":[],"picked":"Steam+1","floor":38},{"not_picked":[],"picked":"Seek+1","floor":40},{"not_picked":["Rip and Tear"],"picked":"SKIP","floor":41},{"not_picked":["Cold Snap"],"picked":"SKIP","floor":42},{"not_picked":["Streamline+1"],"picked":"SKIP","floor":45},{"not_picked":[],"picked":"The Bomb+1","floor":48}],"player_experience":484102,"relics_obtained":[{"floor":7,"key":"Old Coin"},{"floor":9,"key":"Lantern"},{"floor":12,"key":"Frozen Egg 2"},{"floor":14,"key":"Ice Cream"},{"floor":25,"key":"FossilizedHelix"},{"floor":25,"key":"Cables"},{"floor":26,"key":"Ancient Tea Set"},{"floor":29,"key":"Toxic Egg 2"},{"floor":40,"key":"Bronze Scales"},{"floor":42,"key":"Torii"},{"floor":43,"key":"Whetstone"}],"event_choices":[{"damage_healed":0,"gold_gain":0,"player_choice":"Bought 0 Potions","damage_taken":0,"max_hp_gain":0,"max_hp_loss":0,"event_name":"The Woman in Blue","floor":2,"gold_loss":0},{"damage_healed":0,"gold_gain":0,"player_choice":"Grow","damage_taken":0,"max_hp_gain":0,"max_hp_loss":0,"event_name":"Living Wall","floor":11,"gold_loss":0,"cards_upgraded":["Defragment"]},{"damage_healed":0,"gold_gain":175,"player_choice":"AGREE","damage_taken":0,"max_hp_gain":0,"max_hp_loss":0,"event_name":"Liars Game","floor":13,"gold_loss":0,"cards_obtained":["Doubt"]},{"damage_healed":0,"gold_gain":0,"player_choice":"Became a vampire (Vial)","damage_taken":0,"max_hp_gain":0,"max_hp_loss":0,"event_name":"Vampires","floor":24,"relics_lost":["Blood Vial"],"gold_loss":0,"cards_obtained":["Bite","Bite","Bite","Bite","Bite"]},{"damage_healed":0,"gold_gain":0,"player_choice":"Fight","damage_taken":0,"max_hp_gain":0,"max_hp_loss":0,"event_name":"Colosseum","floor":25,"gold_loss":0},{"damage_healed":0,"gold_gain":0,"player_choice":"Fought Nobs","damage_taken":0,"max_hp_gain":0,"max_hp_loss":0,"event_name":"Colosseum","floor":25,"gold_loss":0},{"damage_healed":0,"gold_gain":0,"player_choice":"Gave Potion","damage_taken":0,"relics_obtained":["Mango"],"max_hp_gain":0,"max_hp_loss":0,"event_name":"WeMeetAgain","floor":27,"gold_loss":0},{"damage_healed":0,"gold_gain":0,"player_choice":"Memory 1","damage_taken":0,"max_hp_gain":0,"max_hp_loss":0,"event_name":"SensoryStone","floor":48,"gold_loss":0}],"is_beta":false,"boss_relics":[{"not_picked":["Runic Dome","Empty Cage"],"picked":"Busted Crown"},{"not_picked":["Snecko Eye","FrozenCore"],"picked":"Tiny House"}],"items_purged_floors":[19,39,47],"is_endless":false,"potions_floor_spawned":[1,3,7,12,18,21,25,31,35,38,40,41],"ascension_level":12}