{"gold_per_floor":[114,129,129,144,144,144,159,159,159,189,34,49,49,64,64,164,164,179,179,5,20,35,35,60,75,75,14,14,29,44,59,59,159,159,159],"floor_reached":35,"playtime":1127,"items_purged":[],"score":486,"play_id":"16a24f58-5291-4e91-9fbf-6100d8b594ed","local_time":"20180906143326","daily_mods":["Specialized","Lethality","Terminal"],"is_ascension_mode":false,"campfire_choices":[{"data":"Fiend Fire","floor":6,"key":"SMITH"},{"data":"Limit Break","floor":8,"key":"SMITH"},{"data":"Violence","floor":15,"key":"SMITH"},{"data":"Dual Wield","floor":23,"key":"SMITH"},{"floor":32,"key":"REST"}],"neow_cost":"","seed_source_timestamp":862949545609009,"circlet_count":0,"master_deck":["Strike_R","Strike_R","Strike_R","Strike_R","Strike_R","Defend_R","Defend_R","Defend_R","Defend_R","Bash","Fiend Fire","Fiend Fire","Fiend Fire+1","Fiend Fire","Fiend Fire","Flex","Shrug It Off","Pommel Strike","Limit Break+1","Perfected Strike+1","Violence+1","Anger+1","Whirlwind+1","Dark Embrace+1","Dual Wield+1","Fiend Fire+1","Anger+1","Shockwave","Flame Barrier","Thunderclap+1","Twin Strike+1","Flex","Power Through","Demon Form","Double Tap"],"special_seed":17780,"relics":["Burning Blood","Unceasing Top","The Courier","Molten Egg 2","Letter Opener","Runic Pyramid","PreservedInsect","Lantern","Bottled Lightning","Snecko Eye"],"potions_floor_usage":[18,30,31,33],"damage_taken":[{"damage":0,"enemies":"Cultist","floor":1,"turns":2},{"damage":0,"enemies":"2 Louse","floor":2,"turns":2},{"damage":3,"enemies":"Small Slimes","floor":4,"turns":2},{"damage":0,"enemies":"Looter","floor":7,"turns":2},{"damage":0,"enemies":"Gremlin Nob","floor":10,"turns":2},{"damage":0,"enemies":"Exordium Thugs","floor":12,"turns":2},{"damage":0,"enemies":"Blue Slaver","floor":14,"turns":1},{"damage":0,"enemies":"Slime Boss","floor":16,"turns":3},{"damage":12,"enemies":"2 Thieves","floor":18,"turns":3},{"damage":0,"enemies":"3 Byrds","floor":21,"turns":3},{"damage":13,"enemies":"Snecko","floor":22,"turns":3},{"damage":25,"enemies":"Snake Plant","floor":25,"turns":2},{"damage":6,"enemies":"Chosen and Byrds","floor":29,"turns":3},{"damage":10,"enemies":"Centurion and Healer","floor":30,"turns":2},{"damage":21,"enemies":"Shelled Parasite and Fungi","floor":31,"turns":2},{"damage":29,"enemies":"Collector","floor":33,"turns":5},{"damage":49,"enemies":"3 Darklings","floor":35,"turns":3}],"seed_played":"8761561677573513964","potions_obtained":[{"floor":4,"key":"PowerPotion"},{"floor":14,"key":"EssenceOfSteel"},{"floor":21,"key":"Ancient Potion"},{"floor":29,"key":"BloodPotion"},{"floor":30,"key":"BloodPotion"}],"is_trial":false,"path_per_floor":["M","M","?","M","?","R","M","R","T","E","$","M","?","M","R","B",null,"M","$","$","M","M","R","T","M","T","$","?","M","M","M","R","B",null],"character_chosen":"IRONCLAD","items_purchased":["Violence","PreservedInsect","Fiend Fire+1","Thunderclap+1","Twin Strike+1"],"campfire_rested":1,"item_purchase_floors":[11,20,20,27,27],"current_hp_per_floor":[78,77,74,75,74,73,72,71,70,69,68,67,66,65,64,63,62,56,56,56,58,51,51,51,32,32,32,32,32,33,22,36,13,45,0],"gold":159,"neow_bonus":"","is_prod":false,"is_daily":true,"chose_seed":false,"campfire_upgraded":4,"win_rate":0,"timestamp":1536258806,"path_taken":["M","?","?","M","?","R","?","R","T","E","$","M","?","M","R","BOSS","M","?","$","M","?","R","?","?","T","$","?","M","M","?","R","BOSS","M"],"build_version":"2018-09-04-v2","purchased_purges":0,"victory":false,"max_hp_per_floor":[78,77,76,75,74,73,72,71,70,69,68,67,66,65,64,63,62,61,60,59,58,57,56,55,54,53,52,51,50,49,48,47,46,45,45],"card_choices":[{"not_picked":["Reckless Charge","Armaments"],"picked":"Flex","floor":1},{"not_picked":["Cleave","Havoc"],"picked":"Shrug It Off","floor":2},{"not_picked":["Spot Weakness","Heavy Blade"],"picked":"Pommel Strike","floor":4},{"not_picked":["Pommel Strike","Seeing Red"],"picked":"Limit Break","floor":7},{"not_picked":["Shrug It Off","Twin Strike+1"],"picked":"Perfected Strike+1","floor":10},{"not_picked":["Carnage+1","Sentinel"],"picked":"Anger+1","floor":12},{"not_picked":["Infernal Blade","Entrench"],"picked":"Whirlwind+1","floor":14},{"not_picked":["Juggernaut","Reaper+1"],"picked":"Dark Embrace","floor":16},{"not_picked":["Havoc","Second Wind"],"picked":"Dual Wield","floor":18},{"not_picked":["Thunderclap+1","Bloodletting"],"picked":"Anger+1","floor":21},{"not_picked":["Armaments","Hemokinesis+1"],"picked":"Shockwave","floor":22},{"not_picked":["Body Slam+1","Rampage+1"],"picked":"Flame Barrier","floor":25},{"not_picked":["Inflame","Combust"],"picked":"Flex","floor":29},{"not_picked":["Shrug It Off","Reckless Charge+1"],"picked":"Power Through","floor":30},{"not_picked":["Metallicize","Battle Trance"],"picked":"Demon Form","floor":31},{"not_picked":["Reaper+1","Barricade"],"picked":"Double Tap","floor":33}],"player_experience":598468,"relics_obtained":[{"floor":9,"key":"Molten Egg 2"},{"floor":10,"key":"Letter Opener"},{"floor":24,"key":"Lantern"},{"floor":26,"key":"Bottled Lightning"}],"event_choices":[{"event_name":"Scrap Ooze","player_choice":"success","floor":3,"damage_taken":3},{"event_name":"WeMeetAgain","player_choice":"Potion","floor":5,"damage_taken":0},{"event_name":"Golden Idol","player_choice":"Ignored","floor":13,"damage_taken":0},{"event_name":"Upgrade Shrine","player_choice":"Upgraded","floor":28,"damage_taken":0}],"is_beta":true,"boss_relics":[{"not_picked":["White Beast Statue","Runic Cube"],"picked":"Runic Pyramid"},{"not_picked":["Tiny House","Busted Crown"],"picked":"Snecko Eye"}],"items_purged_floors":[],"is_endless":false,"potions_floor_spawned":[4,14,21,29,30],"killed_by":"3 Darklings","ascension_level":0}