{"path_per_floor":["M","?","M","M","M","M","M","R","T","R","$","E","M","?","R"],"character_chosen":"DEFECT","items_purchased":["Storm","Tempest","Madness"],"gold_per_floor":[116,116,131,144,160,170,180,180,229,229,20,54,67,67,67,67],"floor_reached":16,"campfire_rested":2,"playtime":768,"current_hp_per_floor":[70,70,67,51,36,36,17,17,17,39,39,16,1,1,23,0],"items_purged":[],"gold":67,"score":104,"play_id":"05466999-a398-4d2a-8ec5-b98646ba6dce","local_time":"20180429192012","is_prod":false,"is_daily":false,"chose_seed":false,"is_ascension_mode":false,"campfire_upgraded":1,"timestamp":1525044012,"path_taken":["M","?","M","?","M","M","M","R","T","R","$","E","M","?","R","BOSS"],"build_version":"2018-04-27v3","seed_source_timestamp":1214514788533459,"purchased_purges":0,"victory":false,"master_deck":["Strike_B","Strike_B","Strike_B","Strike_B","Defend_B","Defend_B","Defend_B","Defend_B","Zap","Dualcast","Gash","Conserve Battery","Melter","Defragment","Skim","Thunder Strike+1","Storm","Tempest","Madness+1","Blaster","Double Energy+1"],"max_hp_per_floor":[75,75,75,75,75,75,75,75,75,75,75,75,75,75,75,75],"relics":["Cracked Core","Bag of Marbles","Toolbox","Blood Vial","Toxic Egg 2"],"card_choices":[{"not_picked":["Turbo","Streamline"],"picked":"Gash","floor":1},{"not_picked":["Stack","Rebound"],"picked":"Conserve Battery","floor":3},{"not_picked":["Impulse","Axe Kick"],"picked":"Melter","floor":4},{"not_picked":["Steam Power","Reinforced Body"],"picked":"Defragment","floor":5},{"not_picked":["Blizzard","Turbo"],"picked":"Skim","floor":6},{"not_picked":["Scrape","Skim"],"picked":"Thunder Strike","floor":7},{"not_picked":["Tempest","Genetic Algorithm"],"picked":"Blaster","floor":12},{"not_picked":["Chill","Turbo"],"picked":"Double Energy","floor":13}],"player_experience":52971,"potions_floor_usage":[7,13],"damage_taken":[{"damage":5,"enemies":"Cultist","floor":1,"turns":4},{"damage":3,"enemies":"Jaw Worm","floor":3,"turns":3},{"damage":16,"enemies":"2 Louse","floor":4,"turns":3},{"damage":15,"enemies":"Lots of Slimes","floor":5,"turns":5},{"damage":0,"enemies":"3 Louse","floor":6,"turns":3},{"damage":19,"enemies":"Exordium Thugs","floor":7,"turns":5},{"damage":25,"enemies":"3 Sentries","floor":12,"turns":5},{"damage":17,"enemies":"Large Slime","floor":13,"turns":4},{"damage":29,"enemies":"The Guardian","floor":16,"turns":4}],"event_choices":[{"event_name":"Wheel of Change","player_choice":"Relic","floor":2,"damage_taken":0},{"event_name":"Upgrade Shrine","player_choice":"Upgraded","floor":14,"damage_taken":0}],"boss_relics":[],"potions_floor_spawned":[6,7],"seed_played":"-5600712246621346896","killed_by":"The Guardian","ascension_level":0,"is_trial":false}