{"gold_per_floor":[114,128,128,143,143,143,157,157,205,230,244,269,285,302,302,397,397,408,858,869,882,899,899,927,927,972,972,41,52,52,81,81,176,176,192,241,260,50,50,75,75,75,156,167,186,186,216,227,227,227],"floor_reached":50,"playtime":2952,"items_purged":[],"score":740,"play_id":"a1bc1cdd-93f1-4f2e-a0f2-379030809d9f","local_time":"20190503024706","is_ascension_mode":true,"campfire_choices":[{"floor":6,"key":"REST"},{"data":"Glacier","floor":8,"key":"SMITH"},{"floor":15,"key":"REST"},{"floor":23,"key":"REST"},{"floor":25,"key":"REST"},{"floor":27,"key":"REST"},{"floor":32,"key":"REST"},{"floor":41,"key":"REST"},{"floor":46,"key":"REST"},{"data":"Panache","floor":49,"key":"SMITH"}],"neow_cost":"TEN_PERCENT_HP_LOSS","seed_source_timestamp":1398922703948700,"circlet_count":0,"master_deck":["Strike_B","Strike_B","Strike_B","Strike_B","Defend_B","Defend_B","Defend_B","Defend_B","Zap","Dualcast","Creative AI+1","Cold Snap","Gash","Glacier+1","Blizzard","Cold Snap","All For One","Static Discharge","Go for the Eyes","Beam Cell","Melter","Fusion","All For One","Steam+1","Storm+1","Compile Driver+1","Scrape+1","Steam+1","Lockon+1","Aggregate","Rainbow","Bandage Up","Chaos","Capacitor","Blizzard","Battle Trance","Ghostly Armor","Shockwave+1","Panache+1","Adrenaline","Decay","Injury","Writhe","Compile Driver+1","Madness","Burning Pact+1","Biased Cognition","Discovery","Madness","Madness","Reflex","BootSequence+1","Bandage Up","Secret Technique","Bandage Up","Sunder","Rebound+1","Slice","Anger","Deflect","Chaos+1","Beam Cell+1","Anger+1"],"relics":["Cracked Core","Dream Catcher","DataDisk","Anchor","Blood Vial","Nuclear Battery","Art of War","Centennial Puzzle","PrismaticShard","Prayer Wheel","Question Card","Calling Bell","Bag of Preparation","The Courier","Girya","Bird Faced Urn","Mummified Hand","Meat on the Bone","Pear","Pocketwatch"],"potions_floor_usage":[4,11,18,21,24,29,35,37,44,47,48,50],"damage_taken":[{"damage":0,"enemies":"2 Louse","floor":1,"turns":1},{"damage":13,"enemies":"Cultist","floor":2,"turns":5},{"damage":5,"enemies":"Small Slimes","floor":4,"turns":3},{"damage":1,"enemies":"2 Fungi Beasts","floor":7,"turns":3},{"damage":7,"enemies":"3 Sentries","floor":10,"turns":7},{"damage":0,"enemies":"Exordium Thugs","floor":11,"turns":4},{"damage":16,"enemies":"Gremlin Nob","floor":12,"turns":5},{"damage":0,"enemies":"Blue Slaver","floor":13,"turns":6},{"damage":0,"enemies":"Looter","floor":14,"turns":2},{"damage":8,"enemies":"The Guardian","floor":16,"turns":12},{"damage":0,"enemies":"Chosen","floor":18,"turns":5},{"damage":16,"enemies":"Shell Parasite","floor":20,"turns":6},{"damage":0,"enemies":"Centurion and Healer","floor":21,"turns":6},{"damage":9,"enemies":"3 Cultists","floor":22,"turns":5},{"damage":26,"enemies":"Book of Stabbing","floor":24,"turns":5},{"damage":0,"enemies":"Snecko","floor":29,"turns":4},{"damage":36,"enemies":"Slavers","floor":31,"turns":5},{"damage":15,"enemies":"Champ","floor":33,"turns":10},{"damage":35,"enemies":"3 Darklings","floor":35,"turns":6},{"damage":22,"enemies":"2 Orb Walkers","floor":36,"turns":5},{"damage":9,"enemies":"3 Shapes","floor":37,"turns":3},{"damage":25,"enemies":"Nemesis","floor":40,"turns":5},{"damage":27,"enemies":"Maw","floor":44,"turns":7},{"damage":1,"enemies":"Sphere and 2 Shapes","floor":45,"turns":5},{"damage":21,"enemies":"Reptomancer","floor":47,"turns":4},{"damage":10,"enemies":"Spire Growth","floor":48,"turns":4},{"damage":96,"enemies":"Awakened One","floor":50,"turns":10}],"seed_played":"-6271252800083062130","potions_obtained":[{"floor":2,"key":"Dexterity Potion"},{"floor":7,"key":"Poison Potion"},{"floor":16,"key":"AttackPotion"},{"floor":20,"key":"AttackPotion"},{"floor":22,"key":"Regen Potion"},{"floor":24,"key":"Strength Potion"},{"floor":33,"key":"Dexterity Potion"},{"floor":36,"key":"LiquidBronze"},{"floor":40,"key":"Regen Potion"},{"floor":45,"key":"Explosive Potion"},{"floor":47,"key":"Regen Potion"},{"floor":48,"key":"SteroidPotion"}],"is_trial":false,"path_per_floor":["M","M","?","M","?","R","M","R","T","E","M","E","M","M","R","B",null,"M","?","M","M","M","R","E","R","T","R","$","M","?","E","R","B",null,"M","?","M","$","?","E","R","?","T","M","M","R","E","M","R","B"],"character_chosen":"DEFECT","items_purchased":["PrismaticShard","Prayer Wheel","Rainbow","Bandage Up","Chaos","Capacitor","Blizzard","Mummified Hand"],"campfire_rested":8,"item_purchase_floors":[28,28,28,28,28,28,28,38],"current_hp_per_floor":[68,55,55,50,43,63,62,62,62,55,55,39,41,43,63,57,68,68,32,18,20,13,33,24,44,44,64,64,66,54,24,45,36,73,42,26,25,25,16,13,34,24,34,44,59,83,70,83,83,0],"gold":227,"neow_bonus":"THREE_RARE_CARDS","is_prod":false,"is_daily":false,"chose_seed":false,"campfire_upgraded":2,"win_rate":0,"timestamp":1556866026,"path_taken":["M","M","?","?","?","R","M","R","T","E","M","E","M","M","R","BOSS","M","?","M","M","M","R","E","R","T","R","?","M","?","E","R","BOSS","M","?","M","$","?","E","R","?","T","M","M","R","E","M","R","BOSS"],"build_version":"2019-04-23","purchased_purges":0,"victory":false,"max_hp_per_floor":[68,68,68,68,68,68,68,68,68,68,68,68,68,68,68,68,68,68,68,68,68,68,68,68,68,68,68,68,68,73,73,73,73,73,73,73,73,73,73,73,73,73,83,83,83,83,83,83,83,83],"card_choices":[{"not_picked":["Multi-Cast","Reboot"],"picked":"Creative AI","floor":0},{"not_picked":["Beam Cell","Force Field"],"picked":"Cold Snap","floor":1},{"not_picked":["Redo","Barrage"],"picked":"Gash","floor":2},{"not_picked":["Steam Power","Coolheaded"],"picked":"Glacier","floor":4},{"not_picked":["Streamline","Barrage"],"picked":"Blizzard","floor":6},{"not_picked":["Conserve Battery","Doom and Gloom"],"picked":"Cold Snap","floor":7},{"not_picked":["Compile Driver","Coolheaded"],"picked":"All For One","floor":10},{"not_picked":["Streamline","Go for the Eyes"],"picked":"Static Discharge","floor":11},{"not_picked":["Redo","Sweeping Beam"],"picked":"Go for the Eyes","floor":12},{"not_picked":["Barrage","Hologram"],"picked":"Beam Cell","floor":13},{"not_picked":["Tempest","Compile Driver"],"picked":"Melter","floor":14},{"not_picked":["Conserve Battery","Redo"],"picked":"Fusion","floor":15},{"not_picked":["Reboot","Thunder Strike"],"picked":"All For One","floor":16},{"not_picked":["Conserve Battery+1","Hologram"],"picked":"Steam+1","floor":18},{"not_picked":["Streamline+1","Static Discharge"],"picked":"Storm+1","floor":20},{"not_picked":["Auto Shields+1","Doom and Gloom"],"picked":"Compile Driver+1","floor":21},{"not_picked":["Cold Snap","Conserve Battery"],"picked":"Scrape+1","floor":22},{"not_picked":["Leap","Streamline"],"picked":"Steam+1","floor":23},{"not_picked":["Beam Cell","Leap+1"],"picked":"Lockon+1","floor":24},{"not_picked":["Conserve Battery","Auto Shields"],"picked":"Aggregate","floor":25},{"not_picked":["Wild Strike","Perfected Strike"],"picked":"Battle Trance","floor":29},{"not_picked":["Terror","Tempest+1"],"picked":"Ghostly Armor","floor":29},{"not_picked":["Catalyst+1","Stack+1"],"picked":"Shockwave+1","floor":31},{"not_picked":["Scrape","Hello World+1","Shrug It Off+1"],"picked":"Panache","floor":32},{"not_picked":["Buffer","Metamorphosis","Reaper"],"picked":"Adrenaline","floor":33},{"not_picked":["Inflame","Shrug It Off","Redo"],"picked":"Compile Driver+1","floor":35},{"not_picked":["Bane+1","Body Slam+1","Clothesline"],"picked":"Madness","floor":35},{"not_picked":["Conserve Battery","Blade Dance","Deflect+1"],"picked":"Burning Pact+1","floor":36},{"not_picked":["Shrug It Off+1","Warcry","Prepared"],"picked":"Biased Cognition","floor":37},{"not_picked":["Flying Knee+1","Outmaneuver+1","Slice+1"],"picked":"Discovery","floor":37},{"not_picked":["Combust+1","Blade Dance","Sword Boomerang+1"],"picked":"Reflex","floor":40},{"not_picked":["Anger","Shrug It Off","Riddle With Holes+1"],"picked":"BootSequence+1","floor":41},{"not_picked":["Finesse","Forethought","Deep Breath"],"picked":"Bandage Up","floor":42},{"not_picked":["Impatience","Mind Blast","HandOfGreed"],"picked":"Secret Technique","floor":42},{"not_picked":["Dark Shackles","Magnetism","Purity"],"picked":"Bandage Up","floor":42},{"not_picked":["Backflip+1","Footwork+1","Dual Wield"],"picked":"Sunder","floor":44},{"not_picked":["Pommel Strike","Prepared","Cold Snap+1"],"picked":"Rebound+1","floor":44},{"not_picked":["Power Through","Blade Dance","Heavy Blade+1"],"picked":"Slice","floor":45},{"not_picked":["Stack+1","Heel Hook+1","Caltrops"],"picked":"Anger","floor":45},{"not_picked":["Hemokinesis+1","Rebound","Stack"],"picked":"Deflect","floor":46},{"not_picked":["Backflip","Finisher","Clothesline"],"picked":"Chaos+1","floor":47},{"not_picked":["Masterful Stab","Deadly Poison","Enlightenment+1"],"picked":"Beam Cell+1","floor":48},{"not_picked":["Deadly Poison+1","Storm of Steel","Rupture"],"picked":"Anger+1","floor":48}],"player_experience":841121,"relics_obtained":[{"floor":9,"key":"DataDisk"},{"floor":10,"key":"Anchor"},{"floor":12,"key":"Blood Vial"},{"floor":24,"key":"Art of War"},{"floor":26,"key":"Centennial Puzzle"},{"floor":31,"key":"Question Card"},{"floor":34,"key":"Bag of Preparation"},{"floor":34,"key":"The Courier"},{"floor":34,"key":"Girya"},{"floor":36,"key":"Bird Faced Urn"},{"floor":40,"key":"Meat on the Bone"},{"floor":43,"key":"Pear"},{"floor":47,"key":"Pocketwatch"}],"event_choices":[{"damage_healed":0,"gold_gain":0,"player_choice":"Upgraded","damage_taken":0,"max_hp_gain":0,"max_hp_loss":0,"event_name":"Upgrade Shrine","floor":3,"gold_loss":0,"cards_upgraded":["Creative AI"]},{"damage_healed":0,"gold_gain":0,"player_choice":"Success","damage_taken":7,"relics_obtained":["Dream Catcher"],"max_hp_gain":0,"max_hp_loss":0,"event_name":"Scrap Ooze","floor":5,"gold_loss":0},{"damage_healed":0,"gold_gain":450,"player_choice":"GOLD GOLD GOLD GOLD GOLD ","damage_taken":36,"max_hp_gain":0,"max_hp_loss":0,"event_name":"Knowing Skull","floor":19,"potions_obtained":[],"gold_loss":0,"cards_obtained":[]},{"damage_healed":0,"gold_gain":0,"player_choice":"Shed Blood","damage_taken":17,"max_hp_gain":5,"max_hp_loss":0,"event_name":"Forgotten Altar","floor":30,"gold_loss":0},{"damage_healed":0,"gold_gain":0,"player_choice":"Fight","damage_taken":0,"max_hp_gain":0,"max_hp_loss":0,"event_name":"Mysterious Sphere","floor":36,"gold_loss":0},{"damage_healed":0,"gold_gain":0,"player_choice":"Embrace Madness","damage_taken":9,"max_hp_gain":0,"max_hp_loss":0,"event_name":"Winding Halls","floor":39,"gold_loss":0,"cards_obtained":["Madness","Madness"]},{"damage_healed":0,"gold_gain":0,"player_choice":"Memory 3","damage_taken":10,"max_hp_gain":0,"max_hp_loss":0,"event_name":"SensoryStone","floor":42,"gold_loss":0}],"is_beta":true,"boss_relics":[{"not_picked":["Lizard Tail","Runic Pyramid"],"picked":"Nuclear Battery"},{"not_picked":["Philosopher\u0027s Stone","Busted Crown"],"picked":"Calling Bell"}],"items_purged_floors":[],"is_endless":false,"potions_floor_spawned":[2,7,16,20,22,24,33,36,40,45,47,48],"killed_by":"Awakened One","ascension_level":4}