{"gold_per_floor":[13,88,100,21,196,221,221,253,278,278,290,319,37,49,49,49],"floor_reached":16,"playtime":485,"items_purged":[],"score":148,"play_id":"a1752dfb-85f7-46be-8d20-86cfbc8d226f","local_time":"20180722035431","is_ascension_mode":true,"campfire_choices":[{"floor":7,"key":"REST"},{"floor":10,"key":"REST"},{"floor":15,"key":"REST"}],"neow_cost":"NO_GOLD","seed_source_timestamp":1125046865310186,"circlet_count":0,"master_deck":["Strike_R","Strike_R","Strike_R","Strike_R","Strike_R","Defend_R","Defend_R","Bash","Rupture","Thunderclap","Flex","Flex","Combust","Doubt","Shrug It Off","Inflame","Heavy Blade","Combust","Uppercut","Iron Wave"],"relics":["Burning Blood","Juzu Bracelet","Paper Frog","Red Skull","Centennial Puzzle","HandDrill"],"potions_floor_usage":[6,12,16],"damage_taken":[{"damage":9,"enemies":"Jaw Worm","floor":1,"turns":3},{"damage":11,"enemies":"2 Louse","floor":3,"turns":3},{"damage":34,"enemies":"Lagavulin","floor":6,"turns":5},{"damage":27,"enemies":"Gremlin Nob","floor":8,"turns":4},{"damage":5,"enemies":"Cultist","floor":11,"turns":4},{"damage":35,"enemies":"3 Sentries","floor":12,"turns":5},{"damage":5,"enemies":"Blue Slaver","floor":14,"turns":2},{"damage":58,"enemies":"The Guardian","floor":16,"turns":5}],"seed_played":"3930282013133919057","potions_obtained":[{"floor":3,"key":"Swift Potion"},{"floor":11,"key":"Swift Potion"},{"floor":14,"key":"SneckoOil"}],"is_trial":false,"path_per_floor":["M","?","M","$","?","E","R","E","T","R","M","E","$","M","R"],"character_chosen":"IRONCLAD","items_purchased":["Combust","Uppercut","HandDrill"],"campfire_rested":3,"item_purchase_floors":[4,13,13],"current_hp_per_floor":[77,66,61,61,61,33,57,36,36,60,61,32,32,33,57,0],"gold":49,"neow_bonus":"TRANSFORM_TWO_CARDS","is_prod":false,"is_daily":false,"chose_seed":false,"campfire_upgraded":0,"win_rate":0,"timestamp":1532246071,"path_taken":["M","?","M","$","?","E","R","E","T","R","M","E","$","M","R","BOSS"],"build_version":"2018-07-19","purchased_purges":0,"victory":false,"max_hp_per_floor":[80,80,80,80,80,80,80,80,80,80,80,80,80,80,80,80],"card_choices":[{"not_picked":["Thunderclap","Spot Weakness"],"picked":"Flex","floor":1},{"not_picked":["Sentinel","Perfected Strike"],"picked":"Flex","floor":3},{"not_picked":["Warcry","Twin Strike"],"picked":"Shrug It Off","floor":6},{"not_picked":["Headbutt","Seeing Red"],"picked":"Inflame","floor":8},{"not_picked":["Wild Strike","Sever Soul"],"picked":"Heavy Blade","floor":11},{"not_picked":["Metallicize","Berserk"],"picked":"Combust","floor":12},{"not_picked":["Pommel Strike","Headbutt"],"picked":"Iron Wave","floor":14}],"player_experience":476910,"relics_obtained":[{"floor":6,"key":"Juzu Bracelet"},{"floor":8,"key":"Paper Frog"},{"floor":9,"key":"Red Skull"},{"floor":12,"key":"Centennial Puzzle"}],"event_choices":[{"event_name":"World of Goop","player_choice":"Gather Gold","floor":2,"damage_taken":0},{"event_name":"Liars Game","player_choice":"agreed","floor":5,"damage_taken":0}],"is_beta":true,"boss_relics":[],"items_purged_floors":[],"is_endless":false,"potions_floor_spawned":[3,11,14],"killed_by":"The Guardian","ascension_level":5}