{"gold_per_floor":[114,189,206,219,237,264,264,289,289,303,303,65,65,65,65,136,136,156,156,171,186,186,186,213,239,310,338,338,350,350,350,350,429,429,445,667,121,141,241,129,146,146,192,226,226,245,277,277,277,277,277],"floor_reached":51,"playtime":2629,"items_purged":["Strike_G","Writhe"],"score":1477,"play_id":"b859c1f0-1410-4dac-b6c9-bf3f725e6a90","local_time":"20190531222011","is_ascension_mode":true,"campfire_choices":[{"floor":7.0,"key":"REST"},{"floor":11.0,"key":"REST"},{"floor":15.0,"key":"REST"},{"floor":23.0,"key":"REST"},{"floor":28.0,"key":"REST"},{"data":"Noxious Fumes","floor":30.0,"key":"SMITH"},{"floor":32.0,"key":"REST"},{"data":"Well Laid Plans","floor":42,"key":"SMITH"},{"data":"Calculated Gamble","floor":45,"key":"SMITH"},{"floor":49,"key":"REST"}],"neow_cost":"NONE","seed_source_timestamp":1450108434743153,"circlet_count":0,"master_deck":["AscendersBane","Defend_G","Defend_G","Defend_G","Defend_G","Defend_G","Survivor","Neutralize","Dodge and Roll+1","Dagger Throw+1","Predator","Dagger Spray","PiercingWail","Corpse Explosion","Burst","Dodge and Roll+1","Cloak And Dagger","Burst","Adrenaline","PiercingWail","Backflip","Well Laid Plans+1","Noxious Fumes+1","Night Terror","Setup+1","Malaise+1","Slice+1","Prepared+1","Noxious Fumes","Calculated Gamble+1","Blur+1","Footwork","Dodge and Roll","Prepared+1"],"special_seed":0,"relics":["Ring of the Snake","Bronze Scales","Ancient Tea Set","Ninja Scroll","Happy Flower","Sozu","Red Mask","Potion Belt","Bottled Flame","Darkstone Periapt","Boot","Astrolabe","Tough Bandages","Tingsha","Blood Vial","Orichalcum","Blue Candle"],"potions_floor_usage":[51],"damage_taken":[{"damage":0.0,"enemies":"Small Slimes","floor":1.0,"turns":5.0},{"damage":0.0,"enemies":"Cultist","floor":3.0,"turns":4.0},{"damage":0.0,"enemies":"2 Louse","floor":4.0,"turns":2.0},{"damage":14.0,"enemies":"Large Slime","floor":5.0,"turns":6.0},{"damage":20.0,"enemies":"3 Sentries","floor":6.0,"turns":9.0},{"damage":29.0,"enemies":"Gremlin Nob","floor":8.0,"turns":4.0},{"damage":0.0,"enemies":"2 Fungi Beasts","floor":10.0,"turns":3.0},{"damage":18.0,"enemies":"The Guardian","floor":16.0,"turns":12.0},{"damage":10.0,"enemies":"2 Thieves","floor":18.0,"turns":3.0},{"damage":9.0,"enemies":"Shell Parasite","floor":20.0,"turns":5.0},{"damage":0.0,"enemies":"3 Cultists","floor":21.0,"turns":3.0},{"damage":1.0,"enemies":"Masked Bandits","floor":24.0,"turns":4.0},{"damage":20.0,"enemies":"Book of Stabbing","floor":25.0,"turns":5.0},{"damage":16.0,"enemies":"Gremlin Leader","floor":27.0,"turns":8.0},{"damage":2.0,"enemies":"Sentry and Sphere","floor":29.0,"turns":6.0},{"damage":39.0,"enemies":"Automaton","floor":33.0,"turns":9.0},{"damage":2,"enemies":"3 Darklings","floor":35,"turns":3},{"damage":1,"enemies":"Orb Walker","floor":38,"turns":4},{"damage":0,"enemies":"Mind Bloom Boss Battle","floor":39,"turns":8},{"damage":0,"enemies":"Maw","floor":41,"turns":9},{"damage":6,"enemies":"Reptomancer","floor":44,"turns":9},{"damage":11,"enemies":"Transient","floor":46,"turns":6},{"damage":41,"enemies":"Giant Head","floor":47,"turns":13},{"damage":19,"enemies":"Donu and Deca","floor":50,"turns":12},{"damage":12,"enemies":"Time Eater","floor":51,"turns":2}],"seed_played":"-1429940429600565102","potions_obtained":[{"floor":4.0,"key":"LiquidBronze"},{"floor":5.0,"key":"Explosive Potion"},{"floor":8.0,"key":"Fire Potion"}],"is_trial":false,"path_per_floor":["M","?","M","M","M","E","R","E","T","M","R","$","?","?","R","B",null,"M","?","M","M","?","R","?","E","T","E","R","M","R","?","R","B",null,"M","?","$","M","?","$","M","R","T","E","R","M","E","?","R","B","B"],"character_chosen":"THE_SILENT","items_purchased":["Happy Flower","Noxious Fumes","Tough Bandages","Calculated Gamble","Footwork","Dodge and Roll"],"campfire_rested":7,"item_purchase_floors":[12,37,37,37,40,40],"current_hp_per_floor":[59,48,48,48,34,14,33,4,4,4,23,23,3,3,22,4,51,41,41,32,32,32,51,50,30,30,14,33,31,31,37,58,19,59,57,57,57,56,56,56,56,56,56,52,52,43,4,4,25,8,0],"gold":277,"neow_bonus":"RANDOM_COMMON_RELIC","is_prod":false,"is_daily":false,"chose_seed":false,"campfire_upgraded":3,"win_rate":0,"timestamp":1559366411,"path_taken":["M","?","M","M","M","E","R","E","T","M","R","$","?","?","R","BOSS","M","?","M","M","?","R","?","E","T","E","R","M","R","?","R","BOSS","M","?","$","M","?","$","M","R","T","E","R","M","E","?","R","BOSS","BOSS"],"build_version":"2019-01-23","purchased_purges":2,"victory":false,"max_hp_per_floor":[66,66,66,66,66,66,66,66,66,66,66,66,66,66,66,66,66,66,66,66,66,66,66,66,66,66,66,66,66,66,72,72,72,72,72,72,72,72,72,72,72,72,72,72,72,72,72,72,72,72,72],"card_choices":[{"not_picked":["Setup","Underhanded Strike"],"picked":"Dodge and Roll","floor":1.0},{"not_picked":["Choke","Deflect"],"picked":"Dagger Throw","floor":3.0},{"not_picked":["Dodge and Roll","Storm of Steel"],"picked":"Endless Agony","floor":4.0},{"not_picked":["Blade Dance","Finisher"],"picked":"Predator","floor":5.0},{"not_picked":["Cloak And Dagger","Reflex"],"picked":"Dagger Spray","floor":6.0},{"not_picked":["Phantasmal Killer","Blade Dance","Bane"],"picked":"SKIP","floor":8.0},{"not_picked":["Blade Dance","Underhanded Strike"],"picked":"PiercingWail","floor":10.0},{"not_picked":["Tools of the Trade","Bullet Time"],"picked":"Burst","floor":16.0},{"not_picked":["Eviscerate","Deadly Poison"],"picked":"Dodge and Roll+1","floor":18.0},{"not_picked":["Dagger Spray","Backflip"],"picked":"Adrenaline","floor":20.0},{"not_picked":["Eviscerate","Deflect","Dagger Spray"],"picked":"SKIP","floor":21.0},{"not_picked":["Poisoned Stab","Calculated Gamble"],"picked":"PiercingWail","floor":24.0},{"not_picked":["Distraction","Prepared+1"],"picked":"Backflip","floor":25.0},{"not_picked":["Reflex","Backflip"],"picked":"Well Laid Plans","floor":27.0},{"not_picked":["Backflip","Venomology"],"picked":"Noxious Fumes","floor":29.0},{"not_picked":["Grand Finale","Doppelganger"],"picked":"Night Terror","floor":33.0},{"not_picked":["Concentrate","Dagger Throw"],"picked":"Prepared+1","floor":35},{"not_picked":["Concentrate","Infinite Blades+1"],"picked":"Blur+1","floor":38},{"not_picked":["Eviscerate+1","Quick Slash","Poisoned Stab"],"picked":"SKIP","floor":41},{"not_picked":["Phantasmal Killer","Accuracy"],"picked":"Prepared+1","floor":44},{"not_picked":["Deflect","Dagger Spray","Setup"],"picked":"SKIP","floor":46},{"not_picked":["Blade Dance+1","Acrobatics","Dodge and Roll"],"picked":"SKIP","floor":47}],"player_experience":759451,"relics_obtained":[{"floor":6.0,"key":"Ancient Tea Set"},{"floor":8.0,"key":"Ninja Scroll"},{"floor":24.0,"key":"Red Mask"},{"floor":25.0,"key":"Potion Belt"},{"floor":26.0,"key":"Bottled Flame"},{"floor":27.0,"key":"Darkstone Periapt"},{"floor":39,"key":"Tingsha"},{"floor":43,"key":"Blood Vial"},{"floor":44,"key":"Orichalcum"},{"floor":47,"key":"Blue Candle"}],"event_choices":[{"damage_healed":0.0,"max_hp_gain":0.0,"max_hp_loss":0.0,"gold_gain":75.0,"event_name":"World of Goop","player_choice":"Gather Gold","floor":2.0,"gold_loss":0.0,"damage_taken":11.0},{"damage_healed":0.0,"max_hp_gain":0.0,"max_hp_loss":0.0,"gold_gain":0.0,"event_name":"Shining Light","player_choice":"Entered Light","floor":13.0,"gold_loss":0.0,"damage_taken":20.0,"cards_upgraded":["Dagger Throw","Dodge and Roll"]},{"damage_healed":0.0,"max_hp_gain":0.0,"max_hp_loss":0.0,"gold_gain":0.0,"event_name":"Match and Keep!","player_choice":"1 cards matched","floor":14.0,"gold_loss":0.0,"damage_taken":0.0,"cards_obtained":["Corpse Explosion"]},{"damage_healed":0.0,"max_hp_gain":0.0,"max_hp_loss":0.0,"gold_gain":0.0,"cards_transformed":["Strike_G","Strike_G"],"event_name":"Drug Dealer","player_choice":"Became Test Subject","floor":19.0,"gold_loss":0.0,"damage_taken":0.0,"cards_obtained":["Cloak And Dagger","Burst"]},{"damage_healed":0.0,"max_hp_gain":0.0,"max_hp_loss":0.0,"gold_gain":0.0,"event_name":"Masked Bandits","player_choice":"Fought Bandits","floor":24.0,"gold_loss":0.0,"damage_taken":0.0},{"damage_healed":0.0,"max_hp_gain":0.0,"max_hp_loss":0.0,"gold_gain":0.0,"event_name":"The Mausoleum","player_choice":"Opened","floor":31.0,"gold_loss":0.0,"damage_taken":0.0,"relics_obtained":["Boot"],"cards_obtained":["Writhe"]},{"damage_healed":0,"gold_gain":222,"player_choice":"Wore Mask","damage_taken":0,"max_hp_gain":0,"max_hp_loss":0,"event_name":"Tomb of Lord Red Mask","floor":36,"gold_loss":0},{"damage_healed":0,"gold_gain":0,"player_choice":"Fight","damage_taken":0,"max_hp_gain":0,"max_hp_loss":0,"event_name":"MindBloom","floor":39,"gold_loss":0},{"damage_healed":0,"gold_gain":0,"player_choice":"Memory 1","damage_taken":0,"max_hp_gain":0,"max_hp_loss":0,"event_name":"SensoryStone","floor":48,"gold_loss":0}],"is_beta":false,"boss_relics":[{"not_picked":["Pandora\u0027s Box","Coffee Dripper"],"picked":"Sozu"},{"not_picked":["Black Star","Tiny House"],"picked":"Astrolabe"}],"items_purged_floors":[12,37],"is_endless":false,"potions_floor_spawned":[4,5,8,10,21,25,29,35,44,47],"killed_by":"Time Eater","ascension_level":20}