{"gold_per_floor":[112,123,134,134,154,184,184,184,236,73,108,129,129,146,146,146],"floor_reached":16,"playtime":619,"items_purged":[],"score":220,"play_id":"ef928bfd-7a22-424c-a510-3d118d3a4ed6","local_time":"20190305185151","is_ascension_mode":true,"campfire_choices":[{"data":"Well Laid Plans","floor":8,"key":"SMITH"},{"floor":13,"key":"REST"},{"data":"Finisher","floor":15,"key":"SMITH"}],"neow_cost":"NONE","seed_source_timestamp":349734573968053,"circlet_count":0,"master_deck":["AscendersBane","Defend_G","Defend_G","Defend_G","Defend_G","Defend_G","Strike_G","Strike_G","Strike_G","Strike_G","Strike_G","Survivor","Neutralize+1","Backstab","Well Laid Plans+1","Finisher+1","PiercingWail","Flying Knee","Dodge and Roll","Escape Plan"],"relics":["Ring of the Snake","Letter Opener","Bag of Preparation","Oddly Smooth Stone","Odd Mushroom"],"potions_floor_usage":[6,12,16,16],"damage_taken":[{"damage":8,"enemies":"Cultist","floor":1,"turns":6},{"damage":1,"enemies":"Small Slimes","floor":2,"turns":5},{"damage":3,"enemies":"2 Louse","floor":3,"turns":2},{"damage":5,"enemies":"Exordium Wildlife","floor":5,"turns":4},{"damage":19,"enemies":"3 Sentries","floor":6,"turns":9},{"damage":19,"enemies":"Gremlin Nob","floor":11,"turns":4},{"damage":13,"enemies":"The Mushroom Lair","floor":12,"turns":4},{"damage":1,"enemies":"Large Slime","floor":14,"turns":5},{"damage":25,"enemies":"Slime Boss","floor":16,"turns":10}],"seed_played":"-675280018134008562","potions_obtained":[{"floor":1,"key":"Strength Potion"},{"floor":5,"key":"GhostInAJar"},{"floor":11,"key":"Poison Potion"},{"floor":14,"key":"Block Potion"}],"is_trial":false,"path_per_floor":["M","M","M","?","M","E","?","R","T","$","E","?","R","M","R","B"],"character_chosen":"THE_SILENT","items_purchased":["Bag of Preparation"],"campfire_rested":1,"item_purchase_floors":[10],"current_hp_per_floor":[57,56,53,53,48,29,34,34,34,34,15,2,25,24,24,0],"gold":146,"neow_bonus":"TEN_PERCENT_HP_BONUS","is_prod":false,"is_daily":false,"chose_seed":false,"campfire_upgraded":2,"win_rate":0,"timestamp":1551837111,"path_taken":["M","M","?","?","M","E","?","R","T","$","E","?","R","M","R","BOSS"],"build_version":"2019-01-23","purchased_purges":0,"victory":false,"max_hp_per_floor":[72,72,72,72,72,72,77,77,77,77,77,77,77,77,77,77],"card_choices":[{"not_picked":["Acrobatics","Bouncing Flask"],"picked":"Backstab","floor":1},{"not_picked":["Leg Sweep","Slice"],"picked":"Well Laid Plans","floor":2},{"not_picked":["Well Laid Plans","Expertise"],"picked":"Finisher","floor":3},{"not_picked":["Deflect","Storm of Steel"],"picked":"PiercingWail","floor":5},{"not_picked":["Caltrops","Skewer"],"picked":"Flying Knee","floor":6},{"not_picked":["Poisoned Stab","Deflect"],"picked":"Dodge and Roll","floor":11},{"not_picked":["Phantasmal Killer","Heel Hook"],"picked":"Escape Plan","floor":14}],"player_experience":702319,"relics_obtained":[{"floor":6,"key":"Letter Opener"},{"floor":11,"key":"Oddly Smooth Stone"},{"floor":12,"key":"Odd Mushroom"}],"event_choices":[{"damage_healed":0,"gold_gain":0,"player_choice":"Grow","damage_taken":0,"max_hp_gain":0,"max_hp_loss":0,"event_name":"Living Wall","floor":4,"gold_loss":0,"cards_upgraded":["Neutralize"]},{"damage_healed":0,"gold_gain":0,"player_choice":"Donut","damage_taken":0,"max_hp_gain":5,"max_hp_loss":0,"event_name":"Big Fish","floor":7,"gold_loss":0},{"damage_healed":0,"gold_gain":0,"player_choice":"Fought Mushrooms","damage_taken":0,"max_hp_gain":0,"max_hp_loss":0,"event_name":"Mushrooms","floor":12,"gold_loss":0}],"is_beta":false,"boss_relics":[],"items_purged_floors":[],"is_endless":false,"potions_floor_spawned":[1,5,11,14],"killed_by":"Slime Boss","ascension_level":20}