{"gold_per_floor":[114,39,59,59,77,77,112,18,97,107,117,134,36,46,46,46],"floor_reached":16,"playtime":444,"items_purged":[],"score":208,"play_id":"176e3cc6-ceeb-41bc-8976-3685df4c0519","local_time":"20181110210548","is_ascension_mode":true,"campfire_choices":[{"floor":6,"key":"REST"},{"data":"Footwork","floor":15,"key":"SMITH"}],"neow_cost":"NONE","seed_source_timestamp":38175630629228,"circlet_count":0,"master_deck":["AscendersBane","Defend_G","Defend_G","Defend_G","Defend_G","Defend_G","Strike_G","Strike_G","Strike_G","Strike_G","Survivor","Neutralize+1","Bane","Poisoned Stab","PiercingWail","Footwork+1","Poisoned Stab","Catalyst","Discovery"],"special_seed":0,"relics":["Ring of the Snake","PreservedInsect","Ninja Scroll"],"potions_floor_usage":[7],"damage_taken":[{"damage":2.0,"enemies":"Small Slimes","floor":1.0,"turns":5.0},{"damage":14,"enemies":"Jaw Worm","floor":3,"turns":9},{"damage":4,"enemies":"Cultist","floor":5,"turns":4},{"damage":25,"enemies":"Gremlin Nob","floor":7,"turns":5},{"damage":11,"enemies":"Large Slime","floor":10,"turns":6},{"damage":5,"enemies":"3 Louse","floor":11,"turns":4},{"damage":0,"enemies":"2 Fungi Beasts","floor":12,"turns":4},{"damage":4,"enemies":"Large Slime","floor":14,"turns":5},{"damage":36,"enemies":"The Guardian","floor":16,"turns":2}],"seed_played":"2923008662265626776","potions_obtained":[{"floor":3,"key":"Ancient Potion"},{"floor":11,"key":"SkillPotion"}],"is_trial":false,"path_per_floor":["M","?","M","?","M","R","E","$","T","M","M","M","$","M","R","B"],"character_chosen":"THE_SILENT","items_purchased":["Footwork","Poisoned Stab","Discovery"],"campfire_rested":1,"item_purchase_floors":[8,8,13],"current_hp_per_floor":[63,63,49,49,45,66,41,41,41,30,25,25,25,21,21,0],"gold":46,"neow_bonus":"TEN_PERCENT_HP_BONUS","is_prod":false,"is_daily":false,"chose_seed":false,"campfire_upgraded":1,"win_rate":0,"timestamp":1541909148,"path_taken":["M","?","M","?","M","R","E","?","T","?","M","M","$","M","R","BOSS"],"build_version":"2018-11-08","purchased_purges":0,"victory":false,"max_hp_per_floor":[72,72,72,72,72,72,72,72,72,72,72,72,72,72,72,72],"card_choices":[{"not_picked":["PiercingWail","Slice"],"picked":"Bane","floor":1.0},{"not_picked":["Crippling Poison","Dagger Throw"],"picked":"Poisoned Stab","floor":3},{"not_picked":["Slice","Quick Slash","Bane"],"picked":"SKIP","floor":5},{"not_picked":["Predator","Sucker Punch"],"picked":"PiercingWail","floor":7},{"not_picked":["Burst","Concentrate"],"picked":"Catalyst","floor":10},{"not_picked":["Dagger Throw","Cloak And Dagger","Acrobatics"],"picked":"SKIP","floor":11},{"not_picked":["Slice","Prepared","Accuracy"],"picked":"SKIP","floor":12},{"not_picked":["Choke","Backflip","Reflex"],"picked":"SKIP","floor":14}],"player_experience":616322,"relics_obtained":[{"floor":7,"key":"PreservedInsect"},{"floor":9,"key":"Ninja Scroll"}],"event_choices":[{"cards_removed":["Strike_G"],"damage_healed":0.0,"max_hp_gain":0.0,"max_hp_loss":0.0,"gold_gain":0.0,"event_name":"The Cleric","player_choice":"Card Removal","floor":2.0,"gold_loss":75.0,"damage_taken":0.0},{"damage_healed":0,"gold_gain":0,"player_choice":"Grow","damage_taken":0,"max_hp_gain":0,"max_hp_loss":0,"event_name":"Living Wall","floor":4,"gold_loss":0,"cards_upgraded":["Neutralize"]}],"is_beta":false,"boss_relics":[],"items_purged_floors":[],"is_endless":false,"potions_floor_spawned":[3,11],"killed_by":"The Guardian","ascension_level":20}