{"path_per_floor":["M","M","$","?","M","R","M","R","T","M","?","M","M","M","R","B",null,"M","$","?","M"],"character_chosen":"DEFECT","items_purchased":["Impulse","Dramatic Entrance","Anchor"],"gold_per_floor":[109,124,124,124,137,137,155,155,155,174,174,186,198,216,216,312,312,330,64,64,81,81],"floor_reached":22,"campfire_rested":3,"playtime":839,"current_hp_per_floor":[74,70,70,55,51,73,14,36,36,31,56,52,47,37,74,11,75,40,40,24,18,0],"items_purged":[],"gold":81,"score":180,"play_id":"815a40cd-3aee-41aa-81a2-6172324e521b","local_time":"20180430002435","is_prod":false,"is_daily":false,"chose_seed":false,"is_ascension_mode":false,"campfire_upgraded":0,"timestamp":1525062275,"path_taken":["M","M","$","?","M","R","M","R","T","M","?","M","M","?","R","BOSS","M","$","?","?","M"],"build_version":"2018-04-27v3","seed_source_timestamp":1232706515024674,"purchased_purges":1,"victory":false,"master_deck":["Strike_B","Strike_B","Strike_B","Strike_B","Defend_B","Defend_B","Defend_B","Defend_B+1","Zap","Dualcast","Turbo+1","Gash","Heatsinks","Melter","Beam Cell","Beam Cell","Ball Lightning","Leap","Redo","Self Repair+1","Impulse","Dramatic Entrance","Necronomicurse","Static Discharge"],"max_hp_per_floor":[75,75,75,75,75,75,75,75,75,75,75,75,75,75,75,75,75,75,75,75,75,75],"relics":["Cracked Core","Regal Pillow","Sozu","Anchor","Necronomicon"],"card_choices":[{"not_picked":["Coolheaded","Barrage"],"picked":"Turbo","floor":1},{"not_picked":["Barrage","Defragment"],"picked":"Gash","floor":2},{"not_picked":["Sweeping Beam","Stack"],"picked":"Heatsinks","floor":5},{"not_picked":["Leap","Genetic Algorithm"],"picked":"Melter","floor":7},{"not_picked":["Stack","Genetic Algorithm"],"picked":"Beam Cell","floor":10},{"not_picked":["Coolheaded","Hologram"],"picked":"Beam Cell","floor":12},{"not_picked":["Sweeping Beam","Genetic Algorithm"],"picked":"Ball Lightning","floor":13},{"not_picked":["Undo","Double Energy"],"picked":"Leap","floor":14},{"not_picked":["Fission","Amplify"],"picked":"Redo","floor":16},{"not_picked":["Scrape","Skim"],"picked":"Self Repair","floor":18},{"not_picked":["Sunder","Hello World"],"picked":"Static Discharge","floor":21}],"player_experience":63195,"potions_floor_usage":[10,13,14,16],"damage_taken":[{"damage":1,"enemies":"Jaw Worm","floor":1,"turns":3},{"damage":4,"enemies":"2 Louse","floor":2,"turns":3},{"damage":4,"enemies":"Small Slimes","floor":5,"turns":3},{"damage":59,"enemies":"Gremlin Gang","floor":7,"turns":6},{"damage":5,"enemies":"Looter","floor":10,"turns":3},{"damage":4,"enemies":"2 Fungi Beasts","floor":12,"turns":3},{"damage":5,"enemies":"3 Louse","floor":13,"turns":2},{"damage":13,"enemies":"Red Slaver","floor":14,"turns":2},{"damage":63,"enemies":"Slime Boss","floor":16,"turns":12},{"damage":35,"enemies":"3 Byrds","floor":18,"turns":5},{"damage":16,"enemies":"Shell Parasite","floor":21,"turns":5},{"damage":22,"enemies":"3 Cultists","floor":22,"turns":3}],"event_choices":[{"event_name":"Shining Light","player_choice":"Entered Light","floor":4,"damage_taken":0},{"event_name":"Big Fish","player_choice":"Banana","floor":11,"damage_taken":0},{"event_name":"Cursed Tome","player_choice":"Obtained Book","floor":20,"damage_taken":0}],"boss_relics":[{"not_picked":["Velvet Choker","Runic Dome"],"picked":"Sozu"}],"potions_floor_spawned":[7,12,13,14],"seed_played":"-9137792939529919467","killed_by":"3 Cultists","ascension_level":0,"is_trial":false}