{"path_per_floor":["M","?","$","M","M","R","M","R","T","M","M","E","M","?","R","B",null,"M","M","M","?","$","R","E"],"character_chosen":"IRONCLAD","items_purchased":["Flame Barrier","Mercury Hourglass"],"gold_per_floor":[114,64,30,45,60,60,75,75,100,115,130,160,175,175,175,275,275,290,305,320,320,70,70,100,100],"floor_reached":25,"campfire_rested":2,"playtime":1255,"current_hp_per_floor":[80,80,80,80,63,63,61,80,80,80,62,29,12,38,62,38,80,74,56,58,40,40,40,36,0],"items_purged":[],"gold":100,"score":276,"play_id":"89bee7c1-7aa4-4744-8051-8e4b28a9c5c8","local_time":"20180411102556","daily_mods":["Draft","Time Dilation","Uncertain Future"],"is_prod":false,"is_daily":true,"is_ascension_mode":false,"campfire_upgraded":2,"timestamp":1523456756,"path_taken":["M","?","$","M","M","R","?","R","T","M","M","E","M","?","R","BOSS","M","M","M","?","$","R","E","M"],"build_version":"2018-04-05v2","purchased_purges":0,"victory":false,"master_deck":["Burning Pact","Iron Wave","Ghostly Armor","Spot Weakness","Fire Breathing","Whirlwind","Flex","Disarm","Spot Weakness","Combust","Rage","Dual Wield","Second Wind","Flex","Evolve","Flame Barrier","Rupture+1","Flex","Offering","Inflame","Cleave","Rage","Reaper","Twin Strike","Twin Strike","Rage","Impervious","Twin Strike","Dual Wield+1","Rupture","Whirlwind","Ghostly","Ghostly","Ghostly","Ghostly","Ghostly+1","Combust"],"max_hp_per_floor":[80,80,80,80,80,80,80,80,80,80,80,80,80,80,80,80,80,80,80,80,40,40,40,50,50],"relics":["Burning Blood","Bag of Preparation","Omamori","Orrery","Mercury Hourglass","Pear"],"card_choices":[{"not_picked":["Hemokinesis","True Grit"],"picked":"Burning Pact","floor":0},{"not_picked":["Perfected Strike","Heavy Blade"],"picked":"Iron Wave","floor":0},{"not_picked":["Battle Trance","Blood for Blood"],"picked":"Ghostly Armor","floor":0},{"not_picked":["Body Slam","Cleave"],"picked":"Spot Weakness","floor":0},{"not_picked":["Perfected Strike","Searing Blow"],"picked":"Fire Breathing","floor":0},{"not_picked":["Reckless Charge","Burning Pact"],"picked":"Whirlwind","floor":0},{"not_picked":["Sentinel","Warcry"],"picked":"Flex","floor":0},{"not_picked":["Perfected Strike","Heavy Blade"],"picked":"Disarm","floor":0},{"not_picked":["Sword Boomerang","Searing Blow"],"picked":"Clothesline","floor":0},{"not_picked":["Heavy Blade","Clothesline"],"picked":"Spot Weakness","floor":0},{"not_picked":["Anger","Wild Strike"],"picked":"Combust","floor":0},{"not_picked":["Uppercut","Shrug It Off"],"picked":"Rage","floor":0},{"not_picked":["Heavy Blade","Shrug It Off"],"picked":"Dual Wield","floor":0},{"not_picked":["Clash","Corruption"],"picked":"Second Wind","floor":0},{"not_picked":["Armaments","Headbutt"],"picked":"Flex","floor":0},{"not_picked":["Sentinel","Sword Boomerang"],"picked":"Evolve","floor":1},{"not_picked":["Shrug It Off","Heavy Blade"],"picked":"Rupture","floor":4},{"not_picked":["Perfected Strike","Pommel Strike"],"picked":"Flex","floor":7},{"not_picked":["Corruption","Shrug It Off"],"picked":"Offering","floor":10},{"not_picked":["Spot Weakness","Dual Wield"],"picked":"Inflame","floor":11},{"not_picked":["Clothesline","Searing Blow"],"picked":"Cleave","floor":12},{"not_picked":["Flame Barrier","Body Slam"],"picked":"Rage","floor":13},{"not_picked":["Barricade","Bludgeon"],"picked":"Reaper","floor":16},{"not_picked":["Ghostly Armor","Seeing Red"],"picked":"Twin Strike","floor":17},{"not_picked":["Clothesline","Metallicize"],"picked":"Twin Strike","floor":17},{"not_picked":["True Grit","Power Through"],"picked":"Rage","floor":17},{"not_picked":["Anger","Flex"],"picked":"Impervious","floor":17},{"not_picked":["Heavy Blade","Clash"],"picked":"Twin Strike","floor":17},{"not_picked":["Armaments","Infernal Blade"],"picked":"Dual Wield","floor":18},{"not_picked":["Headbutt","Heavy Blade"],"picked":"Rupture","floor":19},{"not_picked":["Fiend Fire","Blood for Blood"],"picked":"Whirlwind","floor":20},{"not_picked":["Rage","Burning Pact"],"picked":"Combust","floor":24}],"player_experience":624744,"potions_floor_usage":[5,11,16,19,24,25],"damage_taken":[{"damage":1,"enemies":"Small Slimes","floor":1,"turns":2},{"damage":0,"enemies":"2 Louse","floor":4,"turns":2},{"damage":23,"enemies":"Cultist","floor":5,"turns":5},{"damage":8,"enemies":"2 Fungi Beasts","floor":7,"turns":3},{"damage":2,"enemies":"3 Louse","floor":10,"turns":3},{"damage":24,"enemies":"Looter","floor":11,"turns":3},{"damage":39,"enemies":"Lagavulin","floor":12,"turns":7},{"damage":23,"enemies":"Exordium Wildlife","floor":13,"turns":2},{"damage":30,"enemies":"The Guardian","floor":16,"turns":8},{"damage":17,"enemies":"2 Thieves","floor":18,"turns":3},{"damage":24,"enemies":"Spheric Guardian","floor":19,"turns":4},{"damage":4,"enemies":"Snake Plant","floor":20,"turns":1},{"damage":39,"enemies":"Book of Stabbing","floor":24,"turns":7},{"damage":53,"enemies":"Cultist and Chosen","floor":25,"turns":6}],"event_choices":[{"event_name":"The Cleric","player_choice":"Card Removal","floor":2,"damage_taken":0},{"event_name":"Big Fish","player_choice":"Banana","floor":14,"damage_taken":0},{"event_name":"Ghosts","player_choice":"Became a Ghost","floor":21,"damage_taken":0}],"boss_relics":[{"not_picked":["Black Star","Black Blood"],"picked":"Orrery"}],"potions_floor_spawned":[1,7,10,12,16,18,20],"seed_played":"-391097367170320496","killed_by":"Cultist and Chosen","ascension_level":0,"is_trial":false}