{"gold_per_floor":[17,32,32,207,282,317,317,317],"floor_reached":8,"playtime":234,"items_purged":[],"score":76,"play_id":"1b39989f-db05-44a6-b389-0cf33d738216","local_time":"20190630101406","is_ascension_mode":true,"campfire_choices":[{"floor":7,"key":"REST"}],"neow_cost":"NO_GOLD","seed_source_timestamp":242940071439400,"circlet_count":0,"master_deck":["Strike_R","Strike_R","Strike_R","Strike_R","Defend_R","Defend_R","Defend_R","Bash","Metallicize","Corruption","Doubt","Reckless Charge"],"relics":["Burning Blood","Golden Idol","Champion Belt"],"potions_floor_usage":[2,8],"damage_taken":[{"damage":2,"enemies":"2 Louse","floor":1,"turns":3},{"damage":0,"enemies":"Small Slimes","floor":2,"turns":4},{"damage":38,"enemies":"Gremlin Nob","floor":6,"turns":6},{"damage":54,"enemies":"Lagavulin","floor":8,"turns":7}],"seed_played":"446251195446457823","potions_obtained":[{"floor":1,"key":"Block Potion"},{"floor":6,"key":"GamblersBrew"}],"is_trial":false,"path_per_floor":["M","M","?","?","?","E","R","E"],"character_chosen":"IRONCLAD","items_purchased":[],"campfire_rested":1,"item_purchase_floors":[],"current_hp_per_floor":[76,80,60,60,49,17,41,0],"gold":317,"neow_bonus":"REMOVE_TWO","is_prod":false,"is_daily":false,"chose_seed":false,"campfire_upgraded":0,"win_rate":0,"timestamp":1561904046,"path_taken":["M","M","?","?","?","E","R","E"],"build_version":"2019-06-29","purchased_purges":0,"victory":false,"max_hp_per_floor":[80,80,80,80,80,80,80,80],"card_choices":[{"not_picked":["Rage","Thunderclap"],"picked":"Metallicize","floor":1},{"not_picked":["Flame Barrier","Pommel Strike"],"picked":"Corruption","floor":2},{"not_picked":["Sword Boomerang","Anger"],"picked":"Reckless Charge","floor":6}],"player_experience":1158437,"relics_obtained":[{"floor":6,"key":"Champion Belt"}],"event_choices":[{"damage_healed":0,"gold_gain":0,"player_choice":"Take Damage","damage_taken":20,"relics_obtained":["Golden Idol"],"max_hp_gain":0,"max_hp_loss":0,"event_name":"Golden Idol","floor":3,"gold_loss":0},{"damage_healed":0,"gold_gain":175,"player_choice":"AGREE","damage_taken":0,"max_hp_gain":0,"max_hp_loss":0,"event_name":"Liars Game","floor":4,"gold_loss":0,"cards_obtained":["Doubt"]},{"damage_healed":0,"gold_gain":75,"player_choice":"Gather Gold","damage_taken":11,"max_hp_gain":0,"max_hp_loss":0,"event_name":"World of Goop","floor":5,"gold_loss":0}],"is_beta":true,"boss_relics":[],"items_purged_floors":[],"is_endless":false,"potions_floor_spawned":[1,6],"killed_by":"Lagavulin","ascension_level":8}