{"gold_per_floor":[115,115,125,145,57,57,89,89,89,122,139,139,149,163,163,240,240,254,264,264,279,279,279,308,308,334,349,367,367],"floor_reached":29,"playtime":1474,"items_purged":[],"score":514,"play_id":"b2de28f4-b6ce-434f-bbc3-f608088b28b6","local_time":"20190615155822","is_ascension_mode":true,"campfire_choices":[{"data":"Noxious Fumes","floor":6.0,"key":"SMITH"},{"data":"Anger","floor":8.0,"key":"SMITH"},{"data":"Neutralize","floor":12.0,"key":"SMITH"},{"floor":15.0,"key":"REST"},{"data":"After Image","floor":23,"key":"SMITH"},{"floor":25,"key":"REST"}],"neow_cost":"NONE","seed_source_timestamp":0,"circlet_count":0,"master_deck":["AscendersBane","Defend_G+1","Defend_G+1","Defend_G+1","Defend_G+1","Defend_G+1","Strike_G+1","Strike_G+1","Strike_G+1","Strike_G+1","Survivor+1","Neutralize+1","Anger+1","Flying Knee","Dagger Throw","Noxious Fumes+1","Hologram+1","After Image+1","Infernal Blade+1","Genetic Algorithm","Leg Sweep"],"special_seed":0,"relics":["Ring of the Snake","PrismaticShard","Nunchaku","Centennial Puzzle","Philosopher\u0027s Stone","War Paint","Bag of Preparation"],"potions_floor_usage":[24,24,29,29],"damage_taken":[{"damage":4.0,"enemies":"Small Slimes","floor":1.0,"turns":3.0},{"damage":1.0,"enemies":"Cultist","floor":3.0,"turns":4.0},{"damage":2.0,"enemies":"Jaw Worm","floor":4.0,"turns":4.0},{"damage":12.0,"enemies":"Lagavulin","floor":7.0,"turns":7.0},{"damage":24.0,"enemies":"Gremlin Nob","floor":10.0,"turns":4.0},{"damage":2.0,"enemies":"Large Slime","floor":11.0,"turns":5.0},{"damage":4.0,"enemies":"3 Louse","floor":13.0,"turns":4.0},{"damage":3.0,"enemies":"Looter","floor":14.0,"turns":3.0},{"damage":21.0,"enemies":"The Guardian","floor":16.0,"turns":13.0},{"damage":1.0,"enemies":"2 Thieves","floor":18.0,"turns":4.0},{"damage":9.0,"enemies":"3 Byrds","floor":19.0,"turns":8.0},{"damage":13.0,"enemies":"Sentry and Sphere","floor":21.0,"turns":9.0},{"damage":34,"enemies":"Slavers","floor":24,"turns":9},{"damage":15,"enemies":"Snake Plant","floor":27,"turns":6},{"damage":11,"enemies":"Cultist and Chosen","floor":28,"turns":7},{"damage":12,"enemies":"Gremlin Leader","floor":29,"turns":4}],"seed_played":"4745875511842295028","potions_obtained":[{"floor":1.0,"key":"Swift Potion"},{"floor":3.0,"key":"Weak Potion"},{"floor":13.0,"key":"Energy Potion"},{"floor":14.0,"key":"Block Potion"},{"floor":16.0,"key":"GamblersBrew"},{"floor":21.0,"key":"Swift Potion"},{"floor":24,"key":"Energy Potion"},{"floor":28,"key":"Poison Potion"}],"is_trial":false,"path_per_floor":["M","?","M","M","$","R","E","R","T","E","M","R","M","M","R","B",null,"M","M","?","M","?","R","E","R","T","M","M","E"],"character_chosen":"THE_SILENT","items_purchased":["Noxious Fumes"],"campfire_rested":2,"item_purchase_floors":[5],"current_hp_per_floor":[61,61,60,58,58,58,46,46,46,22,20,20,16,13,34,13,57,56,47,47,34,48,48,14,35,35,20,9,0],"gold":367,"neow_bonus":"TEN_PERCENT_HP_BONUS","is_prod":false,"is_daily":false,"chose_seed":false,"campfire_upgraded":4,"win_rate":0,"timestamp":1560639502,"path_taken":["M","?","M","M","$","R","E","R","T","E","M","R","M","?","R","BOSS","M","M","?","M","?","R","E","R","T","M","M","E"],"build_version":"2019-01-23","purchased_purges":0,"victory":false,"max_hp_per_floor":[72,72,72,72,72,72,72,72,72,72,72,72,72,72,72,72,72,72,72,72,72,72,72,72,72,72,72,72,72],"card_choices":[{"not_picked":["Capacitor","Burning Pact"],"picked":"Anger","floor":1.0},{"not_picked":["Force Field","Shrug It Off"],"picked":"Flying Knee","floor":3.0},{"not_picked":["Dodge and Roll","Leap"],"picked":"Dagger Throw","floor":4.0},{"not_picked":["Warcry","Whirlwind","Concentrate"],"picked":"SKIP","floor":7.0},{"not_picked":["Mind Blast","Acrobatics","Bane"],"picked":"SKIP","floor":10.0},{"not_picked":["Doppelganger","Sucker Punch","Gash"],"picked":"SKIP","floor":11.0},{"not_picked":["Whirlwind","Heavy Blade","Swift Strike"],"picked":"SKIP","floor":13.0},{"not_picked":["Wild Strike","Intimidate"],"picked":"Hologram","floor":14.0},{"not_picked":["Bludgeon","Sadistic Nature"],"picked":"After Image","floor":16.0},{"not_picked":["Rampage","Dual Wield"],"picked":"Infernal Blade+1","floor":18.0},{"not_picked":["Flex","Hello World"],"picked":"Genetic Algorithm","floor":19.0},{"not_picked":["Headbutt","PanicButton"],"picked":"Leg Sweep","floor":21.0},{"not_picked":["Beam Cell","Barrage","Deadly Poison"],"picked":"SKIP","floor":24},{"not_picked":["Armaments","Enlightenment","Tempest"],"picked":"SKIP","floor":27},{"not_picked":["Flechettes","Armaments","Blade Dance"],"picked":"SKIP","floor":28}],"player_experience":796231,"relics_obtained":[{"floor":7.0,"key":"Nunchaku"},{"floor":10.0,"key":"Centennial Puzzle"},{"floor":24,"key":"War Paint"},{"floor":26,"key":"Bag of Preparation"}],"event_choices":[{"cards_removed":["Strike_G"],"damage_healed":0.0,"max_hp_gain":0.0,"max_hp_loss":0.0,"gold_gain":0.0,"event_name":"Bonfire Elementals","player_choice":"Offered Basic","floor":2.0,"gold_loss":0.0,"damage_taken":0.0},{"damage_healed":0.0,"max_hp_gain":0.0,"max_hp_loss":0.0,"gold_gain":0.0,"event_name":"Back to Basics","player_choice":"Simplicity","floor":20.0,"gold_loss":0.0,"damage_taken":0.0,"cards_upgraded":["Defend_G","Defend_G","Defend_G","Defend_G","Defend_G","Strike_G","Strike_G","Strike_G","Strike_G"]},{"damage_healed":14,"gold_gain":0,"player_choice":"Heal","damage_taken":0,"max_hp_gain":0,"max_hp_loss":0,"event_name":"The Library","floor":22,"gold_loss":0}],"is_beta":false,"boss_relics":[{"not_picked":["Runic Dome","Ring of the Serpent"],"picked":"Philosopher\u0027s Stone"}],"items_purged_floors":[],"is_endless":false,"potions_floor_spawned":[1,3,13,14,16,21,24,28],"killed_by":"Gremlin Leader","ascension_level":20}