{"gold_per_floor":[117,135,147,163,177,177,210,227,227,227,227,238,258,272,272,377,377,395,59,76,76,87,87,113,125,125,125,139,151,164,174,174,174],"floor_reached":33,"playtime":1890,"items_purged":[],"score":385,"play_id":"6777a0f4-d743-4daf-acf5-fb9bf6091bfd","local_time":"20190416083106","is_ascension_mode":true,"campfire_choices":[{"floor":6,"key":"REST"},{"floor":11,"key":"REST"},{"floor":15,"key":"REST"},{"data":"Gash","floor":23,"key":"SMITH"},{"floor":32,"key":"REST"}],"neow_cost":"TEN_PERCENT_HP_LOSS","seed_source_timestamp":70955585023700,"circlet_count":0,"master_deck":["Zap","Dualcast","All For One","Go for the Eyes","Beam Cell","Go for the Eyes","Reprogram","Loop","All For One","Go for the Eyes","Gash+1","Skim","Fission","Turbo","Reprogram","All For One","Stack","Rebound","Rebound","Consume","Loop","Machine Learning","Skim","Rip and Tear","Rebound","Go for the Eyes","Gash+1","RitualDagger","Gash","Double Energy+1","Coolheaded+1","FTL+1","Go for the Eyes","Streamline","Conserve Battery"],"relics":["Cracked Core","Symbiotic Virus","Orichalcum","Dream Catcher","Pandora\u0027s Box","Turnip","Bag of Preparation","Gremlin Horn"],"potions_floor_usage":[4,7,16,16,20,24,24,30,33,33],"damage_taken":[{"damage":0,"enemies":"Small Slimes","floor":1,"turns":2},{"damage":0,"enemies":"2 Louse","floor":2,"turns":1},{"damage":4,"enemies":"Jaw Worm","floor":3,"turns":2},{"damage":14,"enemies":"Lots of Slimes","floor":4,"turns":3},{"damage":18,"enemies":"Gremlin Gang","floor":5,"turns":4},{"damage":6,"enemies":"Gremlin Nob","floor":7,"turns":3},{"damage":19,"enemies":"Blue Slaver","floor":8,"turns":4},{"damage":9,"enemies":"2 Fungi Beasts","floor":12,"turns":3},{"damage":1,"enemies":"Exordium Thugs","floor":13,"turns":4},{"damage":0,"enemies":"Looter","floor":14,"turns":1},{"damage":14,"enemies":"Hexaghost","floor":16,"turns":9},{"damage":2,"enemies":"Chosen","floor":18,"turns":2},{"damage":4,"enemies":"Shell Parasite","floor":20,"turns":2},{"damage":6,"enemies":"Chosen and Byrds","floor":22,"turns":3},{"damage":18,"enemies":"Gremlin Leader","floor":24,"turns":4},{"damage":8,"enemies":"Centurion and Healer","floor":25,"turns":2},{"damage":13,"enemies":"Snecko","floor":28,"turns":4},{"damage":2,"enemies":"Cultist and Chosen","floor":29,"turns":3},{"damage":10,"enemies":"Centurion and Healer","floor":30,"turns":3},{"damage":0,"enemies":"Snake Plant","floor":31,"turns":2},{"damage":57,"enemies":"Automaton","floor":33,"turns":6}],"seed_played":"-6335648359485687628","potions_obtained":[{"floor":2,"key":"SneckoOil"},{"floor":5,"key":"Fire Potion"},{"floor":12,"key":"Strength Potion"},{"floor":13,"key":"PowerPotion"},{"floor":16,"key":"Explosive Potion"},{"floor":22,"key":"Explosive Potion"},{"floor":24,"key":"Fruit Juice"},{"floor":25,"key":"Dexterity Potion"},{"floor":28,"key":"Fire Potion"},{"floor":30,"key":"Weak Potion"}],"is_trial":false,"path_per_floor":["M","M","M","M","M","R","E","M","T","?","R","M","M","M","R","B",null,"M","$","M","?","M","R","E","M","T","?","M","M","M","M","R","B"],"character_chosen":"DEFECT","items_purchased":["Turnip","Go for the Eyes"],"campfire_rested":4,"item_purchase_floors":[19,19],"current_hp_per_floor":[68,68,64,50,32,52,46,27,27,27,47,38,37,37,57,43,68,66,66,62,56,50,50,37,29,29,29,16,14,4,4,25,0],"gold":174,"neow_bonus":"THREE_RARE_CARDS","is_prod":false,"is_daily":false,"chose_seed":false,"campfire_upgraded":1,"win_rate":0,"timestamp":1555417866,"path_taken":["M","M","M","M","M","R","E","M","T","?","R","M","M","M","R","BOSS","M","$","M","?","M","R","E","M","T","?","M","M","M","?","R","BOSS"],"build_version":"2019-04-04","purchased_purges":0,"victory":false,"max_hp_per_floor":[68,68,68,68,68,68,68,68,68,68,68,68,68,68,68,68,68,68,68,68,68,68,68,73,73,73,73,73,73,73,73,73,73],"card_choices":[{"not_picked":["Hyperbeam","Creative AI"],"picked":"All For One","floor":0},{"not_picked":["Streamline","Coolheaded"],"picked":"Go for the Eyes","floor":1},{"not_picked":["Compile Driver","Go for the Eyes"],"picked":"Beam Cell","floor":2},{"not_picked":["Turbo","Compile Driver"],"picked":"Go for the Eyes","floor":3},{"not_picked":["Steam Power","Leap"],"picked":"Reprogram","floor":4},{"not_picked":["Fusion","Sweeping Beam"],"picked":"Loop","floor":5},{"not_picked":["Sweeping Beam","Static Discharge"],"picked":"All For One","floor":7},{"not_picked":["Defragment","Compile Driver"],"picked":"Go for the Eyes","floor":8},{"not_picked":["Undo","Steam"],"picked":"Gash","floor":11},{"not_picked":["Leap","Compile Driver"],"picked":"Skim","floor":12},{"not_picked":["Sweeping Beam","Stack"],"picked":"Fission","floor":13},{"not_picked":["Sweeping Beam","Hologram"],"picked":"Turbo","floor":14},{"not_picked":["Doom and Gloom","Ball Lightning"],"picked":"Reprogram","floor":15},{"not_picked":["Biased Cognition","Multi-Cast"],"picked":"All For One","floor":16},{"not_picked":["Capacitor+1","Sweeping Beam+1"],"picked":"Rebound","floor":18},{"not_picked":["Sweeping Beam","Leap"],"picked":"Gash+1","floor":20},{"not_picked":["Fusion","Skim+1"],"picked":"Gash","floor":22},{"not_picked":["Redo","Coolheaded","Heatsinks+1"],"picked":"SKIP","floor":24},{"not_picked":["Darkness","Steam+1"],"picked":"Double Energy","floor":25},{"not_picked":["Sweeping Beam","Compile Driver"],"picked":"Coolheaded+1","floor":28},{"not_picked":["Aggregate","Sweeping Beam+1"],"picked":"FTL+1","floor":29},{"not_picked":["Stack","Capacitor"],"picked":"Go for the Eyes","floor":30},{"not_picked":["Biased Cognition","Conserve Battery"],"picked":"Streamline","floor":31},{"not_picked":["Compile Driver","Streamline"],"picked":"Conserve Battery","floor":32}],"player_experience":808069,"relics_obtained":[{"floor":7,"key":"Symbiotic Virus"},{"floor":9,"key":"Orichalcum"},{"floor":24,"key":"Bag of Preparation"},{"floor":26,"key":"Gremlin Horn"}],"event_choices":[{"damage_healed":0,"gold_gain":0,"player_choice":"Searched \u00272\u0027 times","damage_taken":0,"relics_obtained":["Dream Catcher"],"max_hp_gain":0,"max_hp_loss":0,"event_name":"Dead Adventurer","floor":10,"gold_loss":0},{"damage_healed":0,"gold_gain":0,"player_choice":"Joined the Cult","damage_taken":6,"max_hp_gain":0,"max_hp_loss":0,"event_name":"Nest","floor":21,"gold_loss":0,"cards_obtained":["RitualDagger"]},{"damage_healed":0,"gold_gain":0,"player_choice":"Upgraded","damage_taken":0,"max_hp_gain":0,"max_hp_loss":0,"event_name":"Upgrade Shrine","floor":27,"gold_loss":0,"cards_upgraded":["Double Energy"]}],"is_beta":true,"boss_relics":[{"not_picked":["Astrolabe","Eternal Feather"],"picked":"Pandora\u0027s Box"}],"items_purged_floors":[],"is_endless":false,"potions_floor_spawned":[2,5,12,13,16,22,24,25,28,30],"killed_by":"Automaton","ascension_level":4}