{"gold_per_floor":[111,127,146,164,179,206,206,206,206,236,196,208,208,218,218,218],"floor_reached":16,"playtime":1268,"items_purged":[],"score":143,"play_id":"41308372-3718-4695-a95b-f4884f9a3d4b","local_time":"20190404233601","is_ascension_mode":true,"campfire_choices":[{"floor":8,"key":"REST"},{"data":"Cleave","floor":13,"key":"SMITH"},{"floor":15,"key":"REST"}],"neow_cost":"NONE","seed_source_timestamp":1507728644633700,"circlet_count":0,"master_deck":["Strike_R","Strike_R","Strike_R","Strike_R","Strike_R","Defend_R","Defend_R","Defend_R","Defend_R","Bash","Dual Wield","Inflame","Anger","Clothesline","Iron Wave","Iron Wave","Fire Breathing","Parasite","Berserk+1","Cleave+1","Dropkick"],"relics":["Burning Blood","Red Skull","Darkstone Periapt","Frozen Egg 2"],"potions_floor_usage":[2,4,10,12,12,12],"damage_taken":[{"damage":15,"enemies":"Cultist","floor":1,"turns":5},{"damage":2,"enemies":"Jaw Worm","floor":2,"turns":4},{"damage":6,"enemies":"2 Louse","floor":3,"turns":2},{"damage":24,"enemies":"Exordium Thugs","floor":4,"turns":4},{"damage":19,"enemies":"Red Slaver","floor":5,"turns":4},{"damage":40,"enemies":"Lagavulin","floor":6,"turns":6},{"damage":27,"enemies":"Gremlin Nob","floor":10,"turns":5},{"damage":19,"enemies":"Lots of Slimes","floor":12,"turns":5},{"damage":19,"enemies":"Blue Slaver","floor":14,"turns":4},{"damage":53,"enemies":"The Guardian","floor":16,"turns":8}],"seed_played":"7883395830270995849","potions_obtained":[{"floor":1,"key":"Energy Potion"},{"floor":3,"key":"PowerPotion"},{"floor":6,"key":"Regen Potion"},{"floor":10,"key":"Block Potion"},{"floor":11,"key":"BloodPotion"},{"floor":11,"key":"EssenceOfSteel"}],"is_trial":false,"path_per_floor":["M","M","M","M","M","E","?","R","T","E","?","M","R","M","R","B"],"character_chosen":"IRONCLAD","items_purchased":[],"campfire_rested":2,"item_purchase_floors":[],"current_hp_per_floor":[71,75,75,57,44,10,30,54,54,47,47,42,42,29,53,0],"gold":218,"neow_bonus":"THREE_CARDS","is_prod":false,"is_daily":false,"chose_seed":false,"campfire_upgraded":1,"win_rate":0,"timestamp":1554435361,"path_taken":["M","?","M","M","M","E","?","R","T","E","?","M","R","M","R","BOSS"],"build_version":"2019-03-15","purchased_purges":0,"victory":false,"max_hp_per_floor":[80,80,80,80,80,80,80,80,80,80,80,80,80,80,80,80],"card_choices":[{"not_picked":["Wild Strike","Anger"],"picked":"Dual Wield","floor":0},{"not_picked":["Sword Boomerang","Burning Pact"],"picked":"Inflame","floor":1},{"not_picked":["True Grit","Pommel Strike"],"picked":"Anger","floor":2},{"not_picked":["Combust","Disarm"],"picked":"Clothesline","floor":3},{"not_picked":["Second Wind","Battle Trance"],"picked":"Iron Wave","floor":4},{"not_picked":["Headbutt","Sword Boomerang"],"picked":"Iron Wave","floor":5},{"not_picked":["Headbutt","Sever Soul"],"picked":"Fire Breathing","floor":6},{"not_picked":["Intimidate","Uppercut"],"picked":"Berserk","floor":10},{"not_picked":["Heavy Blade","Intimidate"],"picked":"Cleave","floor":12},{"not_picked":["Cleave","Perfected Strike"],"picked":"Dropkick","floor":14}],"player_experience":763482,"relics_obtained":[{"floor":6,"key":"Red Skull"},{"floor":9,"key":"Darkstone Periapt"},{"floor":10,"key":"Frozen Egg 2"}],"event_choices":[{"damage_healed":20,"gold_gain":0,"player_choice":"Healed and dodged fight","damage_taken":0,"max_hp_gain":0,"max_hp_loss":0,"event_name":"Mushrooms","floor":7,"gold_loss":0,"cards_obtained":["Parasite"]},{"damage_healed":0,"gold_gain":0,"player_choice":"Bought 3 Potions","damage_taken":0,"max_hp_gain":0,"max_hp_loss":0,"event_name":"The Woman in Blue","floor":11,"gold_loss":0}],"is_beta":true,"boss_relics":[],"items_purged_floors":[],"is_endless":false,"potions_floor_spawned":[1,3,6,10],"killed_by":"The Guardian","ascension_level":5}