{"gold_per_floor":[109,31,31,45,120,151,151,184,258,276,276,276,294,319,319,319],"floor_reached":16,"playtime":498,"items_purged":[],"score":162,"play_id":"4fc856d3-6006-473b-afcc-353502035d95","local_time":"20190606175143","is_ascension_mode":true,"campfire_choices":[{"floor":7,"key":"REST"},{"floor":12,"key":"REST"},{"floor":15,"key":"REST"}],"neow_cost":"TEN_PERCENT_HP_LOSS","seed_source_timestamp":1383042977448900,"circlet_count":0,"master_deck":["Strike_B","Strike_B","Strike_B","Strike_B","Defend_B","Defend_B","Defend_B","Defend_B","Zap","Dualcast","Hyperbeam","Streamline","Melter","Pain","Melter","Auto Shields","All For One","Fusion","Consume"],"relics":["Cracked Core","WarpedTongs","Boot","Singing Bowl","Molten Egg 2","Golden Idol"],"potions_floor_usage":[4,13,14,16],"damage_taken":[{"damage":2,"enemies":"2 Louse","floor":1,"turns":2},{"damage":3,"enemies":"Cultist","floor":4,"turns":2},{"damage":37,"enemies":"Gremlin Nob","floor":6,"turns":4},{"damage":0,"enemies":"3 Sentries","floor":8,"turns":2},{"damage":2,"enemies":"Jaw Worm","floor":10,"turns":2},{"damage":11,"enemies":"2 Fungi Beasts","floor":13,"turns":2},{"damage":8,"enemies":"Blue Slaver","floor":14,"turns":2},{"damage":62,"enemies":"Hexaghost","floor":16,"turns":9}],"seed_played":"6472960163855162715","potions_obtained":[{"floor":1,"key":"SteroidPotion"},{"floor":10,"key":"Fire Potion"},{"floor":13,"key":"Regen Potion"},{"floor":14,"key":"Weak Potion"}],"is_trial":false,"path_per_floor":["M","$","?","M","?","E","R","E","T","M","?","R","M","M","R","B"],"character_chosen":"DEFECT","items_purchased":["Melter"],"campfire_rested":3,"item_purchase_floors":[2],"current_hp_per_floor":[66,66,66,63,52,15,35,35,35,33,33,51,42,39,58,0],"gold":319,"neow_bonus":"THREE_RARE_CARDS","is_prod":false,"is_daily":false,"chose_seed":false,"campfire_upgraded":0,"win_rate":0,"timestamp":1559857903,"path_taken":["M","$","?","?","?","E","R","E","T","M","?","R","M","M","R","BOSS"],"build_version":"2019-06-05","purchased_purges":0,"victory":false,"max_hp_per_floor":[68,68,68,68,68,68,68,68,68,68,63,63,65,65,65,65],"card_choices":[{"not_picked":["Biased Cognition","Multi-Cast"],"picked":"Hyperbeam","floor":0},{"not_picked":["Capacitor","Redo"],"picked":"Streamline","floor":1},{"not_picked":["Compile Driver","Redo"],"picked":"Melter","floor":4},{"not_picked":["Steam","Skim"],"picked":"Auto Shields","floor":6},{"not_picked":["Meteor Strike","Doom and Gloom"],"picked":"All For One","floor":8},{"not_picked":["Steam Power","Leap"],"picked":"Fusion","floor":10},{"not_picked":["Static Discharge","Hello World","Turbo"],"picked":"Singing Bowl","floor":13},{"not_picked":["Streamline+1","Ball Lightning+1"],"picked":"Consume","floor":14}],"player_experience":1001722,"relics_obtained":[{"floor":6,"key":"Boot"},{"floor":8,"key":"Singing Bowl"},{"floor":9,"key":"Molten Egg 2"}],"event_choices":[{"damage_healed":0,"gold_gain":0,"player_choice":"Rummage","damage_taken":0,"relics_obtained":["WarpedTongs"],"max_hp_gain":0,"max_hp_loss":0,"event_name":"Accursed Blacksmith","floor":3,"gold_loss":0,"cards_obtained":["Pain"]},{"damage_healed":0,"gold_gain":75,"player_choice":"Gather Gold","damage_taken":11,"max_hp_gain":0,"max_hp_loss":0,"event_name":"World of Goop","floor":5,"gold_loss":0},{"damage_healed":0,"gold_gain":0,"player_choice":"Lose Max HP","damage_taken":0,"relics_obtained":["Golden Idol"],"max_hp_gain":0,"max_hp_loss":5,"event_name":"Golden Idol","floor":11,"gold_loss":0}],"is_beta":true,"boss_relics":[],"items_purged_floors":[],"is_endless":false,"potions_floor_spawned":[1,10,13,14],"killed_by":"Hexaghost","ascension_level":4}