{"gold_per_floor":[110,125,105,28,28,28,46,80,106,106,106,135,135,153,153,153],"floor_reached":16,"playtime":457,"items_purged":[],"score":196,"play_id":"25f0dd59-2d20-49e0-b05b-63dac5fadfb7","local_time":"20190429203251","is_ascension_mode":true,"campfire_choices":[{"floor":6.0,"key":"REST"},{"floor":11,"key":"REST"},{"floor":15,"key":"REST"}],"neow_cost":"NONE","seed_source_timestamp":1384806418336809,"circlet_count":0,"master_deck":["AscendersBane","Strike_B","Strike_B","Strike_B","Strike_B","Defend_B","Defend_B","Defend_B","Defend_B","Zap","Dualcast","Gash","FTL","Hologram","Rebound","Electrodynamics"],"special_seed":0,"relics":["Fusion Hammer","Blood Vial","Boot","Odd Mushroom","Mummified Hand"],"potions_floor_usage":[16],"damage_taken":[{"damage":2.0,"enemies":"Cultist","floor":1.0,"turns":4.0},{"damage":14.0,"enemies":"Jaw Worm","floor":2.0,"turns":4.0},{"damage":9.0,"enemies":"Small Slimes","floor":7.0,"turns":4.0},{"damage":37.0,"enemies":"Gremlin Nob","floor":8.0,"turns":5.0},{"damage":12,"enemies":"The Mushroom Lair","floor":12,"turns":4},{"damage":18,"enemies":"3 Louse","floor":14,"turns":3},{"damage":35,"enemies":"Hexaghost","floor":16,"turns":9}],"seed_played":"-8804974220485515490","potions_obtained":[{"floor":3.0,"key":"SpeedPotion"},{"floor":7.0,"key":"Block Potion"},{"floor":8.0,"key":"Poison Potion"},{"floor":14,"key":"Explosive Potion"}],"is_trial":false,"path_per_floor":["M","M","?","$","?","R","M","E","T","?","R","?","?","M","R","B"],"character_chosen":"DEFECT","items_purchased":["FTL"],"campfire_rested":3,"item_purchase_floors":[4],"current_hp_per_floor":[62,48,48,48,48,69,60,23,23,16,37,27,27,11,32,0],"gold":153,"neow_bonus":"BOSS_RELIC","is_prod":false,"is_daily":false,"chose_seed":false,"campfire_upgraded":0,"win_rate":0,"timestamp":1556562771,"path_taken":["M","M","?","?","?","R","?","E","T","?","R","?","?","M","R","BOSS"],"build_version":"2019-01-23","purchased_purges":0,"victory":false,"max_hp_per_floor":[71,71,71,71,71,71,71,71,71,71,71,71,71,71,71,71],"card_choices":[{"not_picked":["Steam Power","Turbo"],"picked":"Gash","floor":1.0},{"not_picked":["Stack","Ball Lightning","Streamline"],"picked":"SKIP","floor":2.0},{"not_picked":["Cold Snap","Redo"],"picked":"Hologram","floor":7.0},{"not_picked":["Compile Driver","Recycle","Turbo"],"picked":"SKIP","floor":8.0},{"not_picked":["Undo","Coolheaded"],"picked":"Rebound","floor":12},{"not_picked":["White Noise","Barrage"],"picked":"Electrodynamics","floor":14}],"player_experience":547790,"relics_obtained":[{"floor":8.0,"key":"Blood Vial"},{"floor":9.0,"key":"Boot"},{"floor":12,"key":"Odd Mushroom"}],"event_choices":[{"damage_healed":0.0,"max_hp_gain":0.0,"max_hp_loss":0.0,"gold_gain":0.0,"event_name":"The Woman in Blue","player_choice":"Bought 1 Potion","floor":3.0,"gold_loss":0.0,"damage_taken":0.0},{"damage_healed":0.0,"max_hp_gain":0.0,"max_hp_loss":0.0,"gold_gain":0.0,"event_name":"Wheel of Change","player_choice":"Cursed","floor":5.0,"gold_loss":0.0,"damage_taken":0.0,"cards_obtained":["Decay"]},{"cards_removed":["Decay"],"damage_healed":0,"gold_gain":0,"player_choice":"Card Removal","damage_taken":7,"max_hp_gain":0,"max_hp_loss":0,"event_name":"Golden Wing","floor":10,"gold_loss":0},{"damage_healed":0,"gold_gain":0,"player_choice":"Fought Mushrooms","damage_taken":0,"max_hp_gain":0,"max_hp_loss":0,"event_name":"Mushrooms","floor":12,"gold_loss":0},{"damage_healed":0,"gold_gain":0,"player_choice":"Gave Potion","damage_taken":0,"relics_obtained":["Mummified Hand"],"max_hp_gain":0,"max_hp_loss":0,"event_name":"WeMeetAgain","floor":13,"gold_loss":0}],"is_beta":false,"boss_relics":[],"items_purged_floors":[],"is_endless":false,"potions_floor_spawned":[7,8,14],"killed_by":"Hexaghost","ascension_level":20}