{"gold_per_floor":[112,212,225,225,80,112,24,43,43,61,61,75,36,52,52,156,156,145,105,105,116,127,127,127,127,127,154,154,154,154,168,168,269,269,282,36,136,148,161,161,161,171,171,186,186,186,186,0,0,0],"floor_reached":51,"playtime":4056,"items_purged":["Strike_R"],"score":829,"play_id":"59b5ae5e-23a1-4ccd-bb63-24cfa50cb3c3","local_time":"20190701175600","is_ascension_mode":true,"campfire_choices":[{"floor":11,"key":"REST"},{"data":"Blood for Blood","floor":15,"key":"SMITH"},{"floor":23,"key":"REST"},{"data":"Rupture","floor":25,"key":"SMITH"},{"data":"Brutality","floor":29,"key":"SMITH"},{"floor":32,"key":"REST"},{"data":"Double Tap","floor":40,"key":"SMITH"},{"data":"Shrug It Off","floor":41,"key":"SMITH"},{"floor":45,"key":"REST"},{"data":"Pummel","floor":47,"key":"SMITH"},{"data":"Bloodletting","floor":49,"key":"SMITH"}],"neow_cost":"NONE","seed_source_timestamp":641369733099369,"circlet_count":0,"master_deck":["Strike_R","Strike_R","Strike_R","Strike_R","Defend_R","Defend_R","Defend_R","Defend_R","Bash","Rupture+1","Blood for Blood+1","Pummel+1","Bloodletting+1","Brutality+1","Thunderclap+1","Shrug It Off+1","Shockwave+1","Double Tap+1","Flex+1"],"relics":["Black Blood","NeowsBlessing","Bird Faced Urn","Matryoshka","Blue Candle","Regal Pillow","Singing Bowl","Oddly Smooth Stone","Meat on the Bone","WingedGreaves","Runic Cube","Bottled Tornado","Magic Flower","Juzu Bracelet","Red Mask"],"potions_floor_usage":[16,16,16,27,33,33,33,42,42],"damage_taken":[{"damage":0,"enemies":"2 Louse","floor":1,"turns":1},{"damage":0,"enemies":"Cultist","floor":3,"turns":1},{"damage":0,"enemies":"Gremlin Nob","floor":6,"turns":1},{"damage":23,"enemies":"Small Slimes","floor":8,"turns":5},{"damage":31,"enemies":"Exordium Thugs","floor":10,"turns":4},{"damage":34,"enemies":"Large Slime","floor":12,"turns":11},{"damage":14,"enemies":"2 Fungi Beasts","floor":14,"turns":3},{"damage":28,"enemies":"Slime Boss","floor":16,"turns":8},{"damage":42,"enemies":"2 Thieves","floor":18,"turns":4},{"damage":25,"enemies":"Shell Parasite","floor":21,"turns":4},{"damage":50,"enemies":"Centurion and Healer","floor":22,"turns":6},{"damage":49,"enemies":"Slavers","floor":27,"turns":6},{"damage":44,"enemies":"Snake Plant","floor":31,"turns":5},{"damage":86,"enemies":"Champ","floor":33,"turns":11},{"damage":33,"enemies":"3 Darklings","floor":35,"turns":4},{"damage":13,"enemies":"Mind Bloom Boss Battle","floor":37,"turns":5},{"damage":17,"enemies":"3 Shapes","floor":38,"turns":4},{"damage":40,"enemies":"Sphere and 2 Shapes","floor":39,"turns":5},{"damage":23,"enemies":"4 Shapes","floor":42,"turns":4},{"damage":45,"enemies":"Jaw Worm Horde","floor":44,"turns":4},{"damage":94,"enemies":"Donu and Deca","floor":50,"turns":9}],"seed_played":"7698226469885840188","potions_obtained":[{"floor":8,"key":"AttackPotion"},{"floor":10,"key":"Strength Potion"},{"floor":12,"key":"PowerPotion"},{"floor":22,"key":"Block Potion"},{"floor":28,"key":"FearPotion"},{"floor":28,"key":"Strength Potion"},{"floor":28,"key":"Strength Potion"},{"floor":35,"key":"GamblersBrew"},{"floor":39,"key":"Block Potion"}],"is_trial":false,"path_per_floor":["M","?","M","T","$","E","?","M","T","M","R","M","$","M","R","B",null,"M","$","?","M","M","R","$","R","T","E","?","R","$","M","R","B",null,"M","$","?","M","M","R","R","M","T","M","R","?","R","?","R","B",null],"character_chosen":"IRONCLAD","items_purchased":["Blood for Blood","Bloodletting","Combust","Bottled Tornado"],"campfire_rested":4,"item_purchase_floors":[5,13,19,36],"current_hp_per_floor":[80,80,80,80,80,80,80,65,65,42,81,54,54,52,52,36,84,54,54,84,71,37,77,77,77,77,58,58,58,58,44,85,27,88,69,69,72,81,67,67,67,70,70,69,98,98,98,98,98,37],"gold":0,"neow_bonus":"THREE_ENEMY_KILL","is_prod":false,"is_daily":false,"chose_seed":false,"campfire_upgraded":7,"win_rate":0,"timestamp":1562018160,"path_taken":["M","?","?","?","$","E","?","M","T","M","R","?","?","M","R","BOSS","M","$","?","M","M","R","?","R","T","E","?","R","$","?","R","BOSS","M","$","?","M","M","R","R","M","T","M","R","?","R","?","R","BOSS"],"build_version":"2019-01-23","purchased_purges":1,"victory":true,"max_hp_per_floor":[80,80,80,80,80,80,80,80,80,82,82,82,82,84,84,84,84,84,84,84,84,84,84,84,84,84,86,86,86,86,88,88,88,88,90,90,90,92,94,94,94,96,96,98,98,98,98,98,98,98],"card_choices":[{"not_picked":["Armaments","Twin Strike"],"picked":"Rupture","floor":1},{"not_picked":["Wild Strike","Dropkick","Havoc"],"picked":"SKIP","floor":3},{"not_picked":["Wild Strike","Searing Blow"],"picked":"Pummel","floor":6},{"not_picked":["Perfected Strike","Wild Strike","Sword Boomerang"],"picked":"SKIP","floor":8},{"not_picked":["Sword Boomerang","Pommel Strike","Clash"],"picked":"Singing Bowl","floor":10},{"not_picked":["Sword Boomerang","Perfected Strike"],"picked":"Inflame","floor":12},{"not_picked":["Heavy Blade","Anger","Thunderclap"],"picked":"Singing Bowl","floor":14},{"not_picked":["Immolate","Offering"],"picked":"Brutality","floor":16},{"not_picked":["Clash","Body Slam+1"],"picked":"Thunderclap+1","floor":18},{"not_picked":["Seeing Red","Cleave"],"picked":"Shrug It Off","floor":21},{"not_picked":["Sword Boomerang","Wild Strike"],"picked":"Shockwave+1","floor":22},{"not_picked":["Rampage+1","Inflame","Entrench"],"picked":"Singing Bowl","floor":27},{"not_picked":["Body Slam","Reckless Charge","Shrug It Off"],"picked":"Singing Bowl","floor":31},{"not_picked":["Immolate","Barricade"],"picked":"Double Tap","floor":33},{"not_picked":["Warcry+1","Twin Strike","Fire Breathing"],"picked":"Singing Bowl","floor":35},{"not_picked":["Body Slam","Havoc"],"picked":"Flex+1","floor":37},{"not_picked":["Shockwave+1","Iron Wave","Pommel Strike"],"picked":"Singing Bowl","floor":38},{"not_picked":["Shrug It Off","Heavy Blade","Havoc+1"],"picked":"Singing Bowl","floor":39},{"not_picked":["Wild Strike+1","Metallicize","Barricade"],"picked":"Singing Bowl","floor":42},{"not_picked":["Cleave+1","Reckless Charge+1","Body Slam"],"picked":"Singing Bowl","floor":44}],"player_experience":176670,"relics_obtained":[{"floor":4,"key":"Bird Faced Urn"},{"floor":6,"key":"Matryoshka"},{"floor":9,"key":"Regal Pillow"},{"floor":9,"key":"Singing Bowl"},{"floor":26,"key":"Oddly Smooth Stone"},{"floor":26,"key":"Meat on the Bone"},{"floor":27,"key":"WingedGreaves"},{"floor":37,"key":"Magic Flower"},{"floor":43,"key":"Juzu Bracelet"}],"event_choices":[{"damage_healed":0,"gold_gain":100,"player_choice":"Pray","damage_taken":0,"max_hp_gain":0,"max_hp_loss":0,"event_name":"Golden Shrine","floor":2,"gold_loss":0},{"damage_healed":0,"gold_gain":0,"player_choice":"Paid Gold","damage_taken":0,"relics_obtained":["Blue Candle"],"max_hp_gain":0,"max_hp_loss":0,"event_name":"WeMeetAgain","floor":7,"gold_loss":88},{"cards_removed":["Inflame"],"damage_healed":30,"gold_gain":0,"player_choice":"Offered Uncommon","damage_taken":0,"max_hp_gain":0,"max_hp_loss":0,"event_name":"Bonfire Elementals","floor":20,"gold_loss":0},{"damage_healed":0,"gold_gain":0,"player_choice":"Got Potions","damage_taken":0,"max_hp_gain":0,"max_hp_loss":0,"event_name":"Lab","floor":28,"gold_loss":0},{"damage_healed":0,"gold_gain":0,"player_choice":"Fight","damage_taken":0,"max_hp_gain":0,"max_hp_loss":0,"event_name":"MindBloom","floor":37,"gold_loss":0},{"cards_removed":["Combust"],"damage_healed":0,"gold_gain":0,"player_choice":"Removed Power","damage_taken":0,"max_hp_gain":0,"max_hp_loss":0,"event_name":"Falling","floor":46,"gold_loss":0},{"damage_healed":0,"gold_gain":0,"player_choice":"Paid","damage_taken":0,"relics_obtained":["Red Mask"],"max_hp_gain":0,"max_hp_loss":0,"event_name":"Tomb of Lord Red Mask","floor":48,"gold_loss":186}],"is_beta":false,"boss_relics":[{"not_picked":["Fusion Hammer","Eternal Feather"],"picked":"Black Blood"},{"not_picked":["Cursed Key","Philosopher\u0027s Stone"],"picked":"Runic Cube"}],"items_purged_floors":[5],"is_endless":false,"potions_floor_spawned":[8,10,12,22,31,35,39],"ascension_level":2}