{"gold_per_floor":[109,127,147,66,66,82,82,108,133,146,146,157,186,201,201,201],"floor_reached":16,"playtime":419,"items_purged":[],"score":228,"play_id":"645c06c5-ed5b-44be-999c-abc1c3e2a202","local_time":"20190624193337","is_ascension_mode":true,"campfire_choices":[{"data":"Bash","floor":7.0,"key":"SMITH"},{"floor":11.0,"key":"REST"},{"data":"True Grit","floor":15,"key":"SMITH"}],"neow_cost":"NONE","seed_source_timestamp":1128861182311277,"circlet_count":0,"master_deck":["AscendersBane","Strike_R","Strike_R","Strike_R","Strike_R","Strike_R","Defend_R","Defend_R","Defend_R","Defend_R","Bash+1","Twin Strike","Shrug It Off","Spot Weakness","Sword Boomerang","Whirlwind","Anger","True Grit+1"],"special_seed":0,"relics":["Burning Blood","Bag of Preparation","Blood Vial","Bag of Marbles"],"potions_floor_usage":[13],"damage_taken":[{"damage":5.0,"enemies":"2 Louse","floor":1.0,"turns":4.0},{"damage":16.0,"enemies":"Jaw Worm","floor":2.0,"turns":5.0},{"damage":1.0,"enemies":"Cultist","floor":3.0,"turns":3.0},{"damage":32.0,"enemies":"Large Slime","floor":6.0,"turns":5.0},{"damage":39.0,"enemies":"Gremlin Nob","floor":8.0,"turns":4.0},{"damage":8.0,"enemies":"Blue Slaver","floor":10.0,"turns":3.0},{"damage":0.0,"enemies":"3 Louse","floor":12.0,"turns":1.0},{"damage":27,"enemies":"3 Sentries","floor":13,"turns":6},{"damage":16,"enemies":"Large Slime","floor":14,"turns":5},{"damage":41,"enemies":"The Guardian","floor":16,"turns":9}],"seed_played":"-3562035477148311552","potions_obtained":[{"floor":3.0,"key":"Fruit Juice"},{"floor":10.0,"key":"Regen Potion"},{"floor":14,"key":"Regen Potion"}],"is_trial":false,"path_per_floor":["M","M","M","$","?","M","R","E","T","M","R","M","E","M","R","B"],"character_chosen":"IRONCLAD","items_purchased":["Spot Weakness"],"campfire_rested":1,"item_purchase_floors":[4],"current_hp_per_floor":[76,66,71,71,71,45,45,17,17,17,43,51,47,39,39,0],"gold":201,"neow_bonus":"TEN_PERCENT_HP_BONUS","is_prod":false,"is_daily":false,"chose_seed":false,"campfire_upgraded":2,"win_rate":0,"timestamp":1561430017,"path_taken":["M","M","M","$","?","M","R","E","T","M","R","M","E","M","R","BOSS"],"build_version":"2019-01-23","purchased_purges":0,"victory":false,"max_hp_per_floor":[82,82,82,82,82,82,82,87,87,87,87,87,87,87,87,87],"card_choices":[{"not_picked":["Warcry","Second Wind"],"picked":"Twin Strike","floor":1.0},{"not_picked":["Havoc","Iron Wave"],"picked":"Shrug It Off","floor":2.0},{"not_picked":["Corruption","Flex","True Grit"],"picked":"SKIP","floor":3.0},{"not_picked":["Warcry","Iron Wave"],"picked":"Sword Boomerang","floor":6.0},{"not_picked":["Barricade","Body Slam","Entrench"],"picked":"SKIP","floor":8.0},{"not_picked":["Whirlwind","Heavy Blade","Wild Strike"],"picked":"SKIP","floor":10.0},{"not_picked":["Heavy Blade","Wild Strike"],"picked":"Whirlwind","floor":10.0},{"not_picked":["Body Slam","Carnage","Cleave"],"picked":"SKIP","floor":12.0},{"not_picked":["Juggernaut","True Grit"],"picked":"Anger","floor":13},{"not_picked":["Headbutt","Clash"],"picked":"True Grit","floor":14}],"player_experience":812743,"relics_obtained":[{"floor":8.0,"key":"Bag of Preparation"},{"floor":9.0,"key":"Blood Vial"},{"floor":13,"key":"Bag of Marbles"}],"event_choices":[{"damage_healed":0.0,"max_hp_gain":0.0,"max_hp_loss":0.0,"gold_gain":0.0,"event_name":"Liars Game","player_choice":"Ignored","floor":5.0,"gold_loss":0.0,"damage_taken":0.0}],"is_beta":false,"boss_relics":[],"items_purged_floors":[],"is_endless":false,"potions_floor_spawned":[3,10,14],"killed_by":"The Guardian","ascension_level":20}