{"path_per_floor":["M","$","M","?","M","E","R","M","T","M","?","M","M","M","R"],"character_chosen":"IRONCLAD","items_purchased":["Limit Break"],"gold_per_floor":[118,43,60,135,147,173,173,183,208,219,394,405,423,440,440],"floor_reached":16,"campfire_rested":0,"playtime":637,"current_hp_per_floor":[80,80,80,69,75,51,51,47,47,41,41,35,37,43,43],"items_purged":[],"gold":440,"score":106,"play_id":"234889d3-9774-4130-9703-dd1950cf156e","local_time":"20180319102938","is_prod":false,"is_daily":false,"is_ascension_mode":false,"campfire_upgraded":0,"timestamp":1521469778,"path_taken":["M","$","?","?","M","E","R","M","T","M","?","M","?","M","R","BOSS"],"build_version":"2018-03-15v3","purchased_purges":0,"victory":false,"master_deck":["Strike_R","Strike_R","Strike_R","Strike_R","Strike_R","Defend_R","Defend_R","Defend_R","Defend_R","Bash","Infernal Blade","Limit Break","Twin Strike","Flex","Flex","Pommel Strike","Sword Boomerang","Doubt","Flame Barrier","Uppercut","Hemokinesis"],"max_hp_per_floor":[80,80,80,80,80,80,80,80,80,80,80,80,80,80,80],"relics":["Burning Blood","NeowsBlessing","Girya","Happy Flower"],"card_choices":[{"not_picked":["Battle Trance","Wild Strike"],"picked":"Infernal Blade"},{"not_picked":["Entrench","True Grit"],"picked":"Twin Strike"},{"not_picked":["Sword Boomerang","Iron Wave"],"picked":"Flex"},{"not_picked":["Anger","Sentinel"],"picked":"Flex"},{"not_picked":["Warcry","Sever Soul"],"picked":"Pommel Strike"},{"not_picked":["Heavy Blade","Power Through"],"picked":"Sword Boomerang"},{"not_picked":["Power Through","Blood for Blood"],"picked":"Flame Barrier"},{"not_picked":["Havoc","Body Slam"],"picked":"Uppercut"},{"not_picked":["Clash","Shrug It Off"],"picked":"Hemokinesis"}],"player_experience":468279,"potions_floor_usage":[6,12,16,16,16],"damage_taken":[{"damage":0,"enemies":"Cultist","floor":1,"turns":1},{"damage":0,"enemies":"Small Slimes","floor":3,"turns":1},{"damage":0,"enemies":"Jaw Worm","floor":5,"turns":1},{"damage":30,"enemies":"3 Sentries","floor":6,"turns":7},{"damage":10,"enemies":"Looter","floor":8,"turns":3},{"damage":12,"enemies":"3 Louse","floor":10,"turns":2},{"damage":18,"enemies":"Exordium Wildlife","floor":12,"turns":3},{"damage":4,"enemies":"Exordium Thugs","floor":13,"turns":3},{"damage":0,"enemies":"3 Louse","floor":14,"turns":2},{"damage":43,"enemies":"The Guardian","floor":16,"turns":8}],"event_choices":[{"event_name":"World of Goop","player_choice":"Gather Gold","floor":4,"damage_taken":0},{"event_name":"Liars Game","player_choice":"agreed","floor":11,"damage_taken":0}],"boss_relics":[],"potions_floor_spawned":[1,6,12,13,14],"seed_played":"-1956886540167158855","killed_by":"The Guardian","ascension_level":0,"is_trial":false}