{"path_per_floor":["M","?","M","M","M","R","?","R","T","M","E","M","R","M","R"],"character_chosen":"IRONCLAD","items_purchased":[],"gold_per_floor":[10,10,29,42,60,60,310,310,310,324,368,381,381,405,405],"floor_reached":16,"campfire_rested":3,"playtime":533,"current_hp_per_floor":[77,57,58,55,49,73,73,73,73,54,21,15,39,23,47],"items_purged":[],"gold":405,"score":104,"play_id":"b48a4469-a5d9-4e88-8009-207979c4c070","local_time":"20180313141718","is_prod":false,"is_daily":false,"is_ascension_mode":false,"campfire_upgraded":1,"timestamp":1520965038,"path_taken":["M","?","M","?","M","R","?","R","T","M","E","M","R","M","R","BOSS"],"build_version":"2018-03-09","purchased_purges":0,"victory":false,"master_deck":["Strike_R","Strike_R","Strike_R","Strike_R","Strike_R","Defend_R","Defend_R","Defend_R","Defend_R","Bash","Limit Break+1","Thunderclap","Cleave","Demon Form","Heavy Blade","Regret","Clash","Berserk","Infernal Blade","Clash"],"max_hp_per_floor":[80,80,80,80,80,80,80,80,80,80,80,80,80,80,80],"relics":["Burning Blood","Golden Idol","Unceasing Top","Omamori"],"card_choices":[{"not_picked":["Impervious","Feed"],"picked":"Limit Break"},{"not_picked":["Pommel Strike","Wild Strike"],"picked":"Thunderclap"},{"not_picked":["Clothesline","Rage"],"picked":"Cleave"},{"not_picked":["Anger","Wild Strike"],"picked":"Demon Form"},{"not_picked":["Clash","Shrug It Off"],"picked":"Heavy Blade"},{"not_picked":["Armaments","Fire Breathing"],"picked":"Clash"},{"not_picked":["Whirlwind","Sever Soul"],"picked":"Berserk"},{"not_picked":["Perfected Strike","Wild Strike"],"picked":"Infernal Blade"},{"not_picked":["True Grit","Sentinel"],"picked":"Clash"}],"player_experience":418760,"potions_floor_usage":[5,11,12],"damage_taken":[{"damage":9,"enemies":"2 Louse","floor":1,"turns":3},{"damage":5,"enemies":"Cultist","floor":3,"turns":4},{"damage":9,"enemies":"Small Slimes","floor":4,"turns":4},{"damage":12,"enemies":"Gremlin Gang","floor":5,"turns":3},{"damage":25,"enemies":"3 Louse","floor":10,"turns":3},{"damage":39,"enemies":"Lagavulin","floor":11,"turns":5},{"damage":12,"enemies":"Exordium Wildlife","floor":12,"turns":4},{"damage":22,"enemies":"Lots of Slimes","floor":14,"turns":4},{"damage":47,"enemies":"The Guardian","floor":16,"turns":5}],"event_choices":[{"event_name":"Golden Idol","player_choice":"Take Damage","floor":2,"damage_taken":0},{"event_name":"Golden Shrine","player_choice":"Desecrate","floor":7,"damage_taken":0}],"boss_relics":[],"potions_floor_spawned":[4,10,11,14],"seed_played":"-5991974844114128519","killed_by":"The Guardian","ascension_level":0,"is_trial":false}