{"gold_per_floor":[109,109,109,109,126,151,151,168,168,179,179],"floor_reached":11,"playtime":242,"items_purged":[],"score":91,"play_id":"fbd10c2a-e0c6-4e25-846a-d57a71ed127c","local_time":"20190613132642","is_ascension_mode":true,"campfire_choices":[],"neow_cost":"PERCENT_DAMAGE","seed_source_timestamp":149586721304900,"circlet_count":0,"master_deck":["Strike_B","Strike_B","Defend_B","Defend_B","Defend_B","Zap+1","Dualcast","White Noise","Fusion","Double Energy","Sweeping Beam+1","Gash","Melter","Gash","Hello World"],"relics":["Cracked Core","Letter Opener","Dodecahedron","The Courier"],"potions_floor_usage":[5],"damage_taken":[{"damage":16,"enemies":"Jaw Worm","floor":1,"turns":4},{"damage":0,"enemies":"2 Louse","floor":5,"turns":1},{"damage":13,"enemies":"Gremlin Nob","floor":6,"turns":3},{"damage":0,"enemies":"Small Slimes","floor":8,"turns":2},{"damage":6,"enemies":"2 Fungi Beasts","floor":10,"turns":2},{"damage":6,"enemies":"3 Louse","floor":11,"turns":1}],"seed_played":"7594141011417441774","potions_obtained":[{"floor":1,"key":"Fire Potion"},{"floor":10,"key":"SpeedPotion"}],"is_trial":false,"path_per_floor":["M","?","?","?","M","E","?","M","T","M","M"],"character_chosen":"DEFECT","items_purchased":[],"campfire_rested":0,"item_purchase_floors":[],"current_hp_per_floor":[38,38,35,35,35,22,7,7,7,1,0],"gold":179,"neow_bonus":"TRANSFORM_TWO_CARDS","is_prod":false,"is_daily":false,"chose_seed":false,"campfire_upgraded":0,"win_rate":0,"timestamp":1560446802,"path_taken":["M","?","?","?","M","E","?","M","T","M","M"],"build_version":"2019-06-12","purchased_purges":0,"victory":false,"max_hp_per_floor":[75,75,75,75,75,75,75,75,75,75,75],"card_choices":[{"not_picked":["Stack","Barrage"],"picked":"Double Energy","floor":1},{"not_picked":["Cold Snap","Leap"],"picked":"Gash","floor":5},{"not_picked":["Darkness","Ball Lightning"],"picked":"Melter","floor":6},{"not_picked":["Blizzard","Turbo"],"picked":"Gash","floor":8},{"not_picked":["Stack","Streamline"],"picked":"Hello World","floor":10}],"player_experience":1047082,"relics_obtained":[{"floor":6,"key":"Dodecahedron"},{"floor":9,"key":"The Courier"}],"event_choices":[{"damage_healed":0,"gold_gain":0,"player_choice":"Ignored","damage_taken":0,"max_hp_gain":0,"max_hp_loss":0,"event_name":"Golden Idol","floor":2,"gold_loss":0},{"damage_healed":0,"gold_gain":0,"player_choice":"Success","damage_taken":3,"relics_obtained":["Letter Opener"],"max_hp_gain":0,"max_hp_loss":0,"event_name":"Scrap Ooze","floor":3,"gold_loss":0},{"damage_healed":0,"gold_gain":0,"cards_transformed":["Strike_B"],"player_choice":"Change","damage_taken":0,"max_hp_gain":0,"max_hp_loss":0,"event_name":"Living Wall","floor":4,"gold_loss":0,"cards_obtained":["Sweeping Beam"]},{"damage_healed":0,"gold_gain":0,"player_choice":"Entered Light","damage_taken":15,"max_hp_gain":0,"max_hp_loss":0,"event_name":"Shining Light","floor":7,"gold_loss":0,"cards_upgraded":["Zap","Sweeping Beam"]}],"is_beta":true,"boss_relics":[],"items_purged_floors":[],"is_endless":false,"potions_floor_spawned":[1,10],"killed_by":"3 Louse","ascension_level":5}