{"gold_per_floor":[126,213,400,425,437,475,9,23,50,70,345,24,41,41,41,138,138,157,173,173,192,192,206,240,260,260,42,42,60,60,10,10,110,110,122,138,149,149],"floor_reached":38,"playtime":3702,"items_purged":["Regret"],"score":523,"play_id":"14cf91e1-44c6-4f8c-b394-8db9a2f4dbd6","local_time":"20190705010041","is_ascension_mode":false,"campfire_choices":[{"data":"Zap","floor":15,"key":"SMITH"},{"floor":28,"key":"REST"},{"data":"Defragment","floor":30,"key":"SMITH"},{"data":"Double Energy","floor":32,"key":"SMITH"}],"neow_cost":"NONE","seed_source_timestamp":740925848943022,"circlet_count":0,"master_deck":["Strike_B","Strike_B","Defend_B","Defend_B","Defend_B","Zap+1","Dualcast","Double Energy+1","Doubt","Auto Shields","Skim","Ball Lightning","Capacitor","Stack","Ball Lightning","Compile Driver","Heatsinks","Coolheaded","Electrodynamics","Self Repair+1","Seek+1","Ball Lightning+1","Ball Lightning","Cold Snap","Writhe","Genetic Algorithm+1","Defragment+1","Double Energy+1","Ball Lightning","Conserve Battery","Ball Lightning","Cold Snap","All For One","Blizzard","Coolheaded","Chaos","FTL","BootSequence","Ball Lightning+1","Chaos+1","Machine Learning"],"relics":["Cracked Core","MawBank","Happy Flower","Bag of Marbles","Toolbox","Blood Vial","Pen Nib","Astrolabe","Orichalcum","Pantograph","Dodecahedron","TheAbacus","Orrery"],"potions_floor_usage":[33,33,33,38],"damage_taken":[{"damage":11,"enemies":"2 Louse","floor":1,"turns":3},{"damage":0,"enemies":"Cultist","floor":4,"turns":4},{"damage":26,"enemies":"Lagavulin","floor":6,"turns":8},{"damage":0,"enemies":"Small Slimes","floor":8,"turns":3},{"damage":5,"enemies":"2 Fungi Beasts","floor":10,"turns":4},{"damage":5,"enemies":"Looter","floor":13,"turns":3},{"damage":4,"enemies":"Slime Boss","floor":16,"turns":8},{"damage":7,"enemies":"Shell Parasite","floor":18,"turns":3},{"damage":5,"enemies":"Chosen","floor":19,"turns":4},{"damage":4,"enemies":"Centurion and Healer","floor":21,"turns":2},{"damage":19,"enemies":"Cultist and Chosen","floor":23,"turns":6},{"damage":46,"enemies":"Slavers","floor":24,"turns":4},{"damage":15,"enemies":"Sentry and Sphere","floor":25,"turns":4},{"damage":11,"enemies":"Snake Plant","floor":29,"turns":3},{"damage":0,"enemies":"Collector","floor":33,"turns":6},{"damage":9,"enemies":"Orb Walker","floor":35,"turns":5},{"damage":8,"enemies":"3 Darklings","floor":36,"turns":4},{"damage":15,"enemies":"Jaw Worm Horde","floor":37,"turns":3},{"damage":86,"enemies":"2 Orb Walkers","floor":38,"turns":5}],"seed_played":"5950839223767390887","potions_obtained":[{"floor":8,"key":"FearPotion"},{"floor":10,"key":"EssenceOfSteel"},{"floor":13,"key":"FocusPotion"},{"floor":18,"key":"Dexterity Potion"},{"floor":19,"key":"Regen Potion"},{"floor":37,"key":"Regen Potion"}],"is_trial":false,"path_per_floor":["M","?","?","M","?","E","$","M","T","M","?","$","M","?","R","B",null,"M","M","?","M","?","M","E","M","T","$","R","M","R","$","R","B",null,"M","M","M","?"],"character_chosen":"DEFECT","items_purchased":["Bag of Marbles","Ball Lightning","Capacitor","Toolbox","Pen Nib","Compile Driver","Heatsinks","Conserve Battery","TheAbacus","Cold Snap"],"campfire_rested":1,"item_purchase_floors":[7,7,7,7,12,12,12,27,27,31],"current_hp_per_floor":[64,53,53,53,75,49,49,49,49,46,46,46,43,68,68,66,75,75,75,75,75,75,66,32,29,29,29,51,52,52,52,52,75,75,75,67,64,0],"gold":149,"neow_bonus":"RANDOM_COMMON_RELIC","is_prod":false,"is_daily":false,"chose_seed":false,"campfire_upgraded":3,"win_rate":0.0,"timestamp":1562302841,"path_taken":["M","?","?","M","?","E","$","?","T","M","?","$","?","?","R","BOSS","M","M","?","M","?","M","E","M","T","$","R","?","R","$","R","BOSS","M","M","M","?"],"build_version":"2019-07-01","purchased_purges":1,"victory":false,"max_hp_per_floor":[75,75,75,75,75,75,75,75,75,75,75,75,75,75,75,75,75,75,75,75,75,75,75,75,75,75,75,75,75,75,75,75,75,75,75,75,75,75],"card_choices":[{"not_picked":["Stack","Streamline"],"picked":"Double Energy","floor":1},{"not_picked":["Turbo","Reprogram"],"picked":"Auto Shields","floor":4},{"not_picked":["Chaos","Storm"],"picked":"Skim","floor":6},{"not_picked":["Beam Cell","Rebound"],"picked":"Stack","floor":8},{"not_picked":["Rip and Tear","Hologram"],"picked":"Ball Lightning","floor":10},{"not_picked":["Rip and Tear","Scrape"],"picked":"Coolheaded","floor":13},{"not_picked":["Meteor Strike","Thunder Strike"],"picked":"Electrodynamics","floor":16},{"not_picked":["Consume","Compile Driver"],"picked":"Ball Lightning","floor":18},{"not_picked":["Hello World","Consume+1"],"picked":"Cold Snap","floor":19},{"not_picked":["Sweeping Beam+1","Chill"],"picked":"Genetic Algorithm","floor":21},{"not_picked":["Lockon+1","Conserve Battery+1"],"picked":"Defragment","floor":23},{"not_picked":["Compile Driver","Seek"],"picked":"Double Energy+1","floor":24},{"not_picked":["Redo","Leap"],"picked":"Ball Lightning","floor":25},{"not_picked":["Sweeping Beam","Beam Cell"],"picked":"Ball Lightning","floor":29},{"not_picked":["Seek","Fission"],"picked":"All For One","floor":33},{"not_picked":["Scrape+1","Sweeping Beam"],"picked":"Blizzard","floor":34},{"not_picked":["Streamline","Scrape"],"picked":"Coolheaded","floor":34},{"not_picked":["Steam","Melter"],"picked":"Chaos","floor":34},{"not_picked":["Barrage","Stack"],"picked":"FTL","floor":34},{"not_picked":["Streamline","Compile Driver"],"picked":"BootSequence","floor":34},{"not_picked":["Hologram","Rebound+1"],"picked":"Ball Lightning+1","floor":35},{"not_picked":["Tempest+1","Skim"],"picked":"Chaos+1","floor":36},{"not_picked":["Barrage+1","Tempest+1"],"picked":"Machine Learning","floor":37}],"player_experience":41113,"relics_obtained":[{"floor":6,"key":"Happy Flower"},{"floor":9,"key":"Blood Vial"},{"floor":24,"key":"Pantograph"},{"floor":26,"key":"Dodecahedron"}],"event_choices":[{"damage_healed":0,"gold_gain":75,"player_choice":"Gather Gold","damage_taken":11,"max_hp_gain":0,"max_hp_loss":0,"event_name":"World of Goop","floor":2,"gold_loss":0},{"damage_healed":0,"gold_gain":175,"player_choice":"AGREE","damage_taken":0,"max_hp_gain":0,"max_hp_loss":0,"event_name":"Liars Game","floor":3,"gold_loss":0,"cards_obtained":["Doubt"]},{"damage_healed":22,"gold_gain":0,"player_choice":"Full Heal","damage_taken":0,"max_hp_gain":0,"max_hp_loss":0,"event_name":"Wheel of Change","floor":5,"gold_loss":0},{"damage_healed":0,"gold_gain":275,"player_choice":"Desecrate","damage_taken":0,"max_hp_gain":0,"max_hp_loss":0,"event_name":"Golden Shrine","floor":11,"gold_loss":0,"cards_obtained":["Regret"]},{"damage_healed":25,"gold_gain":0,"player_choice":"Banana","damage_taken":0,"max_hp_gain":0,"max_hp_loss":0,"event_name":"Big Fish","floor":14,"gold_loss":0},{"damage_healed":0,"gold_gain":0,"player_choice":"Opened","damage_taken":0,"relics_obtained":["Orichalcum"],"max_hp_gain":0,"max_hp_loss":0,"event_name":"The Mausoleum","floor":20,"gold_loss":0,"cards_obtained":["Writhe"]},{"damage_healed":0,"gold_gain":0,"player_choice":"Upgraded","damage_taken":0,"max_hp_gain":0,"max_hp_loss":0,"event_name":"Upgrade Shrine","floor":22,"gold_loss":0,"cards_upgraded":["Genetic Algorithm"]},{"damage_healed":0,"gold_gain":0,"player_choice":"Fight","damage_taken":0,"max_hp_gain":0,"max_hp_loss":0,"event_name":"Mysterious Sphere","floor":38,"gold_loss":0}],"is_beta":false,"boss_relics":[{"not_picked":["Inserter","Fusion Hammer"],"picked":"Astrolabe"},{"not_picked":["Runic Dome","Sozu"],"picked":"Orrery"}],"items_purged_floors":[12],"is_endless":false,"potions_floor_spawned":[8,10,13,18,19,25,29,37],"killed_by":"2 Orb Walkers","ascension_level":0}