{"gold_per_floor":[115,127,127,145,162,162,195,207,207,207,207,234,234,268,268,361,361,361,13,13,13,13,13,13,13],"floor_reached":25,"playtime":915,"items_purged":["Strike_B"],"score":546,"play_id":"06135b22-4e58-4aa3-ad47-70925680add0","local_time":"20190525181512","is_ascension_mode":true,"campfire_choices":[{"data":"Zap","floor":6.0,"key":"SMITH"},{"floor":11.0,"key":"REST"},{"data":"Coolheaded","floor":15.0,"key":"SMITH"},{"data":"Capacitor","floor":23.0,"key":"SMITH"}],"neow_cost":"NONE","seed_source_timestamp":918771956966138,"circlet_count":0,"master_deck":["AscendersBane","Strike_B","Strike_B","Defend_B","Defend_B","Defend_B","Defend_B","Zap+1","Dualcast","Panacea","Streamline","Coolheaded+1","Ball Lightning","Buffer","Go for the Eyes","Seek","All For One","Go for the Eyes+1","Glacier+1","Capacitor+1","Conserve Battery","Machine Learning"],"special_seed":0,"relics":["Cracked Core","Art of War","FossilizedHelix","Matryoshka","Golden Idol","Calipers","Ectoplasm","Pantograph"],"potions_floor_usage":[25,25],"damage_taken":[{"damage":2.0,"enemies":"Jaw Worm","floor":1.0,"turns":4.0},{"damage":0.0,"enemies":"2 Louse","floor":2.0,"turns":2.0},{"damage":4.0,"enemies":"Small Slimes","floor":4.0,"turns":3.0},{"damage":12.0,"enemies":"Looter","floor":5.0,"turns":3.0},{"damage":26.0,"enemies":"Lagavulin","floor":7.0,"turns":5.0},{"damage":12.0,"enemies":"Lots of Slimes","floor":8.0,"turns":4.0},{"damage":0.0,"enemies":"Gremlin Nob","floor":12.0,"turns":4.0},{"damage":0.0,"enemies":"Lagavulin","floor":14.0,"turns":5.0},{"damage":24.0,"enemies":"The Guardian","floor":16.0,"turns":12.0},{"damage":0.0,"enemies":"Chosen","floor":18.0,"turns":5.0},{"damage":9.0,"enemies":"Shell Parasite","floor":20.0,"turns":5.0},{"damage":0.0,"enemies":"3 Cultists","floor":22.0,"turns":5.0},{"damage":9.0,"enemies":"Snake Plant","floor":24.0,"turns":5.0},{"damage":35,"enemies":"Slavers","floor":25,"turns":4}],"seed_played":"7551310001226675783","potions_obtained":[{"floor":2.0,"key":"EssenceOfSteel"},{"floor":7.0,"key":"Energy Potion"},{"floor":8.0,"key":"Fire Potion"},{"floor":16.0,"key":"PowerPotion"},{"floor":24.0,"key":"SneckoOil"}],"is_trial":false,"path_per_floor":["M","M","?","M","M","R","E","M","T","?","R","E","?","E","R","B",null,"M","$","M","?","M","R","M","E"],"character_chosen":"DEFECT","items_purchased":["Pantograph"],"campfire_rested":1,"item_purchase_floors":[19],"current_hp_per_floor":[62,62,55,51,39,39,13,1,1,6,28,28,28,28,28,4,53,53,53,44,44,44,44,35,0],"gold":13,"neow_bonus":"RANDOM_COLORLESS","is_prod":false,"is_daily":false,"chose_seed":false,"campfire_upgraded":3,"win_rate":0,"timestamp":1558833312,"path_taken":["M","M","?","M","M","R","E","M","T","?","R","E","?","E","R","BOSS","M","$","M","?","M","R","M","E"],"build_version":"2019-01-23","purchased_purges":1,"victory":false,"max_hp_per_floor":[71,71,71,71,71,71,71,71,71,76,76,76,69,69,69,69,69,69,69,69,69,69,69,69,69],"card_choices":[{"not_picked":["Self Repair","Fusion"],"picked":"Streamline","floor":1.0},{"not_picked":["Heatsinks","Rebound"],"picked":"Coolheaded","floor":2.0},{"not_picked":["Capacitor","BootSequence"],"picked":"Ball Lightning","floor":4.0},{"not_picked":["Consume","Aggregate","Redo"],"picked":"SKIP","floor":5.0},{"not_picked":["Barrage","Compile Driver"],"picked":"Buffer","floor":7.0},{"not_picked":["Redo","Steam"],"picked":"Go for the Eyes","floor":8.0},{"not_picked":["Lockon","Rebound","Barrage"],"picked":"SKIP","floor":12.0},{"not_picked":["Conserve Battery","Doom and Gloom"],"picked":"Seek","floor":14.0},{"not_picked":["Thunder Strike","Reboot"],"picked":"All For One","floor":16.0},{"not_picked":["Chill","Self Repair"],"picked":"Go for the Eyes+1","floor":18.0},{"not_picked":["Force Field","Ball Lightning"],"picked":"Glacier+1","floor":20.0},{"not_picked":["Turbo+1","Stack"],"picked":"Conserve Battery","floor":22.0},{"not_picked":["Static Discharge","Ball Lightning"],"picked":"Machine Learning","floor":24.0}],"player_experience":730753,"relics_obtained":[{"floor":7.0,"key":"Art of War"},{"floor":9.0,"key":"FossilizedHelix"},{"floor":12.0,"key":"Matryoshka"},{"floor":14.0,"key":"Calipers"}],"event_choices":[{"cards_removed":["Strike_B"],"damage_healed":0.0,"max_hp_gain":0.0,"max_hp_loss":0.0,"gold_gain":0.0,"event_name":"Golden Wing","player_choice":"Card Removal","floor":3.0,"gold_loss":0.0,"damage_taken":7.0},{"damage_healed":0.0,"max_hp_gain":5.0,"max_hp_loss":0.0,"gold_gain":0.0,"event_name":"Big Fish","player_choice":"Donut","floor":10.0,"gold_loss":0.0,"damage_taken":0.0},{"damage_healed":0.0,"max_hp_gain":0.0,"max_hp_loss":7.0,"gold_gain":0.0,"event_name":"Golden Idol","player_choice":"Lose Max HP","floor":13.0,"gold_loss":0.0,"damage_taken":0.0,"relics_obtained":["Golden Idol"]},{"damage_healed":0.0,"max_hp_gain":0.0,"max_hp_loss":0.0,"gold_gain":0.0,"event_name":"The Library","player_choice":"Read","floor":21.0,"gold_loss":0.0,"damage_taken":0.0,"cards_obtained":["Capacitor"]}],"is_beta":false,"boss_relics":[{"not_picked":["Runic Pyramid","White Beast Statue"],"picked":"Ectoplasm"}],"items_purged_floors":[19],"is_endless":false,"potions_floor_spawned":[2,7,8,16,20,24],"killed_by":"Slavers","ascension_level":20}