{"path_per_floor":["M","$","?","M","M","E","R","M","T","M","R","M","?","?","R"],"character_chosen":"DEFECT","items_purchased":["Sunder"],"gold_per_floor":[115,40,115,130,140,167,167,186,213,229,229,249,249,309,309,309],"floor_reached":16,"campfire_rested":3,"playtime":623,"current_hp_per_floor":[63,63,52,52,48,14,36,29,29,26,48,48,48,44,67,0],"items_purged":[],"gold":309,"score":102,"play_id":"d9ccb1cc-4c6c-44d4-8206-6565cfd6e4e2","local_time":"20180514021137","is_prod":false,"is_daily":false,"chose_seed":false,"is_ascension_mode":false,"campfire_upgraded":0,"timestamp":1526278297,"path_taken":["M","$","?","M","M","E","R","M","T","M","R","M","?","?","R","BOSS"],"build_version":"2018-05-12v2","seed_source_timestamp":40680427536740,"purchased_purges":0,"victory":false,"master_deck":["Strike_B","Strike_B","Strike_B","Strike_B","Defend_B","Defend_B","Defend_B","Defend_B","Zap","Dualcast","Doom and Gloom","White Noise","Sunder","Genetic Algorithm","Aggregate","Beam Cell","Genetic Algorithm+1"],"max_hp_per_floor":[75,75,75,75,75,75,75,75,75,75,75,75,75,77,77,77],"relics":["Cracked Core","DataDisk","Anchor","Singing Bowl"],"card_choices":[{"not_picked":["Reprogram","Capacitor"],"picked":"Doom and Gloom","floor":0},{"not_picked":["Rebound","Auto Shields"],"picked":"White Noise","floor":1},{"not_picked":["Coolheaded","BootSequence"],"picked":"Genetic Algorithm","floor":4},{"not_picked":["Go for the Eyes","Reprogram"],"picked":"Aggregate","floor":5},{"not_picked":["Skim","Heatsinks","Hologram"],"picked":"SKIP","floor":6},{"not_picked":["Reprogram","Leap","Axe Kick"],"picked":"SKIP","floor":8},{"not_picked":["Ball Lightning","Capacitor"],"picked":"Beam Cell","floor":10},{"not_picked":["Barrage","Chill"],"picked":"Genetic Algorithm","floor":12},{"not_picked":["Impulse","Heatsinks","Rip and Tear"],"picked":"Singing Bowl","floor":14}],"player_experience":240537,"potions_floor_usage":[6,12,14,16,16],"damage_taken":[{"damage":12,"enemies":"Small Slimes","floor":1,"turns":2},{"damage":0,"enemies":"2 Louse","floor":4,"turns":2},{"damage":4,"enemies":"Cultist","floor":5,"turns":4},{"damage":41,"enemies":"Lagavulin","floor":6,"turns":6},{"damage":7,"enemies":"Blue Slaver","floor":8,"turns":3},{"damage":3,"enemies":"Red Slaver","floor":10,"turns":4},{"damage":0,"enemies":"Exordium Thugs","floor":12,"turns":3},{"damage":6,"enemies":"3 Sentries","floor":14,"turns":4},{"damage":85,"enemies":"Hexaghost","floor":16,"turns":9}],"event_choices":[{"event_name":"World of Goop","player_choice":"Gather Gold","floor":3,"damage_taken":0},{"event_name":"Upgrade Shrine","player_choice":"Upgraded","floor":13,"damage_taken":0},{"event_name":"Dead Adventurer","player_choice":"Searched \u00271\u0027 times","floor":14,"damage_taken":0}],"boss_relics":[],"potions_floor_spawned":[5,10,12,14,14],"seed_played":"9218033667854700150","killed_by":"Hexaghost","ascension_level":0,"is_trial":false}