{"gold_per_floor":[116,116,141,156,156,181,196,196,249,278,295,315,349,367,367,367],"floor_reached":16,"playtime":1674,"items_purged":[],"score":179,"play_id":"9d49b9b8-540f-4be2-99e4-bf3985d4a698","local_time":"20190707121155","is_ascension_mode":true,"campfire_choices":[{"data":"Pummel","floor":8,"key":"SMITH"},{"floor":15,"key":"REST"}],"neow_cost":"NONE","seed_source_timestamp":956025459865569,"circlet_count":0,"master_deck":["Strike_R","Strike_R","Strike_R","Strike_R","Strike_R","Defend_R","Defend_R","Defend_R","Defend_R","Bash","Pummel","Infernal Blade","Pummel+1","Intimidate","Burning Pact","Shrug It Off","Armaments","Carnage","Rampage","Infernal Blade"],"relics":["Burning Blood","Centennial Puzzle","Happy Flower","Dream Catcher","Pear","Gremlin Horn"],"potions_floor_usage":[6,10,10],"damage_taken":[{"damage":3,"enemies":"2 Louse","floor":1,"turns":4},{"damage":6,"enemies":"Jaw Worm","floor":4,"turns":4},{"damage":30,"enemies":"Lagavulin","floor":6,"turns":6},{"damage":3,"enemies":"Small Slimes","floor":7,"turns":3},{"damage":0,"enemies":"Gremlin Nob","floor":10,"turns":2},{"damage":5,"enemies":"Looter","floor":11,"turns":3},{"damage":14,"enemies":"Large Slime","floor":12,"turns":11},{"damage":43,"enemies":"3 Sentries","floor":13,"turns":13},{"damage":1,"enemies":"3 Louse","floor":14,"turns":3},{"damage":72,"enemies":"Slime Boss","floor":16,"turns":11}],"seed_played":"7104280365795871041","potions_obtained":[{"floor":1,"key":"Strength Potion"},{"floor":4,"key":"AttackPotion"},{"floor":7,"key":"AttackPotion"}],"is_trial":false,"path_per_floor":["M","?","T","M","?","E","M","R","T","E","M","M","E","M","R","B"],"character_chosen":"IRONCLAD","items_purchased":[],"campfire_rested":1,"item_purchase_floors":[],"current_hp_per_floor":[80,80,80,80,85,61,64,64,64,80,81,73,36,41,69,0],"gold":367,"neow_bonus":"RANDOM_COMMON_RELIC","is_prod":false,"is_daily":false,"chose_seed":false,"campfire_upgraded":1,"win_rate":0,"timestamp":1562515915,"path_taken":["M","?","?","M","?","E","M","R","T","E","M","M","E","M","R","BOSS"],"build_version":"2019-07-05","purchased_purges":0,"victory":false,"max_hp_per_floor":[80,80,80,80,85,85,85,85,85,95,95,95,95,95,95,95],"card_choices":[{"not_picked":["Inflame","Dropkick"],"picked":"Pummel","floor":1},{"not_picked":["Flex","Clothesline"],"picked":"Infernal Blade","floor":4},{"not_picked":["Evolve","True Grit"],"picked":"Pummel","floor":6},{"not_picked":["Evolve","Headbutt"],"picked":"Intimidate","floor":7},{"not_picked":["Sever Soul","Pommel Strike"],"picked":"Burning Pact","floor":10},{"not_picked":["Iron Wave","Body Slam"],"picked":"Shrug It Off","floor":11},{"not_picked":["Combust","Intimidate"],"picked":"Armaments","floor":12},{"not_picked":["Power Through","Disarm"],"picked":"Carnage","floor":13},{"not_picked":["Cleave","True Grit"],"picked":"Rampage","floor":14},{"not_picked":["Hemokinesis","Shrug It Off"],"picked":"Infernal Blade","floor":15}],"player_experience":85001,"relics_obtained":[{"floor":3,"key":"Happy Flower"},{"floor":6,"key":"Dream Catcher"},{"floor":10,"key":"Pear"},{"floor":13,"key":"Gremlin Horn"}],"event_choices":[{"damage_healed":0,"gold_gain":0,"player_choice":"Ignored","damage_taken":0,"max_hp_gain":0,"max_hp_loss":0,"event_name":"Golden Wing","floor":2,"gold_loss":0},{"damage_healed":0,"gold_gain":0,"player_choice":"Donut","damage_taken":0,"max_hp_gain":5,"max_hp_loss":0,"event_name":"Big Fish","floor":5,"gold_loss":0}],"is_beta":false,"boss_relics":[],"items_purged_floors":[],"is_endless":false,"potions_floor_spawned":[1,4,7],"killed_by":"Slime Boss","ascension_level":1}