{"gold_per_floor":[117,117,135,145,156,156,185,204,231,256,271,271,305,334,346,435,447,471,483,507,519],"floor_reached":21,"playtime":781,"items_purged":[],"score":406,"play_id":"681dedf9-5d4a-4b0c-96f2-099f32fe9d76","local_time":"20190123190621","is_ascension_mode":true,"campfire_choices":[{"data":"Neutralize","floor":6,"key":"SMITH"},{"data":"Well Laid Plans","floor":12,"key":"SMITH"},{"data":"Predator","floor":15,"key":"SMITH"}],"neow_cost":"NONE","seed_source_timestamp":1200277753857926,"circlet_count":0,"master_deck":["AscendersBane","Defend_G","Defend_G","Defend_G","Defend_G","Defend_G","Strike_G","Strike_G","Strike_G","Survivor","Neutralize+1","Dagger Spray+1","Cloak And Dagger","Poisoned Stab","Predator+1","Well Laid Plans+1","Leg Sweep","Poisoned Stab","Glass Knife+1","Dodge and Roll+1"],"relics":["Ring of the Snake","Bag of Preparation","Centennial Puzzle","Lantern","Happy Flower","MawBank","Empty Cage"],"potions_floor_usage":[7,10,16,21],"damage_taken":[{"damage":1,"enemies":"Cultist","floor":1,"turns":4},{"damage":0,"enemies":"Small Slimes","floor":3,"turns":3},{"damage":1,"enemies":"2 Louse","floor":4,"turns":2},{"damage":0,"enemies":"Exordium Wildlife","floor":5,"turns":2},{"damage":11,"enemies":"3 Sentries","floor":7,"turns":7},{"damage":0,"enemies":"3 Louse","floor":8,"turns":2},{"damage":18,"enemies":"Lagavulin","floor":10,"turns":7},{"damage":0,"enemies":"2 Fungi Beasts","floor":11,"turns":3},{"damage":16,"enemies":"Gremlin Nob","floor":13,"turns":4},{"damage":3,"enemies":"Exordium Thugs","floor":14,"turns":3},{"damage":21,"enemies":"Hexaghost","floor":16,"turns":10},{"damage":19,"enemies":"Spheric Guardian","floor":18,"turns":6},{"damage":11,"enemies":"2 Thieves","floor":20,"turns":3},{"damage":21,"enemies":"Cultist and Chosen","floor":21,"turns":5}],"seed_played":"-442036829904654234","potions_obtained":[{"floor":3,"key":"Regen Potion"},{"floor":5,"key":"Energy Potion"},{"floor":10,"key":"Dexterity Potion"},{"floor":13,"key":"FearPotion"},{"floor":18,"key":"Fire Potion"}],"is_trial":false,"path_per_floor":["M","?","M","M","M","R","E","M","T","E","M","R","E","M","R","B",null,"M","?","M","M"],"character_chosen":"THE_SILENT","items_purchased":[],"campfire_rested":0,"item_purchase_floors":[],"current_hp_per_floor":[58,58,58,57,57,57,46,46,46,43,43,43,27,24,24,3,50,31,31,20,0],"gold":519,"neow_bonus":"RANDOM_COMMON_RELIC","is_prod":false,"is_daily":false,"chose_seed":false,"campfire_upgraded":3,"win_rate":0,"timestamp":1548295581,"path_taken":["M","?","M","M","M","R","E","M","T","E","M","R","E","M","R","BOSS","M","?","M","M"],"build_version":"2019-01-23","purchased_purges":0,"victory":false,"max_hp_per_floor":[66,66,66,66,66,66,66,66,66,66,66,66,66,66,66,66,66,66,66,66,66],"card_choices":[{"not_picked":["Prepared","Bane"],"picked":"Dagger Spray","floor":1},{"not_picked":["Backflip","Blur"],"picked":"Cloak And Dagger","floor":3},{"not_picked":["Dagger Spray","Sucker Punch"],"picked":"Poisoned Stab","floor":4},{"not_picked":["Expertise","Bane"],"picked":"Predator","floor":5},{"not_picked":["Calculated Gamble","Infinite Blades"],"picked":"Well Laid Plans","floor":7},{"not_picked":["Poisoned Stab","Acrobatics"],"picked":"Leg Sweep","floor":8},{"not_picked":["Quick Slash","Sucker Punch","Backflip"],"picked":"SKIP","floor":10},{"not_picked":["Predator","Calculated Gamble"],"picked":"Poisoned Stab","floor":11},{"not_picked":["Reflex","Eviscerate","All Out Attack"],"picked":"SKIP","floor":13},{"not_picked":["Bane","Prepared","Poisoned Stab"],"picked":"SKIP","floor":14},{"not_picked":["Burst","Venomology"],"picked":"Glass Knife","floor":16},{"not_picked":["Quick Slash+1","Tactician"],"picked":"Dodge and Roll+1","floor":18},{"not_picked":["Sucker Punch","Concentrate","Blur"],"picked":"SKIP","floor":20}],"player_experience":700827,"relics_obtained":[{"floor":7,"key":"Centennial Puzzle"},{"floor":9,"key":"Lantern"},{"floor":10,"key":"Happy Flower"},{"floor":13,"key":"MawBank"}],"event_choices":[{"damage_healed":0,"gold_gain":0,"player_choice":"Grow","damage_taken":0,"max_hp_gain":0,"max_hp_loss":0,"event_name":"Living Wall","floor":2,"gold_loss":0,"cards_upgraded":["Dagger Spray"]},{"damage_healed":0,"gold_gain":0,"player_choice":"Upgraded","damage_taken":0,"max_hp_gain":0,"max_hp_loss":0,"event_name":"Upgrade Shrine","floor":19,"gold_loss":0,"cards_upgraded":["Glass Knife"]}],"is_beta":false,"boss_relics":[{"not_picked":["WristBlade","Runic Dome"],"picked":"Empty Cage"}],"items_purged_floors":[],"is_endless":false,"potions_floor_spawned":[3,5,10,13,14,18],"killed_by":"Cultist and Chosen","ascension_level":20}