{"gold_per_floor":[118,128,139,70,84,84,103,130,206,217,243,243,271,271,271,371,371,391,403,12,32,51,51,51],"floor_reached":24,"playtime":2609,"items_purged":[],"score":275,"play_id":"a184bc1f-c622-46be-a47b-d73b5ef4bd5f","local_time":"20190701182148","is_ascension_mode":true,"campfire_choices":[{"data":"Havoc","floor":6,"key":"SMITH"},{"data":"Feed","floor":12,"key":"SMITH"},{"data":"Seeing Red","floor":15,"key":"SMITH"},{"floor":23,"key":"REST"}],"neow_cost":"TEN_PERCENT_HP_LOSS","seed_source_timestamp":417150269643469,"circlet_count":0,"master_deck":["Strike_R","Strike_R","Strike_R","Strike_R","Defend_R","Defend_R","Defend_R","Defend_R","Bash","The Bomb","Finesse","Seeing Red+1","Shrug It Off","Headbutt","Feel No Pain","Havoc+1","Intimidate","Bludgeon","Evolve","Feed+1","Ghostly Armor","Feed","Havoc","Wild Strike+1","Violence","Sentinel","Wild Strike+1"],"relics":["Burning Blood","Bag of Marbles","Tiny Chest","Question Card","Strawberry","Sozu","Frozen Eye"],"potions_floor_usage":[16,21,24],"damage_taken":[{"damage":1,"enemies":"Cultist","floor":1,"turns":3},{"damage":7,"enemies":"Jaw Worm","floor":2,"turns":3},{"damage":7,"enemies":"2 Louse","floor":3,"turns":3},{"damage":2,"enemies":"Red Slaver","floor":5,"turns":4},{"damage":10,"enemies":"3 Louse","floor":7,"turns":4},{"damage":12,"enemies":"3 Sentries","floor":8,"turns":5},{"damage":0,"enemies":"2 Fungi Beasts","floor":10,"turns":3},{"damage":5,"enemies":"Lagavulin","floor":11,"turns":3},{"damage":17,"enemies":"3 Sentries","floor":13,"turns":7},{"damage":36,"enemies":"The Guardian","floor":16,"turns":9},{"damage":35,"enemies":"Spheric Guardian","floor":18,"turns":6},{"damage":7,"enemies":"Chosen","floor":19,"turns":4},{"damage":15,"enemies":"Snake Plant","floor":21,"turns":3},{"damage":31,"enemies":"Sentry and Sphere","floor":22,"turns":5},{"damage":41,"enemies":"Book of Stabbing","floor":24,"turns":3}],"seed_played":"-1632322023429324194","potions_obtained":[{"floor":3,"key":"Ancient Potion"},{"floor":7,"key":"PowerPotion"},{"floor":8,"key":"GamblersBrew"},{"floor":16,"key":"PowerPotion"}],"is_trial":false,"path_per_floor":["M","M","M","$","M","R","M","E","T","M","E","R","E","?","R","B",null,"M","M","$","M","M","R","E"],"character_chosen":"IRONCLAD","items_purchased":["Feel No Pain","Frozen Eye","Violence"],"campfire_rested":1,"item_purchase_floors":[4,20,20],"current_hp_per_floor":[72,71,70,70,72,72,68,62,62,68,69,69,69,62,62,36,74,45,48,48,39,14,41,0],"gold":51,"neow_bonus":"RANDOM_COLORLESS_2","is_prod":false,"is_daily":false,"chose_seed":false,"campfire_upgraded":3,"win_rate":0,"timestamp":1562019708,"path_taken":["M","?","M","$","M","R","M","E","T","M","E","R","E","?","R","BOSS","M","M","$","M","M","R","E"],"build_version":"2019-07-01","purchased_purges":0,"victory":false,"max_hp_per_floor":[72,72,72,72,72,72,72,72,72,72,72,72,83,83,83,87,87,87,91,91,91,91,91,91],"card_choices":[{"not_picked":["Sword Boomerang","Armaments"],"picked":"Seeing Red","floor":1},{"not_picked":["Ghostly Armor","Wild Strike"],"picked":"Shrug It Off","floor":2},{"not_picked":["Cleave","True Grit"],"picked":"Headbutt","floor":3},{"not_picked":["Second Wind","Headbutt"],"picked":"Havoc","floor":5},{"not_picked":["Uppercut","Headbutt"],"picked":"Intimidate","floor":7},{"not_picked":["Thunderclap","Shrug It Off"],"picked":"Bludgeon","floor":8},{"not_picked":["Perfected Strike","Combust"],"picked":"Evolve","floor":10},{"not_picked":["True Grit","Barricade"],"picked":"Feed","floor":11},{"not_picked":["Searing Blow","Sever Soul","Anger"],"picked":"Ghostly Armor","floor":13},{"not_picked":["Immolate","Demon Form","Reaper"],"picked":"Feed","floor":16},{"not_picked":["Blood for Blood","Entrench","Body Slam+1"],"picked":"Havoc","floor":18},{"not_picked":["Dual Wield","Rampage","Flex"],"picked":"Wild Strike+1","floor":19},{"not_picked":["Clothesline","Ghostly Armor","Body Slam+1"],"picked":"Sentinel","floor":21},{"not_picked":["Flex","Clash","Perfected Strike+1"],"picked":"Wild Strike+1","floor":22}],"player_experience":150479,"relics_obtained":[{"floor":8,"key":"Bag of Marbles"},{"floor":9,"key":"Tiny Chest"},{"floor":11,"key":"Question Card"},{"floor":13,"key":"Strawberry"}],"event_choices":[{"cards_removed":["Strike_R"],"damage_healed":0,"gold_gain":0,"player_choice":"Card Removal","damage_taken":7,"max_hp_gain":0,"max_hp_loss":0,"event_name":"Golden Wing","floor":14,"gold_loss":0}],"is_beta":false,"boss_relics":[{"not_picked":["Orrery","Eternal Feather"],"picked":"Sozu"}],"items_purged_floors":[],"is_endless":false,"potions_floor_spawned":[3,7,8,16,19,22],"killed_by":"Book of Stabbing","ascension_level":5}