{"path_per_floor":["M","M","?","?","M","$","?","E","T","M","M","R","T","E","R","B",null,"M","?","M","M","$","R","M","R","T","M","?","?","M","M","R"],"character_chosen":"IRONCLAD","items_purchased":["Anger","Rampage","Gremlin Horn"],"gold_per_floor":[110,120,120,120,136,11,11,46,116,132,149,149,149,179,179,279,279,294,244,259,275,17,17,37,37,115,133,133,133,145,164,164,164],"floor_reached":33,"campfire_rested":3,"playtime":1516,"current_hp_per_floor":[96,96,89,89,93,93,93,71,71,66,65,92,92,79,79,37,93,93,93,93,59,59,86,54,81,81,83,67,67,57,67,67,0],"items_purged":[],"gold":164,"score":259,"play_id":"4dfd58be-4d18-49a1-86c7-0a5c5dbc2eff","local_time":"20180507213033","is_prod":false,"is_daily":false,"chose_seed":false,"is_ascension_mode":false,"campfire_upgraded":2,"timestamp":1525743033,"path_taken":["M","M","?","?","M","$","?","E","T","M","?","R","?","E","R","BOSS","M","?","?","M","$","R","M","R","T","M","?","?","M","M","R","BOSS"],"build_version":"2018-05-03","seed_source_timestamp":1912766329936277,"purchased_purges":0,"victory":false,"master_deck":["Strike_R","Strike_R","Strike_R","Strike_R","Defend_R","Defend_R","Defend_R","Defend_R","Bash","Anger","Shrug It Off","Anger","Rampage","Bludgeon+1","Metallicize","Infernal Blade","Bludgeon+1","Flex+1","Rampage","Whirlwind+1","Inflame"],"max_hp_per_floor":[96,96,93,93,93,93,93,93,93,93,93,93,93,93,93,93,93,93,93,93,93,93,93,93,93,93,93,93,93,93,93,93,93],"relics":["Black Blood","Oddly Smooth Stone","Darkstone Periapt","Question Card","Smiling Mask","Gremlin Horn","Self Forming Clay","Enchiridion","Happy Flower"],"card_choices":[{"not_picked":["Wild Strike","Pommel Strike"],"picked":"Anger","floor":2},{"not_picked":["Heavy Blade","Warcry"],"picked":"Shrug It Off","floor":5},{"not_picked":["Battle Trance","Wild Strike"],"picked":"Bludgeon","floor":8},{"not_picked":["Cleave","Pommel Strike"],"picked":"Metallicize","floor":10},{"not_picked":["Headbutt","Armaments","Carnage"],"picked":"Infernal Blade","floor":14},{"not_picked":["Immolate","Brutality","Berserk"],"picked":"Bludgeon","floor":16},{"not_picked":["Clothesline","Searing Blow","Headbutt"],"picked":"Flex","floor":21},{"not_picked":["Headbutt","Wild Strike","Sword Boomerang"],"picked":"Rampage","floor":24},{"not_picked":["Spot Weakness","Clothesline","Armaments"],"picked":"Whirlwind","floor":30},{"not_picked":["Flex","Perfected Strike","Anger"],"picked":"Inflame","floor":31}],"player_experience":184993,"potions_floor_usage":[10,11,18,21,24,30,31],"damage_taken":[{"damage":0,"enemies":"2 Louse","floor":1,"turns":3},{"damage":6,"enemies":"Jaw Worm","floor":2,"turns":4},{"damage":0,"enemies":"Small Slimes","floor":5,"turns":3},{"damage":28,"enemies":"3 Sentries","floor":8,"turns":9},{"damage":11,"enemies":"3 Louse","floor":10,"turns":3},{"damage":7,"enemies":"Red Slaver","floor":11,"turns":2},{"damage":19,"enemies":"Lagavulin","floor":14,"turns":6},{"damage":48,"enemies":"The Guardian","floor":16,"turns":10},{"damage":10,"enemies":"Spheric Guardian","floor":18,"turns":3},{"damage":10,"enemies":"Chosen","floor":20,"turns":3},{"damage":44,"enemies":"Centurion and Healer","floor":21,"turns":5},{"damage":42,"enemies":"Cultist and Chosen","floor":24,"turns":8},{"damage":8,"enemies":"Snecko","floor":27,"turns":4},{"damage":26,"enemies":"Snake Plant","floor":30,"turns":3},{"damage":0,"enemies":"Centurion and Healer","floor":31,"turns":3},{"damage":72,"enemies":"Champ","floor":33,"turns":9}],"event_choices":[{"event_name":"Golden Wing","player_choice":"Card Removal","floor":3,"damage_taken":0},{"event_name":"Living Wall","player_choice":"Forget","floor":4,"damage_taken":0},{"event_name":"The Cleric","player_choice":"Leave","floor":7,"damage_taken":0},{"event_name":"The Joust","player_choice":"Bet on Murderer","floor":19,"damage_taken":0},{"event_name":"Cursed Tome","player_choice":"Obtained Book","floor":28,"damage_taken":0},{"event_name":"The Mausoleum","player_choice":"Yes","floor":29,"damage_taken":0}],"boss_relics":[{"not_picked":["Velvet Choker","Astrolabe"],"picked":"Black Blood"}],"potions_floor_spawned":[8,10,16,18,21,27,30],"seed_played":"8783833053804535802","killed_by":"Champ","ascension_level":0,"is_trial":false}