{"gold_per_floor":[111,111,111,111,12,50,23,59,85,128,128,128,146,171,171,295,295,311,234,54,77,95,95,55,55,55,55,75,90,90,103,103,103],"floor_reached":33,"playtime":1277,"items_purged":[],"score":327,"play_id":"adf61e65-9e96-4cd3-b3d7-ac5f73c8de50","local_time":"20180629033839","is_ascension_mode":true,"campfire_choices":[{"floor":12,"key":"REST"},{"floor":15,"key":"REST"},{"data":"Feed","floor":23,"key":"SMITH"},{"data":"Demon Form","floor":25,"key":"SMITH"},{"data":"J.A.X.","floor":27,"key":"SMITH"},{"floor":32,"key":"REST"}],"neow_cost":"CURSE","seed_source_timestamp":133213532753185,"circlet_count":0,"master_deck":["Defend_R","Defend_R","Defend_R","Defend_R","Bash","Parasite","Feed","Corruption","Dropkick","Trip","Power Through","Twin Strike","Cleave","Demon Form+1","Wild Strike","Carnage","Infernal Blade","Rage","Feed+1","Shrug It Off+1","J.A.X.+1","Entrench","Intimidate","Flame Barrier","Body Slam","Infernal Blade","Bite","Bite","Bite","Bite","Bite","Iron Wave","Dark Embrace"],"relics":["Burning Blood","Golden Idol","Regal Pillow","Boot","Orichalcum","Dream Catcher","Bottled Flame","Snecko Eye","Bag of Marbles","Blue Candle"],"potions_floor_usage":[6,6,6,10,28,28,29,31,33],"damage_taken":[{"damage":5,"enemies":"2 Louse","floor":1,"turns":3},{"damage":30,"enemies":"3 Sentries","floor":6,"turns":11},{"damage":28,"enemies":"Lagavulin","floor":8,"turns":6},{"damage":17,"enemies":"Gremlin Nob","floor":10,"turns":5},{"damage":0,"enemies":"Cultist","floor":13,"turns":4},{"damage":0,"enemies":"Small Slimes","floor":14,"turns":2},{"damage":43,"enemies":"Hexaghost","floor":16,"turns":7},{"damage":0,"enemies":"Spheric Guardian","floor":18,"turns":3},{"damage":3,"enemies":"Chosen","floor":21,"turns":4},{"damage":39,"enemies":"Snake Plant","floor":22,"turns":5},{"damage":7,"enemies":"Centurion and Healer","floor":28,"turns":4},{"damage":26,"enemies":"Cultist and Chosen","floor":29,"turns":5},{"damage":36,"enemies":"Slaver and Parasite","floor":31,"turns":4},{"damage":100,"enemies":"Collector","floor":33,"turns":7}],"seed_played":"3391946084383195983","potions_obtained":[{"floor":3,"key":"Dexterity Potion"},{"floor":3,"key":"EssenceOfSteel"},{"floor":3,"key":"FearPotion"},{"floor":6,"key":"SpeedPotion"},{"floor":13,"key":"GamblersBrew"},{"floor":14,"key":"BloodPotion"},{"floor":22,"key":"EssenceOfSteel"},{"floor":28,"key":"EssenceOfSteel"},{"floor":31,"key":"Poison Potion"}],"is_trial":false,"path_per_floor":["M","?","?","?","$","E","$","E","T","E","T","R","M","M","R","B",null,"M","?","$","M","M","R","?","R","T","R","M","M","?","M","R"],"character_chosen":"IRONCLAD","items_purchased":["Trip","Twin Strike","Bag of Marbles","Entrench"],"campfire_rested":3,"item_purchase_floors":[5,7,20,20],"current_hp_per_floor":[83,63,63,63,63,42,42,20,20,9,9,49,58,64,89,52,89,89,89,89,89,56,56,56,56,56,56,55,38,38,23,58,0],"gold":103,"neow_bonus":"THREE_RARE_CARDS","is_prod":false,"is_daily":false,"chose_seed":false,"campfire_upgraded":3,"win_rate":0,"timestamp":1530257919,"path_taken":["M","?","?","?","$","E","?","E","T","E","?","R","M","M","R","BOSS","M","?","$","M","M","R","?","R","T","R","M","?","?","?","R","BOSS"],"build_version":"2018-06-28","purchased_purges":0,"victory":false,"max_hp_per_floor":[83,83,83,83,83,86,86,86,86,86,86,86,89,89,89,89,89,89,89,89,89,89,89,89,89,89,89,89,92,64,67,67,67],"card_choices":[{"not_picked":["Bludgeon","Reaper"],"picked":"Feed","floor":0},{"not_picked":["Wild Strike","Rampage"],"picked":"Corruption","floor":1},{"not_picked":["Twin Strike","Perfected Strike"],"picked":"Power Through","floor":6},{"not_picked":["Havoc","Rampage"],"picked":"Cleave","floor":8},{"not_picked":["Heavy Blade","Shrug It Off"],"picked":"Demon Form","floor":10},{"not_picked":["Shrug It Off","Blood for Blood"],"picked":"Wild Strike","floor":12},{"not_picked":["Perfected Strike","Wild Strike"],"picked":"Carnage","floor":13},{"not_picked":["Clash","Wild Strike"],"picked":"Infernal Blade","floor":14},{"not_picked":["Wild Strike","Anger"],"picked":"Rage","floor":15},{"not_picked":["Reaper","Offering"],"picked":"Feed","floor":16},{"not_picked":["Battle Trance","Warcry+1"],"picked":"Shrug It Off+1","floor":18},{"not_picked":["Sword Boomerang","Havoc"],"picked":"Intimidate","floor":21},{"not_picked":["Clash","Corruption+1"],"picked":"Flame Barrier","floor":22},{"not_picked":["Anger","Cleave"],"picked":"Body Slam","floor":28},{"not_picked":["Power Through","Body Slam+1"],"picked":"Infernal Blade","floor":29},{"not_picked":["Shrug It Off","Sword Boomerang"],"picked":"Iron Wave","floor":31},{"not_picked":["Thunderclap+1","Wild Strike"],"picked":"Dark Embrace","floor":32}],"player_experience":357399,"relics_obtained":[{"floor":6,"key":"Regal Pillow"},{"floor":8,"key":"Boot"},{"floor":9,"key":"Orichalcum"},{"floor":10,"key":"Dream Catcher"},{"floor":11,"key":"Bottled Flame"},{"floor":26,"key":"Blue Candle"}],"event_choices":[{"event_name":"Golden Idol","player_choice":"Take Damage","floor":2,"damage_taken":0},{"event_name":"The Lab","player_choice":"Got Potions","floor":3,"damage_taken":0},{"event_name":"Living Wall","player_choice":"Change","floor":4,"damage_taken":0},{"event_name":"Drug Dealer","player_choice":"Got JAXXED","floor":19,"damage_taken":0},{"event_name":"The Woman in Blue","player_choice":"Bought 3 Potions","floor":24,"damage_taken":0},{"event_name":"Vampires","player_choice":"Became a vampire","floor":30,"damage_taken":0}],"boss_relics":[{"not_picked":["Calling Bell","Ectoplasm"],"picked":"Snecko Eye"}],"items_purged_floors":[],"is_endless":false,"potions_floor_spawned":[6,13,14,22,28,31],"killed_by":"Collector","ascension_level":3}