{"path_per_floor":["M","M","?","?","M","R","?","$","T","R","M","?","M","M","R","B",null,"M","?","M","$","M","R"],"character_chosen":"DEFECT","items_purchased":["Seek"],"gold_per_floor":[13,27,0,0,13,13,13,13,13,13,28,28,47,59,59,155,155,173,173,191,32,50,50,50],"floor_reached":24,"campfire_rested":2,"playtime":1315,"current_hp_per_floor":[75,75,75,60,63,63,63,63,63,63,59,75,58,34,56,24,75,42,42,36,36,8,30,0],"items_purged":[],"gold":50,"score":188,"play_id":"c622427b-15af-4fb6-8495-c6ba71d3d761","local_time":"20180430000104","is_prod":false,"is_daily":false,"chose_seed":false,"is_ascension_mode":false,"campfire_upgraded":2,"timestamp":1525060864,"path_taken":["M","M","?","?","M","R","?","$","T","R","?","?","?","M","R","BOSS","M","?","M","$","M","R","M"],"build_version":"2018-04-27v3","seed_source_timestamp":1230816134970715,"purchased_purges":0,"victory":false,"master_deck":["Strike_B","Strike_B+1","Strike_B+1","Defend_B","Defend_B","Zap","Dualcast","Rainbow+1","Fission","Chill","Coolheaded+1","Loop","Redo","Redo","Buffer+1","Doom and Gloom+1","Seek","Cold Snap"],"max_hp_per_floor":[75,75,75,75,75,75,75,75,75,75,75,75,75,75,75,75,75,75,75,75,75,75,75,75],"relics":["Cracked Core","Ornamental Fan","Runic Dome"],"card_choices":[{"not_picked":["Steam Power","Cold Snap"],"picked":"Chill","floor":1},{"not_picked":["Sweeping Beam","Stack"],"picked":"Coolheaded","floor":5},{"not_picked":["Go for the Eyes","Barrage"],"picked":"Loop","floor":11},{"not_picked":["Rebound","White Noise"],"picked":"Redo","floor":13},{"not_picked":["Machine Learning","Echo Form"],"picked":"Redo","floor":16},{"not_picked":["Ball Lightning","Force Field"],"picked":"Buffer","floor":18},{"not_picked":["Skim","Hologram"],"picked":"Doom and Gloom","floor":20},{"not_picked":["Impulse","Skim"],"picked":"Cold Snap","floor":22}],"player_experience":61357,"potions_floor_usage":[2,5,14,20,20],"damage_taken":[{"damage":0,"enemies":"Small Slimes","floor":1,"turns":3},{"damage":0,"enemies":"2 Louse","floor":2,"turns":1},{"damage":6,"enemies":"Cultist","floor":5,"turns":4},{"damage":4,"enemies":"Looter","floor":11,"turns":4},{"damage":17,"enemies":"2 Fungi Beasts","floor":13,"turns":5},{"damage":24,"enemies":"Large Slime","floor":14,"turns":5},{"damage":32,"enemies":"The Guardian","floor":16,"turns":14},{"damage":33,"enemies":"Shell Parasite","floor":18,"turns":8},{"damage":6,"enemies":"Chosen","floor":20,"turns":5},{"damage":28,"enemies":"Centurion and Healer","floor":22,"turns":9},{"damage":43,"enemies":"3 Cultists","floor":24,"turns":5}],"event_choices":[{"event_name":"World of Goop","player_choice":"Left","floor":3,"damage_taken":0},{"event_name":"Shining Light","player_choice":"Entered Light","floor":4,"damage_taken":0},{"event_name":"Purifier","player_choice":"One Purge","floor":7,"damage_taken":0},{"event_name":"Wheel of Change","player_choice":"Full Heal","floor":12,"damage_taken":0},{"event_name":"Upgrade Shrine","player_choice":"Upgraded","floor":19,"damage_taken":0}],"boss_relics":[{"not_picked":["White Beast Statue","Snecko Eye"],"picked":"Runic Dome"}],"potions_floor_spawned":[1,2,11,16,18],"seed_played":"-8921919013709026699","killed_by":"3 Cultists","ascension_level":0,"is_trial":false}