{"gold_per_floor":[119,194,205,7,23,23,37,37,37,37,0,0,35,55,55,156,156,173,173,273,188,9,0,0,14,40,65,65,65,76,101,101,204,204,217,23,298,309,328,328,339,353,353,378,392,410,73,73,73,73],"floor_reached":50,"playtime":2620,"items_purged":[],"score":710,"play_id":"7c165bc8-a0c6-401b-8977-05956891258b","local_time":"20190619222832","is_ascension_mode":true,"campfire_choices":[{"data":"Fission","floor":6,"key":"SMITH"},{"data":"Rainbow","floor":8,"key":"SMITH"},{"data":"Defragment","floor":15,"key":"SMITH"},{"floor":24,"key":"REST"},{"floor":29,"key":"REST"},{"floor":32,"key":"REST"},{"floor":40,"key":"RECALL"},{"floor":49,"key":"REST"}],"neow_cost":"NONE","seed_source_timestamp":3416957735600,"circlet_count":0,"master_deck":["Zap","Dualcast+1","Self Repair","Amplify","Self Repair","Sweeping Beam","Force Field","Creative AI+1","Compile Driver","Fission+1","Chill","Reboot","Rebound","Sunder","Rainbow+1","Static Discharge","Defragment+1","Self Repair","Steam+1","Echo Form","Chaos","Consume","Seek","Chaos","Electrodynamics","Necronomicurse","Reprogram","Defragment","Buffer","Loop","Panache","Regret","Reinforced Body+1","BootSequence","Storm","Double Energy","White Noise","Streamline+1","Writhe"],"relics":["Pandora\u0027s Box","Symbiotic Virus","Happy Flower","Odd Mushroom","Fusion Hammer","Ginger","Meat on the Bone","War Paint","Regal Pillow","Oddly Smooth Stone","Necronomicon","Pocketwatch","Inserter","Bag of Preparation","Torii"],"potions_floor_usage":[5,18,20,25,25,31,38,39,41,42,50,50],"damage_taken":[{"damage":14,"enemies":"Small Slimes","floor":1,"turns":5},{"damage":12,"enemies":"Cultist","floor":3,"turns":5},{"damage":0,"enemies":"Jaw Worm","floor":5,"turns":7},{"damage":0,"enemies":"Exordium Thugs","floor":7,"turns":3},{"damage":8,"enemies":"3 Sentries","floor":13,"turns":4},{"damage":8,"enemies":"The Mushroom Lair","floor":14,"turns":3},{"damage":24,"enemies":"Slime Boss","floor":16,"turns":9},{"damage":16,"enemies":"3 Byrds","floor":18,"turns":3},{"damage":21,"enemies":"Colosseum Slavers","floor":20,"turns":6},{"damage":37,"enemies":"Colosseum Nobs","floor":20,"turns":4},{"damage":10,"enemies":"Chosen","floor":25,"turns":3},{"damage":54,"enemies":"Slavers","floor":27,"turns":4},{"damage":23,"enemies":"Centurion and Healer","floor":30,"turns":3},{"damage":34,"enemies":"Book of Stabbing","floor":31,"turns":5},{"damage":42,"enemies":"Champ","floor":33,"turns":7},{"damage":45,"enemies":"3 Darklings","floor":35,"turns":3},{"damage":0,"enemies":"3 Shapes","floor":38,"turns":3},{"damage":12,"enemies":"Writhing Mass","floor":39,"turns":5},{"damage":36,"enemies":"Sphere and 2 Shapes","floor":41,"turns":5},{"damage":29,"enemies":"3 Darklings","floor":42,"turns":5},{"damage":19,"enemies":"Nemesis","floor":44,"turns":5},{"damage":40,"enemies":"Transient","floor":45,"turns":5},{"damage":35,"enemies":"Maw","floor":46,"turns":6},{"damage":86,"enemies":"Awakened One","floor":50,"turns":5}],"seed_played":"4492575605392621176","potions_obtained":[{"floor":3,"key":"PowerPotion"},{"floor":13,"key":"SpeedPotion"},{"floor":16,"key":"PowerPotion"},{"floor":18,"key":"LiquidBronze"},{"floor":30,"key":"SkillPotion"},{"floor":31,"key":"SteroidPotion"},{"floor":35,"key":"Weak Potion"},{"floor":41,"key":"Dexterity Potion"},{"floor":46,"key":"Energy Potion"}],"is_trial":false,"path_per_floor":["M","?","M","$","M","R","M","R","T","?","$","?","E","?","R","B",null,"M","?","?","?","$","?","R","M","T","E","?","R","M","E","R","B",null,"M","$","?","M","M","R","M","M","T","E","M","M","$","?","R","B"],"character_chosen":"DEFECT","items_purchased":["Reboot","Rebound","Sunder","Darkness","Seek","AttackPotion","Energy Potion","Panache","Torii","AttackPotion"],"campfire_rested":4,"item_purchase_floors":[4,4,4,11,22,22,22,36,47,47],"current_hp_per_floor":[75,68,75,75,75,75,75,75,75,75,75,75,74,75,75,75,75,73,73,38,38,38,38,60,71,71,64,48,75,66,65,75,66,73,61,61,61,68,70,70,67,45,45,59,38,22,22,41,75,0],"gold":73,"neow_bonus":"BOSS_RELIC","is_prod":false,"is_daily":false,"chose_seed":false,"campfire_upgraded":3,"win_rate":0,"timestamp":1560997712,"path_taken":["M","?","M","$","?","R","M","R","T","?","?","?","E","?","R","BOSS","M","?","?","?","$","?","R","?","T","E","?","R","M","E","R","BOSS","M","$","?","M","M","R","?","M","T","E","M","M","$","?","R","BOSS"],"build_version":"2019-06-18","purchased_purges":0,"victory":false,"max_hp_per_floor":[75,75,75,75,75,75,75,75,75,75,75,75,75,75,75,75,75,75,75,75,75,75,75,75,75,75,75,75,75,75,75,75,75,75,75,75,75,75,75,75,75,75,75,75,75,75,75,75,75,75],"card_choices":[{"not_picked":["Sweeping Beam","Hologram"],"picked":"Coolheaded","floor":1},{"not_picked":["Recycle","Compile Driver"],"picked":"Chill","floor":3},{"not_picked":["Streamline","Gash"],"picked":"Rainbow","floor":5},{"not_picked":["Genetic Algorithm","Barrage"],"picked":"Static Discharge","floor":7},{"not_picked":["Auto Shields","Loop"],"picked":"Self Repair","floor":13},{"not_picked":["Go for the Eyes","Barrage"],"picked":"Steam","floor":14},{"not_picked":["Buffer","Thunder Strike"],"picked":"Echo Form","floor":16},{"not_picked":["Darkness","Recycle"],"picked":"Chaos","floor":18},{"not_picked":["Sweeping Beam","Coolheaded"],"picked":"Consume","floor":20},{"not_picked":["Turbo","Stack"],"picked":"Chaos","floor":25},{"not_picked":["Cold Snap","Force Field"],"picked":"Electrodynamics","floor":27},{"not_picked":["Go for the Eyes+1","Cold Snap"],"picked":"Reprogram","floor":30},{"not_picked":["Steam","Stack"],"picked":"Defragment","floor":31},{"not_picked":["Hyperbeam","Amplify"],"picked":"Buffer","floor":33},{"not_picked":["Ball Lightning+1","Sunder"],"picked":"Loop","floor":35},{"not_picked":["Coolheaded","Barrage"],"picked":"Reinforced Body+1","floor":38},{"not_picked":["Rip and Tear","Gash+1"],"picked":"BootSequence","floor":39},{"not_picked":["Hologram","Leap","Cold Snap+1"],"picked":"SKIP","floor":41},{"not_picked":["Leap+1","Doom and Gloom"],"picked":"Storm","floor":42},{"not_picked":["Streamline","Cold Snap+1"],"picked":"Double Energy","floor":44},{"not_picked":["Ball Lightning+1","Self Repair"],"picked":"White Noise","floor":45},{"not_picked":["Hello World+1","Conserve Battery"],"picked":"Streamline+1","floor":46}],"player_experience":1084898,"relics_obtained":[{"floor":9,"key":"Symbiotic Virus"},{"floor":13,"key":"Happy Flower"},{"floor":14,"key":"Odd Mushroom"},{"floor":20,"key":"Ginger"},{"floor":20,"key":"Meat on the Bone"},{"floor":26,"key":"Regal Pillow"},{"floor":27,"key":"Oddly Smooth Stone"},{"floor":28,"key":"Necronomicon"},{"floor":31,"key":"Pocketwatch"},{"floor":44,"key":"Bag of Preparation"}],"event_choices":[{"damage_healed":0,"gold_gain":75,"player_choice":"Touch","damage_taken":7,"max_hp_gain":0,"max_hp_loss":0,"event_name":"FaceTrader","floor":2,"gold_loss":0},{"damage_healed":0,"gold_gain":0,"player_choice":"Upgraded","damage_taken":0,"max_hp_gain":0,"max_hp_loss":0,"event_name":"Upgrade Shrine","floor":10,"gold_loss":0,"cards_upgraded":["Creative AI"]},{"damage_healed":0,"gold_gain":0,"cards_transformed":["Darkness"],"player_choice":"Change","damage_taken":0,"max_hp_gain":0,"max_hp_loss":0,"event_name":"Living Wall","floor":12,"gold_loss":0,"cards_obtained":["Defragment"]},{"damage_healed":0,"gold_gain":0,"player_choice":"Fought Mushrooms","damage_taken":0,"max_hp_gain":0,"max_hp_loss":0,"event_name":"Mushrooms","floor":14,"gold_loss":0},{"cards_removed":["Coolheaded"],"damage_healed":0,"gold_gain":0,"player_choice":"Elegance","damage_taken":0,"max_hp_gain":0,"max_hp_loss":0,"event_name":"Back to Basics","floor":19,"gold_loss":0},{"damage_healed":0,"gold_gain":0,"player_choice":"Fight","damage_taken":0,"max_hp_gain":0,"max_hp_loss":0,"event_name":"Colosseum","floor":20,"gold_loss":0},{"damage_healed":0,"gold_gain":0,"player_choice":"Fought Nobs","damage_taken":0,"max_hp_gain":0,"max_hp_loss":0,"event_name":"Colosseum","floor":20,"gold_loss":0},{"damage_healed":0,"gold_gain":0,"player_choice":"Obtained Relic","damage_taken":0,"relics_obtained":["War Paint"],"max_hp_gain":0,"max_hp_loss":0,"event_name":"Addict","floor":21,"gold_loss":85},{"damage_healed":0,"gold_gain":0,"player_choice":"Paid Fearfully","damage_taken":0,"max_hp_gain":0,"max_hp_loss":0,"event_name":"Masked Bandits","floor":23,"gold_loss":9},{"damage_healed":0,"gold_gain":0,"player_choice":"Obtained Book","damage_taken":16,"max_hp_gain":0,"max_hp_loss":0,"event_name":"Cursed Tome","floor":28,"gold_loss":0},{"damage_healed":0,"gold_gain":275,"player_choice":"Desecrate","damage_taken":0,"max_hp_gain":0,"max_hp_loss":0,"event_name":"Golden Shrine","floor":37,"gold_loss":0,"cards_obtained":["Regret"]},{"damage_healed":19,"gold_gain":0,"player_choice":"Writhe","damage_taken":0,"max_hp_gain":0,"max_hp_loss":0,"event_name":"Winding Halls","floor":48,"gold_loss":0,"cards_obtained":["Writhe"]}],"is_beta":true,"boss_relics":[{"not_picked":["Ectoplasm","White Beast Statue"],"picked":"Fusion Hammer"},{"not_picked":["Astrolabe","Philosopher\u0027s Stone"],"picked":"Inserter"}],"items_purged_floors":[],"is_endless":false,"potions_floor_spawned":[3,13,16,18,30,31,35,41,46],"killed_by":"Awakened One","ascension_level":5}