{"gold_per_floor":[113,126,138,21,21,21,54,54,54,81,81,106,106,126,126,126],"floor_reached":16,"playtime":346,"items_purged":["Strike_R"],"score":236,"play_id":"2e47436c-d391-4745-8440-dc5825ef021c","local_time":"20190706131957","is_ascension_mode":true,"campfire_choices":[{"data":"Bash","floor":6.0,"key":"SMITH"},{"data":"Pommel Strike","floor":11.0,"key":"SMITH"},{"data":"Clothesline","floor":15,"key":"SMITH"}],"neow_cost":"NONE","seed_source_timestamp":64279969937457,"circlet_count":0,"master_deck":["AscendersBane","Strike_R","Strike_R","Strike_R","Defend_R","Defend_R","Defend_R","Defend_R","Bash+1","Cleave","Pommel Strike+1","Clothesline+1","Feel No Pain","Carnage","Flame Barrier"],"special_seed":0,"relics":["Burning Blood","Shuriken","Question Card","Pear","Ginger","Golden Idol"],"potions_floor_usage":[12],"damage_taken":[{"damage":1.0,"enemies":"2 Louse","floor":1.0,"turns":3.0},{"damage":7.0,"enemies":"Jaw Worm","floor":2.0,"turns":4.0},{"damage":3.0,"enemies":"Small Slimes","floor":3.0,"turns":4.0},{"damage":42.0,"enemies":"Lagavulin","floor":7.0,"turns":6.0},{"damage":30.0,"enemies":"Gremlin Nob","floor":10.0,"turns":4.0},{"damage":15,"enemies":"Lagavulin","floor":12,"turns":7},{"damage":3,"enemies":"Blue Slaver","floor":14,"turns":4},{"damage":30,"enemies":"Hexaghost","floor":16,"turns":7}],"seed_played":"-8741522316235898638","potions_obtained":[{"floor":2.0,"key":"PowerPotion"},{"floor":7.0,"key":"Swift Potion"}],"is_trial":false,"path_per_floor":["M","M","M","$","?","R","E","?","T","E","R","E","?","M","R","B"],"character_chosen":"IRONCLAD","items_purchased":["Carnage"],"campfire_rested":0,"item_purchase_floors":[4],"current_hp_per_floor":[73,72,75,75,80,80,44,44,44,30,30,21,21,24,24,0],"gold":126,"neow_bonus":"TRANSFORM_CARD","is_prod":false,"is_daily":false,"chose_seed":false,"campfire_upgraded":3,"win_rate":0,"timestamp":1562444397,"path_taken":["M","M","M","$","?","R","E","?","T","E","R","E","?","M","R","BOSS"],"build_version":"2019-07-05","purchased_purges":1,"victory":false,"max_hp_per_floor":[75,75,75,75,80,80,80,80,80,90,90,90,81,81,81,81],"card_choices":[{"not_picked":["Body Slam","Cleave"],"picked":"Pommel Strike","floor":1.0},{"not_picked":["Twin Strike","Whirlwind"],"picked":"Clothesline","floor":2.0},{"not_picked":["Rampage","Corruption"],"picked":"Feel No Pain","floor":3.0},{"not_picked":["Heavy Blade","Evolve"],"picked":"Flame Barrier","floor":7.0},{"not_picked":["Dual Wield","Heavy Blade","Uppercut","Entrench"],"picked":"SKIP","floor":10.0},{"not_picked":["Flex","Rage","Whirlwind","Seeing Red"],"picked":"SKIP","floor":12},{"not_picked":["Fire Breathing","Body Slam","Twin Strike","Wild Strike"],"picked":"SKIP","floor":14}],"player_experience":838061,"relics_obtained":[{"floor":7.0,"key":"Shuriken"},{"floor":9.0,"key":"Question Card"},{"floor":10.0,"key":"Pear"},{"floor":12,"key":"Ginger"}],"event_choices":[{"damage_healed":0.0,"max_hp_gain":5.0,"max_hp_loss":0.0,"gold_gain":0.0,"event_name":"Big Fish","player_choice":"Donut","floor":5.0,"gold_loss":0.0,"damage_taken":0.0},{"damage_healed":0.0,"max_hp_gain":0.0,"max_hp_loss":0.0,"gold_gain":0.0,"event_name":"Liars Game","player_choice":"Ignored","floor":8.0,"gold_loss":0.0,"damage_taken":0.0},{"damage_healed":0,"gold_gain":0,"player_choice":"Lose Max HP","damage_taken":0,"relics_obtained":["Golden Idol"],"max_hp_gain":0,"max_hp_loss":9,"event_name":"Golden Idol","floor":13,"gold_loss":0}],"is_beta":false,"boss_relics":[],"items_purged_floors":[4],"is_endless":false,"potions_floor_spawned":[2,7],"killed_by":"Hexaghost","ascension_level":20}