{"gold_per_floor":[117,136,154,174,188,188,222,234,269,306,333,345],"floor_reached":12,"playtime":624,"items_purged":[],"score":129,"play_id":"53f559de-79f6-428e-bcd5-ae4dd534774d","local_time":"20190704034657","is_ascension_mode":true,"campfire_choices":[{"data":"Rampage","floor":6,"key":"SMITH"}],"neow_cost":"NONE","seed_source_timestamp":11364842642900,"circlet_count":0,"master_deck":["Strike_R","Strike_R+1","Strike_R+1","Strike_R","Strike_R","Defend_R","Defend_R","Defend_R","Defend_R","Bash","Seeing Red","Rampage+1","True Grit","Sentinel","Clash","Battle Trance"],"relics":["Burning Blood","MawBank","Potion Belt","Whetstone"],"potions_floor_usage":[5,7,10,12],"damage_taken":[{"damage":0,"enemies":"Small Slimes","floor":1,"turns":3},{"damage":7,"enemies":"Jaw Worm","floor":2,"turns":3},{"damage":1,"enemies":"Cultist","floor":3,"turns":3},{"damage":0,"enemies":"Exordium Wildlife","floor":4,"turns":3},{"damage":5,"enemies":"Exordium Thugs","floor":5,"turns":4},{"damage":45,"enemies":"3 Sentries","floor":7,"turns":11},{"damage":37,"enemies":"Lagavulin","floor":10,"turns":7},{"damage":9,"enemies":"3 Louse","floor":11,"turns":4},{"damage":23,"enemies":"3 Sentries","floor":12,"turns":4}],"seed_played":"5700765212161521535","potions_obtained":[{"floor":3,"key":"Weak Potion"},{"floor":4,"key":"Explosive Potion"},{"floor":7,"key":"Dexterity Potion"},{"floor":11,"key":"SteroidPotion"}],"is_trial":false,"path_per_floor":["M","M","M","M","M","R","E","$","T","E","M","E"],"character_chosen":"IRONCLAD","items_purchased":[],"campfire_rested":0,"item_purchase_floors":[],"current_hp_per_floor":[86,85,88,88,88,88,49,49,49,18,15,0],"gold":345,"neow_bonus":"TEN_PERCENT_HP_BONUS","is_prod":false,"is_daily":false,"chose_seed":false,"campfire_upgraded":1,"win_rate":0,"timestamp":1562226417,"path_taken":["M","M","M","M","M","R","E","$","T","E","M","E"],"build_version":"2019-07-03","purchased_purges":0,"victory":false,"max_hp_per_floor":[88,88,88,88,88,88,88,88,88,88,88,88],"card_choices":[{"not_picked":["Armaments","Havoc"],"picked":"Seeing Red","floor":1},{"not_picked":["Anger","Metallicize"],"picked":"Rampage","floor":2},{"not_picked":["Sentinel","Combust"],"picked":"True Grit","floor":3},{"not_picked":["Twin Strike","Cleave"],"picked":"Sentinel","floor":4},{"not_picked":["Flex","Uppercut","Iron Wave"],"picked":"SKIP","floor":5},{"not_picked":["Havoc","Heavy Blade","Twin Strike"],"picked":"SKIP","floor":7},{"not_picked":["Uppercut","Twin Strike"],"picked":"Clash","floor":10},{"not_picked":["Intimidate","Combust"],"picked":"Battle Trance","floor":11}],"player_experience":1185454,"relics_obtained":[{"floor":7,"key":"MawBank"},{"floor":9,"key":"Potion Belt"},{"floor":10,"key":"Whetstone"}],"event_choices":[],"is_beta":true,"boss_relics":[],"items_purged_floors":[],"is_endless":false,"potions_floor_spawned":[3,4,7,11],"killed_by":"3 Sentries","ascension_level":8}