{"path_per_floor":["M","M","?","M","$","R","M","R","T","R","?","?","R","?","R","B",null,"M","?","T","$","M","?","$"],"character_chosen":"IRONCLAD","items_purchased":["Blue Candle","Inflame"],"gold_per_floor":[217,230,230,244,169,169,189,189,238,238,238,413,413,413,413,532,532,555,555,579,201,221,221,96,96],"floor_reached":25,"campfire_rested":1,"playtime":758,"current_hp_per_floor":[80,80,80,80,80,80,79,79,79,79,79,79,79,59,80,80,80,66,66,66,66,45,45,45,0],"items_purged":["Defend_R","Doubt","Strike_R"],"gold":96,"score":237,"play_id":"adb6f632-7bd1-432e-8323-baf6728ec173","local_time":"20180416173100","is_prod":false,"is_daily":false,"chose_seed":false,"is_ascension_mode":false,"campfire_upgraded":4,"timestamp":1523914260,"path_taken":["M","M","?","M","$","R","M","R","T","R","?","?","R","?","R","BOSS","M","?","?","$","?","?","$","E"],"build_version":"2018-04-12","seed_source_timestamp":84796587260112,"purchased_purges":3,"victory":false,"master_deck":["Strike_R","Strike_R+1","Strike_R+1","Strike_R+1","Defend_R","Defend_R","Bash+1","Clash+1","Bash+1","Limit Break+1","Inflame"],"max_hp_per_floor":[80,80,80,80,80,80,80,80,80,80,80,80,80,80,80,80,80,80,80,80,80,80,80,80,80],"relics":["Burning Blood","Ancient Tea Set","Golden Idol","White Beast Statue","Girya","Whetstone","Blue Candle"],"card_choices":[{"not_picked":["Clothesline","Rupture"],"picked":"Clash","floor":2}],"player_experience":665524,"potions_floor_usage":[16,16,25,25],"damage_taken":[{"damage":0,"enemies":"2 Louse","floor":1,"turns":2},{"damage":4,"enemies":"Cultist","floor":2,"turns":4},{"damage":0,"enemies":"Small Slimes","floor":4,"turns":3},{"damage":7,"enemies":"3 Louse","floor":7,"turns":4},{"damage":0,"enemies":"Slime Boss","floor":16,"turns":5},{"damage":20,"enemies":"Chosen","floor":18,"turns":4},{"damage":27,"enemies":"Spheric Guardian","floor":22,"turns":4},{"damage":49,"enemies":"Book of Stabbing","floor":25,"turns":4}],"event_choices":[{"event_name":"Match and Keep!","player_choice":"2 cards matched","floor":3,"damage_taken":0},{"event_name":"Upgrade Shrine","player_choice":"Upgraded","floor":11,"damage_taken":0},{"event_name":"Liars Game","player_choice":"agreed","floor":12,"damage_taken":0},{"event_name":"Golden Idol","player_choice":"Take Damage","floor":14,"damage_taken":0},{"event_name":"Wheel of Change","player_choice":"Relic","floor":19,"damage_taken":0},{"event_name":"Back to Basics","player_choice":"Elegance","floor":23,"damage_taken":0}],"boss_relics":[{"not_picked":["Cursed Key","Black Star"],"picked":"White Beast Statue"}],"potions_floor_spawned":[2,7,18,22],"seed_played":"-5775019581624210618","killed_by":"Book of Stabbing","ascension_level":0,"is_trial":false}