{"path_per_floor":["M","M","M","?","?","E","R","M","T","M","$","R","M","M","R","B",null,"M","M","?","M","?"],"character_chosen":"IRONCLAD","items_purchased":["Dodecahedron"],"gold_per_floor":[113,126,146,146,146,181,181,193,241,256,8,8,25,44,44,142,142,156,175,75,94,94],"floor_reached":23,"campfire_rested":0,"playtime":1161,"current_hp_per_floor":[83,86,89,86,86,75,75,91,91,97,97,97,101,101,101,48,101,97,73,73,76,76],"items_purged":[],"gold":94,"score":220,"play_id":"91862849-532e-4b16-96a4-40a11e9df895","local_time":"20180310003057","is_prod":false,"is_daily":false,"is_ascension_mode":false,"campfire_upgraded":3,"timestamp":1520659857,"path_taken":["M","M","?","?","?","E","R","?","T","M","$","R","M","M","R","BOSS","M","M","?","M","?","E"],"build_version":"2018-03-01-PROD1","purchased_purges":0,"victory":false,"master_deck":["Strike_R","Strike_R","Strike_R","Strike_R","Strike_R","Defend_R","Defend_R","Defend_R","Defend_R","Bash","Feed+1","Uppercut","Armaments","Ghostly Armor","Reaper+1","Clothesline","Thunderclap+1","Body Slam","Thunderclap","Fiend Fire","Shockwave","Shockwave","J.A.X.","Shockwave"],"max_hp_per_floor":[83,86,89,89,89,89,89,93,93,97,97,97,101,101,101,101,101,101,101,101,101,101],"relics":["Burning Blood","Bag of Preparation","Du-Vu Doll","Vajra","Dodecahedron","Black Star","Bag of Marbles"],"card_choices":[{"not_picked":["Brutality","Juggernaut"],"picked":"Feed"},{"not_picked":["Warcry","Shockwave"],"picked":"Uppercut"},{"not_picked":["Headbutt","Perfected Strike"],"picked":"Armaments"},{"not_picked":["Disarm","Warcry"],"picked":"Ghostly Armor"},{"not_picked":["Body Slam","Anger"],"picked":"Reaper"},{"not_picked":["True Grit","Headbutt"],"picked":"Clothesline"},{"not_picked":["Sword Boomerang","Power Through"],"picked":"Thunderclap"},{"not_picked":["Headbutt","Wild Strike"],"picked":"Body Slam"},{"not_picked":["Immolate","Whirlwind"],"picked":"Thunderclap"},{"not_picked":["Dark Embrace","Juggernaut"],"picked":"Fiend Fire"},{"not_picked":["Iron Wave","Disarm"],"picked":"Shockwave"},{"not_picked":["Sword Boomerang","Carnage"],"picked":"Shockwave"},{"not_picked":["Headbutt","Iron Wave"],"picked":"Shockwave"}],"player_experience":381283,"potions_floor_usage":[6,10,16,21,21],"damage_taken":[{"damage":0,"enemies":"Cultist","floor":1,"turns":2},{"damage":2,"enemies":"2 Louse","floor":2,"turns":2},{"damage":0,"enemies":"Small Slimes","floor":3,"turns":3},{"damage":17,"enemies":"3 Sentries","floor":6,"turns":13},{"damage":0,"enemies":"3 Louse","floor":8,"turns":5},{"damage":7,"enemies":"Large Slime","floor":10,"turns":9},{"damage":3,"enemies":"Lots of Slimes","floor":13,"turns":3},{"damage":0,"enemies":"2 Fungi Beasts","floor":14,"turns":2},{"damage":71,"enemies":"Hexaghost","floor":16,"turns":13},{"damage":10,"enemies":"Chosen","floor":18,"turns":4},{"damage":30,"enemies":"Spheric Guardian","floor":19,"turns":4},{"damage":27,"enemies":"Centurion and Healer","floor":21,"turns":8},{"damage":80,"enemies":"Gremlin Leader","floor":23,"turns":3}],"event_choices":[{"event_name":"Scrap Ooze","player_choice":"success","floor":4,"damage_taken":3},{"event_name":"Purifier","player_choice":"One Purge","floor":5,"damage_taken":0},{"event_name":"Drug Dealer","player_choice":"Got JAXXED","floor":20,"damage_taken":0},{"event_name":"Accursed Blacksmith","player_choice":"Rummage","floor":22,"damage_taken":0}],"boss_relics":[{"not_picked":["Runic Dome","Velvet Choker"],"picked":"Black Star"}],"potions_floor_spawned":[2,6,10,18,19],"seed_played":"-1748309389257116822","killed_by":"Gremlin Leader","ascension_level":0,"is_trial":false}