{"gold_per_floor":[113,113,113,127,137,137,170,170,241,270,280,354,187,202,202,277,277,287,287,287,11,30,56,68,68],"floor_reached":25,"playtime":882,"items_purged":["Strike_R"],"score":462,"play_id":"41145e53-2ee9-447f-82a3-3837d083aa37","local_time":"20190529193304","is_ascension_mode":true,"campfire_choices":[{"data":"Demon Form","floor":6.0,"key":"SMITH"},{"floor":8.0,"key":"REST"},{"data":"Armaments","floor":15.0,"key":"SMITH"}],"neow_cost":"NONE","seed_source_timestamp":1269160158340216,"circlet_count":0,"master_deck":["AscendersBane","Strike_R+1","Strike_R+1","Strike_R+1","Strike_R+1","Defend_R+1","Defend_R+1","Defend_R+1","Defend_R+1","Bash+1","Demon Form+1","Reckless Charge","Shrug It Off","Battle Trance","True Grit","Whirlwind","Armaments+1","Offering","True Grit"],"special_seed":0,"relics":["Burning Blood","Potion Belt","Self Forming Clay","Pantograph","Snecko Eye","Nilry\u0027s Codex","Meat on the Bone","The Courier"],"potions_floor_usage":[23],"damage_taken":[{"damage":1.0,"enemies":"Cultist","floor":1.0,"turns":3.0},{"damage":5.0,"enemies":"2 Louse","floor":4.0,"turns":4.0},{"damage":5.0,"enemies":"Small Slimes","floor":5.0,"turns":4.0},{"damage":40.0,"enemies":"3 Sentries","floor":7.0,"turns":9.0},{"damage":45.0,"enemies":"Gremlin Nob","floor":10.0,"turns":5.0},{"damage":10.0,"enemies":"Blue Slaver","floor":11.0,"turns":4.0},{"damage":0.0,"enemies":"3 Louse","floor":14.0,"turns":4.0},{"damage":33.0,"enemies":"Slime Boss","floor":16.0,"turns":6.0},{"damage":6.0,"enemies":"3 Byrds","floor":18.0,"turns":4.0},{"damage":22.0,"enemies":"Spheric Guardian","floor":22.0,"turns":4.0},{"damage":27,"enemies":"Slavers","floor":23,"turns":5},{"damage":9,"enemies":"Snecko","floor":24,"turns":4},{"damage":47,"enemies":"Gremlin Leader","floor":25,"turns":4}],"seed_played":"6564717931314166833","potions_obtained":[{"floor":4.0,"key":"PowerPotion"},{"floor":5.0,"key":"Energy Potion"},{"floor":10.0,"key":"Dexterity Potion"},{"floor":16.0,"key":"Fire Potion"},{"floor":22.0,"key":"Dexterity Potion"}],"is_trial":false,"path_per_floor":["M","?","?","M","M","R","E","R","T","E","M","?","$","M","R","B",null,"M","?","?","$","M","E","M","E"],"character_chosen":"IRONCLAD","items_purchased":["True Grit","Whirlwind","Meat on the Bone"],"campfire_rested":1,"item_purchase_floors":[13,13,21],"current_hp_per_floor":[73,78,78,79,80,80,46,70,70,31,27,27,27,33,33,31,68,68,68,47,47,43,34,43,0],"gold":68,"neow_bonus":"UPGRADE_CARD","is_prod":false,"is_daily":false,"chose_seed":false,"campfire_upgraded":2,"win_rate":0,"timestamp":1559183584,"path_taken":["M","?","?","M","M","R","E","R","T","E","?","?","$","M","R","BOSS","M","?","?","$","?","E","M","E"],"build_version":"2019-01-23","purchased_purges":1,"victory":false,"max_hp_per_floor":[75,80,80,80,80,80,80,80,80,80,80,80,80,80,80,80,80,80,80,80,80,80,80,80,80],"card_choices":[{"not_picked":["Clash","Sentinel","Flex"],"picked":"SKIP","floor":1.0},{"not_picked":["Pommel Strike","Shockwave"],"picked":"Reckless Charge","floor":4.0},{"not_picked":["Iron Wave","Clash"],"picked":"Shrug It Off","floor":5.0},{"not_picked":["Clothesline","Cleave","Flex"],"picked":"SKIP","floor":7.0},{"not_picked":["Spot Weakness","Infernal Blade","Second Wind"],"picked":"SKIP","floor":10.0},{"not_picked":["Reckless Charge","Juggernaut"],"picked":"Battle Trance","floor":11.0},{"not_picked":["Whirlwind","Clash"],"picked":"Armaments","floor":14.0},{"not_picked":["Berserk","Immolate"],"picked":"Offering","floor":16.0},{"not_picked":["Armaments","Dual Wield","Cleave"],"picked":"SKIP","floor":18.0},{"not_picked":["Reckless Charge+1","Perfected Strike"],"picked":"True Grit","floor":22.0},{"not_picked":["Body Slam","Havoc","Dropkick"],"picked":"SKIP","floor":23},{"not_picked":["Thunderclap","Headbutt","Heavy Blade"],"picked":"SKIP","floor":24}],"player_experience":748406,"relics_obtained":[{"floor":7.0,"key":"Potion Belt"},{"floor":9.0,"key":"Self Forming Clay"},{"floor":10.0,"key":"Pantograph"},{"floor":20.0,"key":"Nilry\u0027s Codex"},{"floor":23,"key":"The Courier"}],"event_choices":[{"damage_healed":0.0,"max_hp_gain":5.0,"max_hp_loss":0.0,"gold_gain":0.0,"event_name":"Big Fish","player_choice":"Donut","floor":2.0,"gold_loss":0.0,"damage_taken":0.0},{"damage_healed":0.0,"max_hp_gain":0.0,"max_hp_loss":0.0,"gold_gain":0.0,"event_name":"Match and Keep!","player_choice":"1 cards matched","floor":3.0,"gold_loss":0.0,"damage_taken":0.0,"cards_obtained":["Demon Form"]},{"damage_healed":0.0,"max_hp_gain":0.0,"max_hp_loss":0.0,"gold_gain":74.0,"event_name":"Golden Wing","player_choice":"Gained Gold","floor":12.0,"gold_loss":0.0,"damage_taken":0.0},{"damage_healed":0.0,"max_hp_gain":0.0,"max_hp_loss":0.0,"gold_gain":0.0,"event_name":"Back to Basics","player_choice":"Simplicity","floor":19.0,"gold_loss":0.0,"damage_taken":0.0,"cards_upgraded":["Strike_R","Strike_R","Strike_R","Strike_R","Defend_R","Defend_R","Defend_R","Defend_R"]},{"damage_healed":0.0,"max_hp_gain":0.0,"max_hp_loss":0.0,"gold_gain":0.0,"event_name":"Cursed Tome","player_choice":"Obtained Book","floor":20.0,"gold_loss":0.0,"damage_taken":21.0}],"is_beta":false,"boss_relics":[{"not_picked":["Sozu","Astrolabe"],"picked":"Snecko Eye"}],"items_purged_floors":[13],"is_endless":false,"potions_floor_spawned":[4,5,10,16,22],"killed_by":"Gremlin Leader","ascension_level":20}