{"gold_per_floor":[116,134,134,150,168,168,195,215,241,261,261,171,204,218,218,293,293,267,55,55,68,88,123,123,143,143,143,143,143,157,192,192,266,266,277,377,302,322,191,217,217,251,251,266,266,282,299,299,299,299,299,299,299,42,75,75],"floor_reached":56,"playtime":3214,"items_purged":["Strike_R","Strike_R","Doubt","Strike_R"],"score":1968,"play_id":"39dfb429-f340-481f-a55b-51e9ec7f5fcf","local_time":"20190602154816","is_ascension_mode":true,"campfire_choices":[{"data":"Pommel Strike","floor":6.0,"key":"SMITH"},{"data":"Armaments","floor":11.0,"key":"SMITH"},{"data":"Inflame","floor":15.0,"key":"SMITH"},{"data":"Demon Form","floor":24.0,"key":"SMITH"},{"floor":27.0,"key":"REST"},{"data":"Battle Trance","floor":29.0,"key":"SMITH"},{"floor":32,"key":"REST"},{"floor":41,"key":"RECALL"},{"data":"Shockwave","floor":45,"key":"SMITH"},{"data":"Disarm","floor":49,"key":"SMITH"},{"data":"Feel No Pain","floor":53,"key":"SMITH"}],"neow_cost":"NONE","seed_source_timestamp":1598840032570904,"circlet_count":0,"master_deck":["AscendersBane","Defend_R","Defend_R","Defend_R","Defend_R","Bash","Shockwave+1","Pommel Strike+1","Inflame+1","Shrug It Off","Armaments+1","Battle Trance+1","Shrug It Off","Inflame","Impervious","Feed","Demon Form+1","Ghostly","Ghostly","Ghostly","Body Slam","Shrug It Off+1","Feel No Pain+1","Reaper","Body Slam+1","Searing Blow","Disarm+1","Exhume","Discovery","Juggernaut","Disarm"],"special_seed":0,"relics":["Burning Blood","Pen Nib","Bottled Tornado","Smiling Mask","Oddly Smooth Stone","Velvet Choker","Omamori","Letter Opener","Sundial","Calling Bell","Art of War","Dodecahedron","Unceasing Top","Torii","Mercury Hourglass","Centennial Puzzle","Self Forming Clay"],"potions_floor_usage":[36,40,51,56,56],"damage_taken":[{"damage":6.0,"enemies":"Jaw Worm","floor":1.0,"turns":5.0},{"damage":6.0,"enemies":"Small Slimes","floor":2.0,"turns":4.0},{"damage":0.0,"enemies":"Cultist","floor":4.0,"turns":3.0},{"damage":23.0,"enemies":"Lots of Slimes","floor":5.0,"turns":6.0},{"damage":22.0,"enemies":"3 Sentries","floor":7.0,"turns":10.0},{"damage":7.0,"enemies":"Large Slime","floor":8.0,"turns":8.0},{"damage":4.0,"enemies":"3 Louse","floor":10.0,"turns":4.0},{"damage":0.0,"enemies":"Lagavulin","floor":13.0,"turns":6.0},{"damage":6.0,"enemies":"Exordium Wildlife","floor":14.0,"turns":4.0},{"damage":31.0,"enemies":"The Guardian","floor":16.0,"turns":13.0},{"damage":11.0,"enemies":"2 Thieves","floor":18.0,"turns":4.0},{"damage":5.0,"enemies":"Spheric Guardian","floor":21.0,"turns":6.0},{"damage":0.0,"enemies":"Shelled Parasite and Fungi","floor":22.0,"turns":6.0},{"damage":25.0,"enemies":"Gremlin Leader","floor":23.0,"turns":7.0},{"damage":3.0,"enemies":"3 Cultists","floor":25.0,"turns":6.0},{"damage":0.0,"enemies":"Snecko","floor":30.0,"turns":9.0},{"damage":19,"enemies":"Slavers","floor":31,"turns":9},{"damage":10,"enemies":"Automaton","floor":33,"turns":10},{"damage":8,"enemies":"3 Darklings","floor":35,"turns":8},{"damage":17,"enemies":"Mind Bloom Boss Battle","floor":36,"turns":9},{"damage":0,"enemies":"Orb Walker","floor":38,"turns":3},{"damage":7,"enemies":"Reptomancer","floor":40,"turns":10},{"damage":56,"enemies":"Giant Head","floor":42,"turns":8},{"damage":16,"enemies":"Transient","floor":44,"turns":6},{"damage":2,"enemies":"Maw","floor":46,"turns":8},{"damage":1,"enemies":"4 Shapes","floor":47,"turns":9},{"damage":15,"enemies":"Awakened One","floor":50,"turns":19},{"damage":72,"enemies":"Donu and Deca","floor":51,"turns":13},{"damage":59,"enemies":"Shield and Spear","floor":55,"turns":9},{"damage":63,"enemies":"The Heart","floor":56,"turns":8}],"seed_played":"6600241078961383181","potions_obtained":[{"floor":1.0,"key":"Dexterity Potion"},{"floor":2.0,"key":"FearPotion"},{"floor":14.0,"key":"SpeedPotion"},{"floor":38,"key":"Fruit Juice"},{"floor":44,"key":"FearPotion"}],"is_trial":false,"path_per_floor":["M","M","?","M","M","R","E","M","T","M","R","$","E","M","R","B",null,"M","$","?","M","M","E","R","M","T","R","?","R","M","E","R","B",null,"M","?","?","M","$","E","R","E","T","M","R","M","M","?","R","B","B",null,"R","$","E","B"],"character_chosen":"IRONCLAD","items_purchased":["Inflame","Demon Form","Exhume","Juggernaut","PowerPotion"],"campfire_rested":2,"item_purchase_floors":[12,19,39,54,54],"current_hp_per_floor":[68,68,68,74,57,57,41,40,40,42,42,42,48,48,48,23,62,60,60,39,42,45,29,29,35,35,50,37,37,43,34,52,51,60,63,66,66,69,69,77,77,48,48,38,38,62,73,73,73,87,87,89,89,89,39,0],"gold":75,"neow_bonus":"RANDOM_COMMON_RELIC","is_prod":false,"is_daily":false,"chose_seed":false,"campfire_upgraded":8,"win_rate":0,"timestamp":1559515696,"path_taken":["M","M","?","M","M","R","E","M","T","M","R","$","E","M","R","BOSS","M","$","?","M","M","E","R","M","T","R","?","R","M","E","R","BOSS","M","?","?","?","$","E","R","E","T","M","R","M","?","?","R","BOSS","BOSS","R","$","E","BOSS"],"build_version":"2019-01-23","purchased_purges":4,"victory":false,"max_hp_per_floor":[75,75,75,75,75,75,75,75,75,75,75,75,75,75,75,75,75,78,78,39,42,45,48,48,51,51,51,56,56,56,60,60,63,63,63,66,66,69,69,77,77,77,77,77,77,77,81,81,81,87,90,90,90,90,93,93],"card_choices":[{"not_picked":["Rage","Flex"],"picked":"Shockwave","floor":1.0},{"not_picked":["Perfected Strike","Body Slam"],"picked":"Pommel Strike","floor":2.0},{"not_picked":["Perfected Strike","Whirlwind"],"picked":"Inflame","floor":4.0},{"not_picked":["Whirlwind","Ghostly Armor"],"picked":"Shrug It Off","floor":5.0},{"not_picked":["Wild Strike","Intimidate"],"picked":"Armaments","floor":7.0},{"not_picked":["Evolve","Flex"],"picked":"Battle Trance","floor":8.0},{"not_picked":["Sword Boomerang","Heavy Blade"],"picked":"Shrug It Off","floor":10.0},{"not_picked":["Cleave","Wild Strike"],"picked":"Impervious","floor":13.0},{"not_picked":["Pommel Strike","Wild Strike","Power Through"],"picked":"SKIP","floor":14.0},{"not_picked":["Juggernaut","Barricade"],"picked":"Feed","floor":16.0},{"not_picked":["Iron Wave","Rage","Bloodletting"],"picked":"SKIP","floor":18.0},{"not_picked":["Iron Wave","Wild Strike"],"picked":"Body Slam","floor":21.0},{"not_picked":["Wild Strike","Havoc"],"picked":"Shrug It Off+1","floor":22.0},{"not_picked":["Power Through","Pommel Strike"],"picked":"Feel No Pain","floor":23.0},{"not_picked":["Havoc","Anger","Armaments"],"picked":"SKIP","floor":25.0},{"not_picked":["Infernal Blade","Power Through","Battle Trance"],"picked":"SKIP","floor":30.0},{"not_picked":["Carnage","Searing Blow","Rampage"],"picked":"SKIP","floor":31},{"not_picked":["Limit Break","Fiend Fire"],"picked":"Reaper","floor":33},{"not_picked":["Iron Wave+1","Wild Strike+1"],"picked":"Body Slam+1","floor":35},{"not_picked":["Rupture","Headbutt","Berserk"],"picked":"SKIP","floor":38},{"not_picked":["Pommel Strike","Flame Barrier","Anger"],"picked":"SKIP","floor":40},{"not_picked":["Headbutt","Battle Trance","Entrench+1"],"picked":"SKIP","floor":42},{"not_picked":["Combust","Dropkick","Corruption"],"picked":"SKIP","floor":44},{"not_picked":["Armaments+1","Pommel Strike","Combust"],"picked":"SKIP","floor":46},{"not_picked":["Perfected Strike+1","Thunderclap","Evolve"],"picked":"SKIP","floor":47},{"not_picked":["Finesse","Blind"],"picked":"Discovery","floor":48},{"not_picked":["Fire Breathing+1","Feed"],"picked":"Disarm","floor":55}],"player_experience":774214,"relics_obtained":[{"floor":7.0,"key":"Bottled Tornado"},{"floor":9.0,"key":"Smiling Mask"},{"floor":13.0,"key":"Oddly Smooth Stone"},{"floor":23.0,"key":"Omamori"},{"floor":26.0,"key":"Letter Opener"},{"floor":31,"key":"Sundial"},{"floor":34,"key":"Art of War"},{"floor":34,"key":"Dodecahedron"},{"floor":34,"key":"Unceasing Top"},{"floor":36,"key":"Torii"},{"floor":40,"key":"Mercury Hourglass"},{"floor":42,"key":"Centennial Puzzle"},{"floor":55,"key":"Self Forming Clay"}],"event_choices":[{"damage_healed":0.0,"max_hp_gain":0.0,"max_hp_loss":0.0,"gold_gain":0.0,"event_name":"Liars Game","player_choice":"Ignored","floor":3.0,"gold_loss":0.0,"damage_taken":0.0},{"damage_healed":0.0,"max_hp_gain":0.0,"max_hp_loss":39.0,"gold_gain":0.0,"event_name":"Ghosts","player_choice":"Became a Ghost","floor":20.0,"gold_loss":0.0,"damage_taken":0.0,"cards_obtained":["Ghostly","Ghostly","Ghostly"]},{"damage_healed":0.0,"max_hp_gain":5.0,"max_hp_loss":0.0,"gold_gain":0.0,"event_name":"Forgotten Altar","player_choice":"Shed Blood","floor":28.0,"gold_loss":0.0,"damage_taken":18.0},{"damage_healed":0,"gold_gain":0,"player_choice":"Fight","damage_taken":0,"max_hp_gain":0,"max_hp_loss":0,"event_name":"MindBloom","floor":36,"gold_loss":0},{"damage_healed":0,"gold_gain":0,"cards_transformed":["Strike_R","Strike_R"],"player_choice":"Transformed Cards","damage_taken":0,"max_hp_gain":0,"max_hp_loss":0,"event_name":"Designer","floor":37,"gold_loss":75,"cards_obtained":["Searing Blow","Disarm"]},{"damage_healed":0,"gold_gain":0,"player_choice":"Memory 1","damage_taken":0,"max_hp_gain":0,"max_hp_loss":0,"event_name":"SensoryStone","floor":48,"gold_loss":0}],"is_beta":false,"boss_relics":[{"not_picked":["Sozu","Runic Cube"],"picked":"Velvet Choker"},{"not_picked":["White Beast Statue","Orrery"],"picked":"Calling Bell"}],"items_purged_floors":[12,19,39,54],"is_endless":false,"potions_floor_spawned":[1,2,8,10,14,21,22,25,38,44],"killed_by":"The Heart","ascension_level":20}