{"path_per_floor":["M","M","?","$","M","E","M","M","T","?","E","M","M","?","R","B",null,"M","$","?","T","?","R","E","$","T","M"],"character_chosen":"IRONCLAD","items_purchased":["Bandage Up","Inflame","Dropkick","Darkstone Periapt","Madness"],"gold_per_floor":[114,132,132,37,51,76,96,112,136,136,171,196,216,295,295,418,418,437,66,66,66,66,66,106,10,10,25],"floor_reached":28,"campfire_rested":2,"playtime":1115,"current_hp_per_floor":[72,72,77,77,77,51,57,65,65,46,32,26,36,36,59,17,77,57,57,57,63,55,79,21,21,27,12],"items_purged":[],"gold":25,"score":248,"play_id":"7b7cd7c5-948a-418e-a217-1910c235494d","local_time":"20180308181205","is_prod":false,"is_daily":false,"is_ascension_mode":false,"campfire_upgraded":0,"timestamp":1520550725,"path_taken":["M","M","?","$","M","E","?","M","T","?","E","M","?","?","R","BOSS","M","$","?","?","?","R","E","$","T","M","M"],"build_version":"2018-03-01-PROD1","purchased_purges":0,"victory":false,"master_deck":["Strike_R","Strike_R","Strike_R","Strike_R","Strike_R","Defend_R","Defend_R","Defend_R","Defend_R","Bash","Bloodletting","Spot Weakness","Bandage Up","Cleave","Thunderclap","Dropkick","Immolate","Rupture","Dropkick","Infernal Blade","Disarm","Brutality","Flex+1","Inflame","Dropkick","Doubt","Feed","Flex","Madness","Pain","Uppercut"],"max_hp_per_floor":[72,72,77,77,77,77,77,77,77,77,77,77,77,77,77,77,77,77,77,77,83,83,83,83,83,89,89],"relics":["Burning Blood","Ice Cream","Mercury Hourglass","Bag of Preparation","Golden Idol","Dream Catcher","Cursed Key","Darkstone Periapt","Anchor","Blue Candle","Champion Belt"],"card_choices":[{"not_picked":["Sentinel","Iron Wave"],"picked":"Bloodletting"},{"not_picked":["Rage","Heavy Blade"],"picked":"Spot Weakness"},{"not_picked":["Wild Strike","Headbutt"],"picked":"Cleave"},{"not_picked":["Sword Boomerang","Iron Wave"],"picked":"Thunderclap"},{"not_picked":["Twin Strike","Havoc"],"picked":"Dropkick"},{"not_picked":["Second Wind","Burning Pact"],"picked":"Immolate"},{"not_picked":["Clothesline","Power Through"],"picked":"Rupture"},{"not_picked":["Armaments","Anger"],"picked":"Dropkick"},{"not_picked":["Sentinel","Wild Strike"],"picked":"Infernal Blade"},{"not_picked":["Anger","Sentinel"],"picked":"Disarm"},{"not_picked":["Offering","Barricade"],"picked":"Brutality"},{"not_picked":["Sword Boomerang","Uppercut"],"picked":"Flex"},{"not_picked":["Armaments","Shrug It Off"],"picked":"Feed"},{"not_picked":["Warcry","Anger"],"picked":"Flex"},{"not_picked":["Armaments","Dual Wield"],"picked":"Uppercut"}],"player_experience":355905,"potions_floor_usage":[2,6,11,12,27],"damage_taken":[{"damage":6,"enemies":"Jaw Worm","floor":1,"turns":5},{"damage":0,"enemies":"2 Louse","floor":2,"turns":2},{"damage":6,"enemies":"Cultist","floor":5,"turns":3},{"damage":36,"enemies":"Lagavulin","floor":6,"turns":6},{"damage":0,"enemies":"Lots of Slimes","floor":7,"turns":1},{"damage":2,"enemies":"2 Fungi Beasts","floor":8,"turns":3},{"damage":30,"enemies":"Gremlin Nob","floor":11,"turns":4},{"damage":16,"enemies":"Blue Slaver","floor":12,"turns":4},{"damage":0,"enemies":"3 Louse","floor":13,"turns":3},{"damage":52,"enemies":"Slime Boss","floor":16,"turns":9},{"damage":26,"enemies":"3 Byrds","floor":18,"turns":4},{"damage":68,"enemies":"Gremlin Leader","floor":24,"turns":8},{"damage":25,"enemies":"2 Thieves","floor":27,"turns":3},{"damage":22,"enemies":"Slaver and Parasite","floor":28,"turns":2}],"event_choices":[{"event_name":"Big Fish","player_choice":"Donut","floor":3,"damage_taken":0},{"event_name":"Golden Idol","player_choice":"Take Damage","floor":10,"damage_taken":0},{"event_name":"Golden Wing","player_choice":"Gained Gold","floor":14,"damage_taken":0},{"event_name":"Drug Dealer","player_choice":"Ignored","floor":20,"damage_taken":0},{"event_name":"Wheel of Change","player_choice":"Damage","floor":22,"damage_taken":0}],"boss_relics":[{"not_picked":["Snecko Eye","Calling Bell"],"picked":"Cursed Key"}],"potions_floor_spawned":[1,2,7,8,16],"seed_played":"-3522616521789166071","killed_by":"Slaver and Parasite","ascension_level":0,"is_trial":false}