{"gold_per_floor":[118,137,150,150,150,181,181,200,252,252,352,392,411,425,425,520,520,534,534,549,549,368,401,401,465,465,288,312,343,374,411,423,526,538,566,578,608,638,673,685,721,766,859,912,939,951,82,101,101,101,101,101,101,47,80,80],"floor_reached":56,"playtime":2565,"items_purged":["Strike_B","Strike_B","Strike_B"],"score":2012,"play_id":"b5be7d5f-dadb-4b39-97d7-9774ab82b79a","local_time":"20190530214241","is_ascension_mode":true,"campfire_choices":[{"floor":7.0,"key":"REST"},{"floor":15.0,"key":"REST"},{"data":"Electrodynamics","floor":24.0,"key":"SMITH"},{"data":"Loop","floor":32.0,"key":"SMITH"},{"floor":40.0,"key":"REST"},{"floor":46.0,"key":"RECALL"},{"data":"Defragment","floor":49.0,"key":"SMITH"},{"data":"Heatsinks","floor":53.0,"key":"SMITH"}],"neow_cost":"PERCENT_DAMAGE","seed_source_timestamp":1361697157785407,"circlet_count":0,"master_deck":["AscendersBane","Strike_B+1","Defend_B","Defend_B","Defend_B","Defend_B","Zap","Dualcast","Electrodynamics+1","Lockon","Defragment+1","Ball Lightning","Conserve Battery","Cold Snap","Amplify","Leap+1","White Noise","Ghostly","Ghostly","Ghostly","Self Repair","Coolheaded","Machine Learning","Doom and Gloom","Sunder+1","Hologram","Loop+1","All For One","Mayhem","Heatsinks+1","Capacitor","Hologram+1","Tempest+1","Apotheosis","Heatsinks+1","Stack","Stack","Stack+1"],"special_seed":0,"relics":["Cracked Core","Dodecahedron","Bronze Scales","Happy Flower","Golden Idol","Bird Faced Urn","Snecko Eye","Strawberry","Tiny Chest","Centennial Puzzle","MawBank","Sozu","Whetstone","Omamori","Strange Spoon","Pantograph","Blood Vial"],"potions_floor_usage":[56],"damage_taken":[{"damage":1.0,"enemies":"2 Louse","floor":1.0,"turns":2.0},{"damage":7.0,"enemies":"Small Slimes","floor":2.0,"turns":3.0},{"damage":1.0,"enemies":"Cultist","floor":3.0,"turns":3.0},{"damage":13.0,"enemies":"Lagavulin","floor":6.0,"turns":5.0},{"damage":11.0,"enemies":"Looter","floor":8.0,"turns":4.0},{"damage":10.0,"enemies":"3 Sentries","floor":12.0,"turns":2.0},{"damage":5.0,"enemies":"Large Slime","floor":13.0,"turns":4.0},{"damage":5.0,"enemies":"2 Fungi Beasts","floor":14.0,"turns":2.0},{"damage":30.0,"enemies":"Hexaghost","floor":16.0,"turns":8.0},{"damage":24.0,"enemies":"2 Thieves","floor":18.0,"turns":3.0},{"damage":6.0,"enemies":"3 Byrds","floor":20.0,"turns":2.0},{"damage":29.0,"enemies":"Gremlin Leader","floor":23.0,"turns":7.0},{"damage":16.0,"enemies":"Book of Stabbing","floor":25.0,"turns":5.0},{"damage":20.0,"enemies":"Centurion and Healer","floor":28.0,"turns":3.0},{"damage":1.0,"enemies":"Slavers","floor":29.0,"turns":4.0},{"damage":1.0,"enemies":"Snecko","floor":30.0,"turns":5.0},{"damage":9.0,"enemies":"Snake Plant","floor":31.0,"turns":2.0},{"damage":38.0,"enemies":"Champ","floor":33.0,"turns":13.0},{"damage":1.0,"enemies":"Orb Walker","floor":35.0,"turns":3.0},{"damage":1.0,"enemies":"3 Shapes","floor":37.0,"turns":3.0},{"damage":16.0,"enemies":"3 Darklings","floor":38.0,"turns":3.0},{"damage":31.0,"enemies":"Writhing Mass","floor":39.0,"turns":7.0},{"damage":5.0,"enemies":"Jaw Worm Horde","floor":41.0,"turns":6.0},{"damage":26.0,"enemies":"Reptomancer","floor":42.0,"turns":5.0},{"damage":35.0,"enemies":"Giant Head","floor":44.0,"turns":6.0},{"damage":6.0,"enemies":"Spire Growth","floor":45.0,"turns":4.0},{"damage":3.0,"enemies":"4 Shapes","floor":48.0,"turns":3.0},{"damage":17.0,"enemies":"Donu and Deca","floor":50.0,"turns":4.0},{"damage":2.0,"enemies":"Time Eater","floor":51.0,"turns":9.0},{"damage":15.0,"enemies":"Shield and Spear","floor":55.0,"turns":8.0},{"damage":46,"enemies":"The Heart","floor":56,"turns":3}],"seed_played":"-1429510576726607234","potions_obtained":[{"floor":2.0,"key":"Block Potion"},{"floor":6.0,"key":"PowerPotion"},{"floor":8.0,"key":"PowerPotion"},{"floor":13.0,"key":"EssenceOfSteel"},{"floor":23.0,"key":"Swift Potion"},{"floor":25.0,"key":"SteroidPotion"},{"floor":29.0,"key":"GamblersBrew"},{"floor":30.0,"key":"Energy Potion"},{"floor":33.0,"key":"FocusPotion"}],"is_trial":false,"path_per_floor":["M","M","M","?","?","E","R","M","T","?","?","E","M","M","R","B",null,"M","?","M","?","$","E","R","E","T","$","M","E","M","M","R","B",null,"M","?","M","M","M","R","M","E","T","E","M","R","$","M","R","B","B",null,"R","$","E","B"],"character_chosen":"DEFECT","items_purchased":["Self Repair","Coolheaded","Doom and Gloom","Strange Spoon","Pantograph","Apotheosis","Heatsinks","Stack"],"campfire_rested":3,"item_purchase_floors":[22,22,27,47,47,47,47,54],"current_hp_per_floor":[45,38,37,42,24,11,33,22,22,22,22,12,11,10,30,4,53,33,33,27,27,27,24,24,23,23,23,13,23,35,41,41,18,35,40,35,40,32,19,31,41,26,26,20,24,24,24,37,37,41,41,41,41,41,41,0],"gold":80,"neow_bonus":"THREE_RARE_CARDS","is_prod":false,"is_daily":false,"chose_seed":false,"campfire_upgraded":4,"win_rate":0,"timestamp":1559277761,"path_taken":["M","M","M","?","?","E","R","M","T","?","?","E","?","M","R","BOSS","M","?","M","?","$","E","R","E","T","$","M","E","M","M","R","BOSS","M","?","M","M","M","R","M","E","T","E","M","R","$","M","R","BOSS","BOSS","R","$","E","BOSS"],"build_version":"2019-01-23","purchased_purges":3,"victory":false,"max_hp_per_floor":[71,71,71,76,76,76,76,76,76,69,69,69,69,69,69,69,69,69,69,69,34,34,41,41,41,41,41,41,41,41,41,41,41,41,41,41,41,41,41,41,41,41,41,41,41,41,41,41,41,41,41,41,41,41,41,41],"card_choices":[{"not_picked":["Biased Cognition","Hyperbeam"],"picked":"Electrodynamics","floor":0.0},{"not_picked":["Stack","Beam Cell","Barrage"],"picked":"SKIP","floor":1.0},{"not_picked":["BootSequence","Chaos"],"picked":"Lockon","floor":2.0},{"not_picked":["Stack","Heatsinks","Beam Cell"],"picked":"SKIP","floor":3.0},{"not_picked":["Beam Cell","Aggregate"],"picked":"Defragment","floor":6.0},{"not_picked":["FTL","Genetic Algorithm"],"picked":"Ball Lightning","floor":8.0},{"not_picked":["Rebound","Hologram"],"picked":"Conserve Battery","floor":12.0},{"not_picked":["FTL","Recycle"],"picked":"Cold Snap","floor":13.0},{"not_picked":["Auto Shields","Leap","Cold Snap"],"picked":"SKIP","floor":14.0},{"not_picked":["Hyperbeam","Thunder Strike"],"picked":"Amplify","floor":16.0},{"not_picked":["Cold Snap","Steam Power"],"picked":"Leap+1","floor":18.0},{"not_picked":["Aggregate","Cold Snap"],"picked":"White Noise","floor":20.0},{"not_picked":["Steam Power+1","Redo","Chaos"],"picked":"SKIP","floor":23.0},{"not_picked":["Rebound","Barrage"],"picked":"Machine Learning","floor":25.0},{"not_picked":["Ball Lightning+1","Streamline","Rebound"],"picked":"SKIP","floor":28.0},{"not_picked":["Go for the Eyes","Steam"],"picked":"Sunder","floor":29.0},{"not_picked":["Chill","Chaos"],"picked":"Hologram","floor":30.0},{"not_picked":["Beam Cell","Reboot"],"picked":"Loop","floor":31.0},{"not_picked":["Seek","Thunder Strike"],"picked":"All For One","floor":33.0},{"not_picked":["Chaos","Reprogram+1","Cold Snap"],"picked":"SKIP","floor":35.0},{"not_picked":["Dramatic Entrance","Forethought"],"picked":"Mayhem","floor":36.0},{"not_picked":["Cold Snap","Redo+1","Steam"],"picked":"SKIP","floor":37.0},{"not_picked":["Reprogram","Compile Driver"],"picked":"Heatsinks+1","floor":38.0},{"not_picked":["Fission","Go for the Eyes"],"picked":"Capacitor","floor":39.0},{"not_picked":["Streamline+1","Steam+1","Ball Lightning"],"picked":"SKIP","floor":41.0},{"not_picked":["Cold Snap","Electrodynamics"],"picked":"Hologram+1","floor":42.0},{"not_picked":["Heatsinks","Fusion"],"picked":"Tempest+1","floor":44.0},{"not_picked":["Beam Cell","Gash","Ball Lightning"],"picked":"SKIP","floor":45.0},{"not_picked":["Steam","Reinforced Body"],"picked":"Stack","floor":48.0},{"not_picked":["Coolheaded","Streamline+1"],"picked":"Stack+1","floor":55.0}],"player_experience":756886,"relics_obtained":[{"floor":6.0,"key":"Bronze Scales"},{"floor":9.0,"key":"Happy Flower"},{"floor":12.0,"key":"Bird Faced Urn"},{"floor":23.0,"key":"Strawberry"},{"floor":25.0,"key":"Tiny Chest"},{"floor":26.0,"key":"Centennial Puzzle"},{"floor":29.0,"key":"MawBank"},{"floor":42.0,"key":"Whetstone"},{"floor":44.0,"key":"Omamori"},{"floor":55.0,"key":"Blood Vial"}],"event_choices":[{"damage_healed":0.0,"max_hp_gain":5.0,"max_hp_loss":0.0,"gold_gain":0.0,"event_name":"Big Fish","player_choice":"Donut","floor":4.0,"gold_loss":0.0,"damage_taken":0.0},{"damage_healed":0.0,"max_hp_gain":0.0,"max_hp_loss":0.0,"gold_gain":0.0,"event_name":"Scrap Ooze","player_choice":"Success","floor":5.0,"gold_loss":0.0,"damage_taken":18.0,"relics_obtained":["Dodecahedron"]},{"damage_healed":0.0,"max_hp_gain":0.0,"max_hp_loss":7.0,"gold_gain":0.0,"event_name":"Golden Idol","player_choice":"Lose Max HP","floor":10.0,"gold_loss":0.0,"damage_taken":0.0,"relics_obtained":["Golden Idol"]},{"damage_healed":0.0,"max_hp_gain":0.0,"max_hp_loss":0.0,"gold_gain":100.0,"event_name":"Wheel of Change","player_choice":"Gold","floor":11.0,"gold_loss":0.0,"damage_taken":0.0},{"damage_healed":0.0,"max_hp_gain":0.0,"max_hp_loss":0.0,"gold_gain":0.0,"event_name":"Vampires","player_choice":"Ignored","floor":19.0,"gold_loss":0.0,"damage_taken":0.0},{"damage_healed":0.0,"max_hp_gain":0.0,"max_hp_loss":35.0,"gold_gain":0.0,"event_name":"Ghosts","player_choice":"Became a Ghost","floor":21.0,"gold_loss":0.0,"damage_taken":0.0,"cards_obtained":["Ghostly","Ghostly","Ghostly"]},{"damage_healed":0.0,"max_hp_gain":0.0,"max_hp_loss":0.0,"gold_gain":0.0,"event_name":"SensoryStone","player_choice":"Memory 2","floor":36.0,"gold_loss":0.0,"damage_taken":5.0}],"is_beta":false,"boss_relics":[{"not_picked":["Coffee Dripper","FrozenCore"],"picked":"Snecko Eye"},{"not_picked":["Pandora\u0027s Box","Empty Cage"],"picked":"Sozu"}],"items_purged_floors":[22,27,47],"is_endless":false,"potions_floor_spawned":[2,6,8,13,23,25,29,30,33,35,39,42,44,48,55],"killed_by":"The Heart","ascension_level":20}