{"gold_per_floor":[211,211,51,51,70,70,83,83,83,83],"floor_reached":10,"playtime":286,"items_purged":["Strike_G"],"score":106,"play_id":"9c689e51-6a2d-458e-8cfa-8787bf6ea49d","local_time":"20190610192202","is_ascension_mode":true,"campfire_choices":[{"data":"Dagger Spray","floor":6,"key":"SMITH"},{"data":"Caltrops","floor":8,"key":"SMITH"}],"neow_cost":"NONE","seed_source_timestamp":857957265617452,"circlet_count":0,"master_deck":["AscendersBane","Defend_G","Defend_G","Defend_G","Defend_G","Strike_G","Strike_G","Strike_G","Strike_G","Survivor","Neutralize","Dagger Spray+1","Caltrops+1","Cloak And Dagger","Cloak And Dagger"],"relics":["Ring of the Snake","Golden Idol","Lantern"],"potions_floor_usage":[10,10],"damage_taken":[{"damage":5,"enemies":"Small Slimes","floor":1,"turns":7},{"damage":2,"enemies":"Jaw Worm","floor":5,"turns":4},{"damage":2,"enemies":"Cultist","floor":7,"turns":4},{"damage":40,"enemies":"Lagavulin","floor":10,"turns":6}],"seed_played":"7972842159669421440","potions_obtained":[{"floor":5,"key":"SneckoOil"},{"floor":7,"key":"Block Potion"}],"is_trial":false,"path_per_floor":["M","?","$","?","M","R","M","R","T","E"],"character_chosen":"THE_SILENT","items_purchased":["Caltrops"],"campfire_rested":0,"item_purchase_floors":[3],"current_hp_per_floor":[54,31,31,31,29,29,27,27,27,0],"gold":83,"neow_bonus":"HUNDRED_GOLD","is_prod":false,"is_daily":false,"chose_seed":false,"campfire_upgraded":2,"win_rate":0,"timestamp":1560187322,"path_taken":["M","?","$","?","M","R","?","R","T","E"],"build_version":"2019-01-23","purchased_purges":1,"victory":false,"max_hp_per_floor":[66,66,66,66,66,66,66,66,66,66],"card_choices":[{"not_picked":["Distraction","Acrobatics"],"picked":"Dagger Spray","floor":1},{"not_picked":["Backflip","All Out Attack"],"picked":"Cloak And Dagger","floor":5},{"not_picked":["Flying Knee","Blade Dance"],"picked":"Cloak And Dagger","floor":7}],"player_experience":592786,"relics_obtained":[{"floor":9,"key":"Lantern"}],"event_choices":[{"damage_healed":0,"gold_gain":0,"player_choice":"Take Damage","damage_taken":23,"relics_obtained":["Golden Idol"],"max_hp_gain":0,"max_hp_loss":0,"event_name":"Golden Idol","floor":2,"gold_loss":0},{"cards_removed":["Defend_G"],"damage_healed":0,"gold_gain":0,"player_choice":"Purged","damage_taken":0,"max_hp_gain":0,"max_hp_loss":0,"event_name":"Purifier","floor":4,"gold_loss":0}],"is_beta":false,"boss_relics":[],"items_purged_floors":[3],"is_endless":false,"potions_floor_spawned":[5,7],"killed_by":"Lagavulin","ascension_level":18}