{"gold_per_floor":[15,15,15,34,53,53,88,88,88,88],"floor_reached":10,"playtime":326,"items_purged":[],"score":79,"play_id":"0addaffd-13ef-417a-84f2-8ed4b1d9bd2c","local_time":"20190523025001","is_ascension_mode":true,"campfire_choices":[{"data":"White Noise","floor":6,"key":"SMITH"},{"floor":8,"key":"REST"}],"neow_cost":"NO_GOLD","seed_source_timestamp":119580966025600,"circlet_count":0,"master_deck":["Strike_B","Strike_B","Strike_B","Defend_B","Defend_B","Defend_B","Defend_B","Zap","Dualcast","Echo Form","White Noise+1","Streamline","Consume","Hello World"],"relics":["Cracked Core","Golden Idol","Toxic Egg 2","Bronze Scales"],"potions_floor_usage":[10],"damage_taken":[{"damage":13,"enemies":"Jaw Worm","floor":1,"turns":4},{"damage":7,"enemies":"2 Louse","floor":4,"turns":3},{"damage":1,"enemies":"Cultist","floor":5,"turns":3},{"damage":40,"enemies":"3 Sentries","floor":7,"turns":6},{"damage":46,"enemies":"Gremlin Nob","floor":10,"turns":4}],"seed_played":"-5266698779604778339","potions_obtained":[{"floor":7,"key":"AttackPotion"}],"is_trial":false,"path_per_floor":["M","?","?","M","M","R","E","R","T","E"],"character_chosen":"DEFECT","items_purchased":[],"campfire_rested":1,"item_purchase_floors":[],"current_hp_per_floor":[62,62,62,55,54,54,14,34,34,0],"gold":88,"neow_bonus":"THREE_RARE_CARDS","is_prod":false,"is_daily":false,"chose_seed":false,"campfire_upgraded":1,"win_rate":0,"timestamp":1558594201,"path_taken":["M","?","?","?","?","R","E","R","T","E"],"build_version":"2019-05-07","purchased_purges":0,"victory":false,"max_hp_per_floor":[75,69,69,69,69,69,69,69,69,69],"card_choices":[{"not_picked":["Rainbow","Reboot"],"picked":"Echo Form","floor":0},{"not_picked":["Hologram","Gash"],"picked":"White Noise","floor":1},{"not_picked":["Conserve Battery","Hologram"],"picked":"Streamline","floor":4},{"not_picked":["Leap","Static Discharge"],"picked":"Consume","floor":5},{"not_picked":["Cold Snap","Auto Shields"],"picked":"Hello World","floor":7}],"player_experience":903907,"relics_obtained":[{"floor":7,"key":"Toxic Egg 2"},{"floor":9,"key":"Bronze Scales"}],"event_choices":[{"damage_healed":0,"gold_gain":0,"player_choice":"Lose Max HP","damage_taken":0,"relics_obtained":["Golden Idol"],"max_hp_gain":0,"max_hp_loss":6,"event_name":"Golden Idol","floor":2,"gold_loss":0},{"cards_removed":["Strike_B"],"damage_healed":0,"gold_gain":0,"player_choice":"Purged","damage_taken":0,"max_hp_gain":0,"max_hp_loss":0,"event_name":"Purifier","floor":3,"gold_loss":0}],"is_beta":true,"boss_relics":[],"items_purged_floors":[],"is_endless":false,"potions_floor_spawned":[7],"killed_by":"Gremlin Nob","ascension_level":4}