{"path_per_floor":["M","M","?","M","?","R","M","$","T","E","$","M","T","M","R","B",null,"M","?","$","M","?","R","M","$","T","T","M","?"],"character_chosen":"DEFECT","items_purchased":["Beam Cell","Sunder","Gash","Purity","Double Energy"],"gold_per_floor":[13,28,28,46,46,46,56,33,83,110,71,91,91,111,111,211,211,229,229,50,70,70,70,83,4,30,56,66,66,66],"floor_reached":30,"campfire_rested":1,"playtime":1079,"current_hp_per_floor":[88,88,88,85,90,90,87,87,87,65,65,56,56,46,74,76,94,89,89,89,86,70,70,52,52,52,52,42,23,0],"items_purged":[],"gold":66,"score":305,"play_id":"6ce1f1a2-2c74-456a-9fd9-b2c2ab7ef6a4","local_time":"20180513234343","is_prod":false,"is_daily":false,"chose_seed":false,"is_ascension_mode":false,"campfire_upgraded":2,"timestamp":1526269423,"path_taken":["M","M","?","M","?","R","M","$","T","E","$","M","?","M","R","BOSS","M","?","$","M","?","R","M","?","T","?","M","?","M"],"build_version":"2018-05-12v2","seed_source_timestamp":31351259495550,"purchased_purges":0,"victory":false,"master_deck":["Strike_B","Defend_B","Defend_B","Defend_B","Zap","Dualcast","Beam Cell","Doom and Gloom+1","Doom and Gloom+1","Beam Cell","Beam Cell","Fusion","Sunder","Sweeping Beam","Go for the Eyes","Seek","Stack+1","Static Discharge+1","Fission+1","Lockon+1","Static Discharge+1","Gash","Purity","Go for the Eyes+1","Necronomicurse","Self Repair","Double Energy"],"max_hp_per_floor":[89,89,89,89,94,94,94,94,94,94,94,94,94,94,94,94,94,94,94,94,94,94,94,94,94,94,94,94,99,99],"relics":["Cracked Core","Blood Vial","Pen Nib","Ornamental Fan","Astrolabe","Necronomicon","Anchor","Whetstone"],"card_choices":[{"not_picked":["Capacitor","Reinforced Body"],"picked":"Beam Cell","floor":1},{"not_picked":["Chaos","Hologram"],"picked":"Doom and Gloom","floor":2},{"not_picked":["Loop","Axe Kick"],"picked":"Doom and Gloom","floor":4},{"not_picked":["Barrage","FTL"],"picked":"Beam Cell","floor":7},{"not_picked":["Heatsinks","Consume"],"picked":"Fusion","floor":10},{"not_picked":["Leap","Heatsinks"],"picked":"Sweeping Beam","floor":12},{"not_picked":["Axe Kick","Ball Lightning"],"picked":"Go for the Eyes","floor":14},{"not_picked":["Nova","Amplify"],"picked":"Seek","floor":16},{"not_picked":["Skim","Sweeping Beam+1"],"picked":"Lockon","floor":18},{"not_picked":["Steam","Reprogram"],"picked":"Go for the Eyes","floor":21},{"not_picked":["FTL","Rebound"],"picked":"Self Repair","floor":24},{"not_picked":["Sweeping Beam","Turbo+1","Force Field"],"picked":"SKIP","floor":28}],"player_experience":232481,"potions_floor_usage":[7,10,28,30,30],"damage_taken":[{"damage":1,"enemies":"Jaw Worm","floor":1,"turns":3},{"damage":0,"enemies":"Cultist","floor":2,"turns":4},{"damage":3,"enemies":"2 Louse","floor":4,"turns":2},{"damage":3,"enemies":"Large Slime","floor":7,"turns":4},{"damage":24,"enemies":"3 Sentries","floor":10,"turns":4},{"damage":11,"enemies":"Exordium Wildlife","floor":12,"turns":2},{"damage":12,"enemies":"Blue Slaver","floor":14,"turns":3},{"damage":0,"enemies":"Slime Boss","floor":16,"turns":6},{"damage":5,"enemies":"3 Byrds","floor":18,"turns":1},{"damage":5,"enemies":"Spheric Guardian","floor":21,"turns":3},{"damage":20,"enemies":"Centurion and Healer","floor":24,"turns":3},{"damage":12,"enemies":"Snake Plant","floor":28,"turns":3},{"damage":25,"enemies":"Cultist and Chosen","floor":30,"turns":4}],"event_choices":[{"event_name":"Bonfire Elementals","player_choice":"BASIC","floor":3,"damage_taken":0},{"event_name":"Big Fish","player_choice":"Donut","floor":5,"damage_taken":0},{"event_name":"Duplicator","player_choice":"One dupe","floor":19,"damage_taken":0},{"event_name":"Cursed Tome","player_choice":"Obtained Book","floor":22,"damage_taken":0},{"event_name":"Forgotten Altar","player_choice":"Shed Blood","floor":29,"damage_taken":0}],"boss_relics":[{"not_picked":["Pandora\u0027s Box","Runic Dome"],"picked":"Astrolabe"}],"potions_floor_spawned":[4,7,12,21,24],"seed_played":"-71781921699939060","killed_by":"Cultist and Chosen","ascension_level":0,"is_trial":false}