{"path_per_floor":["M","M","?","?","M","R","?","E","T","R","M","E","M","T","R","B",null,"M","$","?","$","?"],"character_chosen":"IRONCLAD","items_purchased":["Deep Breath","Bronze Scales","Matryoshka"],"gold_per_floor":[213,232,232,232,251,251,251,295,295,295,311,344,364,364,364,484,522,513,267,267,8,8],"floor_reached":23,"campfire_rested":0,"playtime":1538,"current_hp_per_floor":[79,80,80,73,73,73,73,65,65,65,71,75,76,76,76,35,85,63,63,63,63,63],"items_purged":[],"gold":8,"score":197,"play_id":"171883ba-efda-4cdb-a98c-100de5b48b42","local_time":"20180316011759","is_prod":false,"is_daily":false,"is_ascension_mode":false,"campfire_upgraded":3,"timestamp":1521177479,"path_taken":["M","M","?","?","M","R","?","E","T","R","?","E","M","?","R","BOSS","M","$","?","$","?","E"],"build_version":"2018-03-09","purchased_purges":0,"victory":false,"master_deck":["Strike_R+1","Strike_R+1","Strike_R+1","Strike_R+1","Strike_R+1","Defend_R+1","Defend_R+1","Defend_R+1","Defend_R+1","Bash","Twin Strike+1","Seeing Red","Spot Weakness+1","Ghostly Armor","Cleave","Iron Wave","Exhume+1","Berserk","Rupture","Thunderclap","Deep Breath"],"max_hp_per_floor":[80,80,80,80,80,80,80,80,80,80,80,80,80,80,80,80,85,85,85,85,85,85],"relics":["Burning Blood","Golden Idol","Lantern","Oddly Smooth Stone","Dream Catcher","Ice Cream","Tiny House","Bronze Scales","Matryoshka"],"card_choices":[{"not_picked":["Disarm","Armaments"],"picked":"Twin Strike"},{"not_picked":["Twin Strike","Uppercut"],"picked":"Seeing Red"},{"not_picked":["Armaments","Sword Boomerang"],"picked":"Spot Weakness"},{"not_picked":["Rampage","Heavy Blade"],"picked":"Ghostly Armor"},{"not_picked":["Clothesline","Perfected Strike"],"picked":"Cleave"},{"not_picked":["Flex","Twin Strike"],"picked":"Iron Wave"},{"not_picked":["Anger","Blood for Blood"],"picked":"Exhume"},{"not_picked":["Impervious","Fiend Fire"],"picked":"Berserk"},{"not_picked":["Sentinel","Rampage"],"picked":"Rupture"},{"not_picked":["Battle Trance","Sword Boomerang"],"picked":"Thunderclap"}],"player_experience":443038,"potions_floor_usage":[8,12,13,16,23],"damage_taken":[{"damage":7,"enemies":"Small Slimes","floor":1,"turns":3},{"damage":1,"enemies":"Cultist","floor":2,"turns":3},{"damage":6,"enemies":"Jaw Worm","floor":5,"turns":3},{"damage":14,"enemies":"Lagavulin","floor":8,"turns":5},{"damage":0,"enemies":"Exordium Thugs","floor":11,"turns":4},{"damage":2,"enemies":"3 Sentries","floor":12,"turns":4},{"damage":5,"enemies":"Large Slime","floor":13,"turns":6},{"damage":47,"enemies":"Slime Boss","floor":16,"turns":12},{"damage":28,"enemies":"2 Thieves","floor":18,"turns":4},{"damage":64,"enemies":"Gremlin Leader","floor":23,"turns":6}],"event_choices":[{"event_name":"Wheel of Change","player_choice":"Curse","floor":3,"damage_taken":0},{"event_name":"Golden Wing","player_choice":"Card Removal","floor":4,"damage_taken":0},{"event_name":"Golden Idol","player_choice":"Take Wound","floor":7,"damage_taken":0},{"event_name":"Fountain of Cleansing","player_choice":"Removed Curse","floor":20,"damage_taken":0},{"event_name":"Back to Basics","player_choice":"Simplicity","floor":22,"damage_taken":0}],"boss_relics":[{"not_picked":["Black Blood","Runic Cube"],"picked":"Tiny House"}],"potions_floor_spawned":[1,11,12,13],"seed_played":"-4993214671093805414","killed_by":"Gremlin Leader","ascension_level":0,"is_trial":false}