{"gold_per_floor":[12,30,103,65,81,81,91,91,167,167,178,189,221,238,238,340,340,352,352,365,87,87,87,121,121,121,139,0,0,0,35,35,35],"floor_reached":33,"playtime":1079,"items_purged":[],"score":414,"play_id":"c98a4a3d-15ff-4f36-b9bb-a70c93b3aa9b","local_time":"20180702040433","is_ascension_mode":true,"campfire_choices":[{"data":"Feed","floor":6,"key":"SMITH"},{"data":"Shockwave","floor":8,"key":"SMITH"},{"floor":15,"key":"REST"},{"floor":23,"key":"REST"},{"floor":30,"key":"REST"},{"data":"Bludgeon","floor":32,"key":"SMITH"}],"neow_cost":"NO_GOLD","seed_source_timestamp":14938744801154,"circlet_count":0,"master_deck":["Strike_R","Strike_R","Strike_R","Strike_R","Defend_R","Defend_R","Defend_R","Defend_R","Bash","Feed+1","Anger","Twin Strike","Seeing Red","Shockwave+1","Combust","Rage","Dropkick","Whirlwind","Offering","Double Tap","Blood for Blood","RitualDagger","Perfected Strike","Bludgeon+1","Perfected Strike"],"relics":["Burning Blood","Mercury Hourglass","Pen Nib","Snecko Eye","Blood Vial","Tiny Chest","Shuriken","Toolbox","Nilry\u0027s Codex","Bronze Scales","Bird Faced Urn"],"potions_floor_usage":[11,11,12,18,31],"damage_taken":[{"damage":14,"enemies":"Jaw Worm","floor":1,"turns":4},{"damage":8,"enemies":"Small Slimes","floor":2,"turns":4},{"damage":0,"enemies":"2 Louse","floor":5,"turns":3},{"damage":16,"enemies":"Blue Slaver","floor":7,"turns":3},{"damage":5,"enemies":"Red Slaver","floor":11,"turns":4},{"damage":8,"enemies":"Looter","floor":12,"turns":3},{"damage":24,"enemies":"Lagavulin","floor":13,"turns":4},{"damage":9,"enemies":"Blue Slaver","floor":14,"turns":3},{"damage":7,"enemies":"Slime Boss","floor":16,"turns":5},{"damage":49,"enemies":"2 Thieves","floor":18,"turns":4},{"damage":8,"enemies":"3 Byrds","floor":20,"turns":4},{"damage":36,"enemies":"Book of Stabbing","floor":24,"turns":4},{"damage":13,"enemies":"Snake Plant","floor":27,"turns":2},{"damage":4,"enemies":"Gremlin Leader","floor":31,"turns":2},{"damage":79,"enemies":"Champ","floor":33,"turns":6}],"seed_played":"5239992069876631210","potions_obtained":[{"floor":5,"key":"Regen Potion"},{"floor":7,"key":"PowerPotion"},{"floor":11,"key":"SkillPotion"},{"floor":16,"key":"AttackPotion"},{"floor":27,"key":"AttackPotion"}],"is_trial":false,"path_per_floor":["M","M","?","$","M","R","M","R","T","?","M","M","E","M","R","B",null,"M","?","M","$","T","R","E","?","T","M","?","?","R","E","R"],"character_chosen":"IRONCLAD","items_purchased":["Seeing Red","Blood Vial","Tiny Chest"],"campfire_rested":3,"item_purchase_floors":[4,21,21],"current_hp_per_floor":[75,73,73,73,79,79,69,69,69,69,82,80,62,59,83,82,83,44,38,36,36,36,62,34,18,18,13,13,42,68,72,72,0],"gold":35,"neow_bonus":"THREE_RARE_CARDS","is_prod":false,"is_daily":false,"chose_seed":false,"campfire_upgraded":3,"win_rate":0,"timestamp":1530518673,"path_taken":["M","M","?","$","M","R","M","R","T","?","?","M","E","M","R","BOSS","M","?","M","$","?","R","E","?","T","M","?","?","R","E","R","BOSS"],"build_version":"2018-06-29","purchased_purges":0,"victory":false,"max_hp_per_floor":[83,83,83,83,83,83,83,83,83,83,83,83,83,83,83,83,83,87,87,87,87,87,87,87,87,87,87,87,87,87,87,87,87],"card_choices":[{"not_picked":["Barricade","Dark Embrace"],"picked":"Feed","floor":0},{"not_picked":["Havoc","Clothesline"],"picked":"Anger","floor":1},{"not_picked":["Fire Breathing","Heavy Blade"],"picked":"Twin Strike","floor":2},{"not_picked":["Headbutt","Havoc","Warcry"],"picked":"SKIP","floor":5},{"not_picked":["Headbutt","Searing Blow"],"picked":"Shockwave","floor":7},{"not_picked":["Perfected Strike","Cleave"],"picked":"Rage","floor":11},{"not_picked":["Havoc","True Grit"],"picked":"Dropkick","floor":12},{"not_picked":["Disarm","Pommel Strike"],"picked":"Whirlwind","floor":13},{"not_picked":["Armaments","Flame Barrier"],"picked":"Offering","floor":14},{"not_picked":["Limit Break","Juggernaut"],"picked":"Double Tap","floor":16},{"not_picked":["Warcry","Sword Boomerang+1"],"picked":"Blood for Blood","floor":18},{"not_picked":["Inflame+1","Warcry"],"picked":"Perfected Strike","floor":20},{"not_picked":["Burning Pact","True Grit","Fire Breathing+1"],"picked":"SKIP","floor":24},{"not_picked":["Pommel Strike","Battle Trance"],"picked":"Bludgeon","floor":27},{"not_picked":["Warcry","Thunderclap+1"],"picked":"Perfected Strike","floor":31}],"player_experience":369028,"relics_obtained":[{"floor":9,"key":"Mercury Hourglass"},{"floor":13,"key":"Pen Nib"},{"floor":22,"key":"Shuriken"},{"floor":24,"key":"Toolbox"},{"floor":25,"key":"Nilry\u0027s Codex"},{"floor":26,"key":"Bronze Scales"},{"floor":31,"key":"Bird Faced Urn"}],"event_choices":[{"event_name":"Golden Wing","player_choice":"Gained Gold","floor":3,"damage_taken":0},{"event_name":"Transmorgrifier","player_choice":"Transform","floor":10,"damage_taken":0},{"event_name":"Nest","player_choice":"Joined the Cult","floor":19,"damage_taken":0},{"event_name":"Cursed Tome","player_choice":"Obtained Book","floor":25,"damage_taken":0},{"event_name":"Masked Bandits","player_choice":"Paid Bandits 139 gold","floor":28,"damage_taken":0},{"event_name":"The Library","player_choice":"Heal","floor":29,"damage_taken":0}],"boss_relics":[{"not_picked":["Pandora\u0027s Box","Fusion Hammer"],"picked":"Snecko Eye"}],"items_purged_floors":[],"is_endless":false,"potions_floor_spawned":[5,7,11,16,27],"killed_by":"Champ","ascension_level":3}