{"path_per_floor":["M","?","$","?","?","R","$","M","T","M","$","E","R","M","R","B",null,"M","?","$","?","?","E","R","M","T","M","M"],"character_chosen":"DEFECT","items_purchased":["Buffer","Gash","Streamline","Sunder","Strange Spoon"],"gold_per_floor":[114,189,25,25,25,25,25,43,68,82,12,70,70,87,87,184,184,194,225,21,21,21,46,46,58,112,128,146,146],"floor_reached":29,"campfire_rested":3,"playtime":2837,"current_hp_per_floor":[74,63,63,51,36,58,58,58,58,58,58,24,61,61,61,11,75,75,50,50,50,50,15,56,31,31,8,8,0],"items_purged":[],"gold":146,"score":241,"play_id":"9a1bc663-c7ee-4baf-888c-f14ee4b7aac5","local_time":"20180507194651","is_prod":false,"is_daily":false,"chose_seed":false,"is_ascension_mode":false,"campfire_upgraded":1,"timestamp":1525736811,"path_taken":["M","?","?","?","?","R","$","?","T","M","$","E","R","M","R","BOSS","M","?","$","?","?","E","R","?","T","?","M","M"],"build_version":"2018-05-03","seed_source_timestamp":1905225164475024,"purchased_purges":0,"victory":false,"master_deck":["Strike_B","Strike_B+1","Defend_B","Defend_B","Defend_B","Zap","Dualcast","Writhe","Auto Shields","Buffer+1","Gash+1","Streamline","Defragment","Sunder","Genetic Algorithm","Go for the Eyes","Echo Form","Capacitor+1","Leap+1","Tempest+1","Undo","Sweeping Beam","Creative AI","Trip","Sunder","All For One"],"max_hp_per_floor":[75,75,75,75,75,75,75,75,75,75,75,75,75,75,75,75,75,75,75,75,75,75,89,89,89,89,89,89,89],"relics":["Cracked Core","Du-Vu Doll","Gambling Chip","Regal Pillow","Tiny Chest","Astrolabe","Red Mask","Strange Spoon","Mango","Pen Nib"],"card_choices":[{"not_picked":["Heatsinks","Darkness"],"picked":"Auto Shields","floor":1},{"not_picked":["Heatsinks","Undo"],"picked":"Defragment","floor":8},{"not_picked":["Doom and Gloom","Fission"],"picked":"Genetic Algorithm","floor":12},{"not_picked":["Heatsinks","Hologram"],"picked":"Go for the Eyes","floor":14},{"not_picked":["Multi-Cast","Rainbow"],"picked":"Echo Form","floor":16},{"not_picked":["Skim","Sweeping Beam"],"picked":"Undo","floor":18},{"not_picked":["Axe Kick","Cold Snap"],"picked":"Sweeping Beam","floor":19},{"not_picked":["Steam Power","Stack"],"picked":"Sunder","floor":23},{"not_picked":["Coolheaded","Cold Snap"],"picked":"All For One","floor":27}],"player_experience":179817,"potions_floor_usage":[12,16,16,27,27,28],"damage_taken":[{"damage":1,"enemies":"2 Louse","floor":1,"turns":2},{"damage":0,"enemies":"Small Slimes","floor":8,"turns":3},{"damage":0,"enemies":"Cultist","floor":10,"turns":2},{"damage":34,"enemies":"Gremlin Nob","floor":12,"turns":5},{"damage":0,"enemies":"Blue Slaver","floor":14,"turns":3},{"damage":50,"enemies":"The Guardian","floor":16,"turns":10},{"damage":0,"enemies":"Chosen","floor":18,"turns":6},{"damage":32,"enemies":"Masked Bandits","floor":19,"turns":7},{"damage":64,"enemies":"Book of Stabbing","floor":23,"turns":6},{"damage":25,"enemies":"3 Byrds","floor":25,"turns":6},{"damage":39,"enemies":"Slaver and Parasite","floor":27,"turns":8},{"damage":0,"enemies":"Snecko","floor":28,"turns":5},{"damage":12,"enemies":"Sentry and Sphere","floor":29,"turns":4}],"event_choices":[{"event_name":"World of Goop","player_choice":"Gather Gold","floor":2,"damage_taken":0},{"event_name":"Scrap Ooze","player_choice":"success","floor":4,"damage_taken":12},{"event_name":"Shining Light","player_choice":"Entered Light","floor":5,"damage_taken":0},{"event_name":"Masked Bandits","player_choice":"Fought over 194 gold","floor":19,"damage_taken":0},{"event_name":"Addict","player_choice":"Ignored","floor":21,"damage_taken":0},{"event_name":"Match and Keep!","player_choice":"2 cards matched","floor":22,"damage_taken":0}],"boss_relics":[{"not_picked":["Snecko Eye","Velvet Choker"],"picked":"Astrolabe"}],"potions_floor_spawned":[1,10,12,19,25,27],"seed_played":"6544431220717540743","killed_by":"Sentry and Sphere","ascension_level":0,"is_trial":false}