{"gold_per_floor":[109,119,134,134,146,146,176,176,176,192,39,39,39,72,72,149,149,163,173,173,183,183,209,219,245,272,272,272,272,299,312,312,391,391,409,459,472,169,181,213,213,242,268,298,298,332,344,344,344,344,344,344,344,40,69,69],"floor_reached":57,"playtime":3938,"items_purged":["Strike_G","Defend_G","Dash"],"score":3226,"play_id":"7adb13d5-fafc-4228-94c8-c553833abfbe","local_time":"20190627215506","is_ascension_mode":true,"campfire_choices":[{"data":"Crippling Poison","floor":6.0,"key":"SMITH"},{"floor":8.0,"key":"REST"},{"data":"Well Laid Plans","floor":15.0,"key":"SMITH"},{"data":"After Image","floor":27.0,"key":"SMITH"},{"data":"Cloak And Dagger","floor":29.0,"key":"SMITH"},{"data":"Burst","floor":32.0,"key":"SMITH"},{"data":"Cloak And Dagger","floor":41.0,"key":"SMITH"},{"floor":49.0,"key":"RECALL"},{"data":"Caltrops","floor":53.0,"key":"SMITH"}],"neow_cost":"NONE","seed_source_timestamp":1392457520674846,"circlet_count":0,"master_deck":["AscendersBane","Defend_G","Defend_G","Defend_G+1","Survivor","Neutralize","Crippling Poison+1","Dagger Spray","Flying Knee","Well Laid Plans+1","Heel Hook","Backflip","Cloak And Dagger+1","Endless Agony+1","After Image+1","Backflip","Malaise","Adrenaline","Burst+1","Quick Slash","Slice","Envenom","Dagger Spray","Dodge and Roll+1","Caltrops+1","Cloak And Dagger+1","Acrobatics","Backflip","PiercingWail","PiercingWail","Caltrops+1"],"special_seed":0,"relics":["Ring of the Snake","Shuriken","Bottled Lightning","Bottled Tornado","Kunai","Runic Dome","War Paint","Mummified Hand","Centennial Puzzle","Smiling Mask","Philosopher\u0027s Stone","Bag of Preparation","Orichalcum","Juzu Bracelet","Potion Belt","Frozen Egg 2","Bronze Scales","Anchor"],"potions_floor_usage":[56,56,56],"damage_taken":[{"damage":1.0,"enemies":"Cultist","floor":1.0,"turns":5.0},{"damage":0.0,"enemies":"Jaw Worm","floor":2.0,"turns":5.0},{"damage":0.0,"enemies":"2 Louse","floor":3.0,"turns":4.0},{"damage":1.0,"enemies":"Looter","floor":5.0,"turns":4.0},{"damage":43.0,"enemies":"Gremlin Nob","floor":7.0,"turns":5.0},{"damage":0.0,"enemies":"2 Fungi Beasts","floor":10.0,"turns":3.0},{"damage":7.0,"enemies":"3 Sentries","floor":14.0,"turns":7.0},{"damage":9.0,"enemies":"The Guardian","floor":16.0,"turns":12.0},{"damage":1.0,"enemies":"Shell Parasite","floor":18.0,"turns":5.0},{"damage":3.0,"enemies":"2 Thieves","floor":19.0,"turns":4.0},{"damage":1.0,"enemies":"Sentry and Sphere","floor":21.0,"turns":6.0},{"damage":14.0,"enemies":"Slavers","floor":23.0,"turns":5.0},{"damage":1.0,"enemies":"Snake Plant","floor":24.0,"turns":5.0},{"damage":15.0,"enemies":"Gremlin Leader","floor":25.0,"turns":6.0},{"damage":0.0,"enemies":"Book of Stabbing","floor":30.0,"turns":7.0},{"damage":0.0,"enemies":"Cultist and Chosen","floor":31.0,"turns":7.0},{"damage":0.0,"enemies":"Automaton","floor":33.0,"turns":10.0},{"damage":0.0,"enemies":"3 Darklings","floor":35.0,"turns":5.0},{"damage":0.0,"enemies":"Orb Walker","floor":37.0,"turns":3.0},{"damage":0.0,"enemies":"Maw","floor":39.0,"turns":6.0},{"damage":0.0,"enemies":"Reptomancer","floor":40.0,"turns":7.0},{"damage":3.0,"enemies":"Nemesis","floor":42.0,"turns":5.0},{"damage":0.0,"enemies":"Reptomancer","floor":44.0,"turns":6.0},{"damage":0.0,"enemies":"Nemesis","floor":46.0,"turns":5.0},{"damage":0.0,"enemies":"Writhing Mass","floor":47.0,"turns":6.0},{"damage":0.0,"enemies":"Donu and Deca","floor":50.0,"turns":9.0},{"damage":8.0,"enemies":"Awakened One","floor":51.0,"turns":12.0},{"damage":0.0,"enemies":"Shield and Spear","floor":55.0,"turns":6.0},{"damage":31,"enemies":"The Heart","floor":56,"turns":9}],"seed_played":"6765659820671719429","potions_obtained":[{"floor":1.0,"key":"LiquidBronze"},{"floor":5.0,"key":"FearPotion"},{"floor":7.0,"key":"SteroidPotion"},{"floor":20.0,"key":"Regen Potion"},{"floor":21.0,"key":"Dexterity Potion"},{"floor":23.0,"key":"GhostInAJar"},{"floor":47.0,"key":"EssenceOfSteel"}],"is_trial":false,"path_per_floor":["M","M","M","?","M","R","E","R","T","M","$","?","T","E","R","B",null,"M","M","?","M","?","E","M","E","T","R","?","R","E","M","R","B",null,"M","?","M","$","M","E","R","E","T","E","?","E","M","?","R","B","B",null,"R","$","E","B",null],"character_chosen":"THE_SILENT","items_purchased":["Heel Hook","Caltrops","Bag of Preparation","Bronze Scales","Caltrops+1"],"campfire_rested":1,"item_purchase_floors":[11,38,38,54,54],"current_hp_per_floor":[58,58,58,58,57,57,14,33,33,33,33,33,33,26,26,17,54,53,50,50,64,64,50,49,34,34,34,34,34,34,34,34,34,58,58,52,52,52,52,52,52,49,49,49,49,49,49,49,49,49,41,60,60,60,60,29],"gold":69,"neow_bonus":"REMOVE_CARD","is_prod":false,"is_daily":false,"chose_seed":false,"campfire_upgraded":7,"win_rate":0,"timestamp":1561697706,"path_taken":["M","M","M","?","M","R","E","R","T","M","?","?","?","E","R","BOSS","M","M","?","?","?","E","?","E","T","R","?","R","E","M","R","BOSS","M","?","M","$","M","E","R","E","T","E","?","E","M","?","R","BOSS","BOSS","R","$","E","BOSS"],"build_version":"2019-01-23","purchased_purges":3,"victory":true,"max_hp_per_floor":[66,66,66,66,66,66,66,66,66,66,66,66,66,66,66,66,66,66,66,66,66,66,66,66,66,66,66,66,66,66,66,66,66,66,66,66,66,66,66,66,66,66,66,66,66,66,66,66,66,66,66,66,66,66,66,66],"card_choices":[{"not_picked":["Catalyst","Tactician"],"picked":"Dash","floor":1.0},{"not_picked":["Prepared","Blade Dance"],"picked":"Crippling Poison","floor":2.0},{"not_picked":["Dagger Throw","Finisher"],"picked":"Dagger Spray","floor":3.0},{"not_picked":["Heel Hook","Terror","Catalyst"],"picked":"SKIP","floor":5.0},{"not_picked":["Night Terror","Leg Sweep"],"picked":"Flying Knee","floor":7.0},{"not_picked":["Backflip","Dodge and Roll"],"picked":"Well Laid Plans","floor":10.0},{"not_picked":["Outmaneuver","Deadly Poison","Bane"],"picked":"SKIP","floor":14.0},{"not_picked":["Phantasmal Killer","Unload"],"picked":"Bullet Time","floor":16.0},{"not_picked":["Well Laid Plans","Acrobatics"],"picked":"Backflip","floor":18.0},{"not_picked":["Crippling Poison+1","Blur"],"picked":"Cloak And Dagger","floor":19.0},{"not_picked":["Escape Plan","Caltrops"],"picked":"Endless Agony+1","floor":21.0},{"not_picked":["Calculated Gamble","Choke"],"picked":"After Image","floor":23.0},{"not_picked":["Terror","Sucker Punch"],"picked":"Backflip","floor":24.0},{"not_picked":["Calculated Gamble","Predator"],"picked":"Malaise","floor":25.0},{"not_picked":["Well Laid Plans","Catalyst"],"picked":"Quick Slash","floor":30.0},{"not_picked":["Deadly Poison","Concentrate"],"picked":"Slice","floor":31.0},{"not_picked":["Phantasmal Killer","Corpse Explosion"],"picked":"Envenom","floor":33.0},{"not_picked":["Masterful Stab","Endless Agony"],"picked":"Dagger Spray","floor":35.0},{"not_picked":["Blur","Riddle With Holes+1"],"picked":"Dodge and Roll+1","floor":37.0},{"not_picked":["Terror","Well Laid Plans"],"picked":"Cloak And Dagger","floor":39.0},{"not_picked":["Dagger Throw+1","Calculated Gamble","Bane"],"picked":"SKIP","floor":40.0},{"not_picked":["Dagger Throw+1","Calculated Gamble","Bane"],"picked":"SKIP","floor":40.0},{"not_picked":["Dagger Spray","Masterful Stab","Bane"],"picked":"SKIP","floor":42.0},{"not_picked":["Distraction+1","Expertise"],"picked":"Acrobatics","floor":44.0},{"not_picked":["Finisher","Grand Finale"],"picked":"Backflip","floor":46.0},{"not_picked":["Dagger Spray","Acrobatics"],"picked":"PiercingWail","floor":47.0},{"not_picked":["Underhanded Strike","Deflect","Poisoned Stab+1"],"picked":"SKIP","floor":55.0}],"player_experience":813162,"relics_obtained":[{"floor":7.0,"key":"Shuriken"},{"floor":9.0,"key":"Bottled Lightning"},{"floor":13.0,"key":"Bottled Tornado"},{"floor":14.0,"key":"Kunai"},{"floor":23.0,"key":"War Paint"},{"floor":25.0,"key":"Mummified Hand"},{"floor":26.0,"key":"Centennial Puzzle"},{"floor":30.0,"key":"Smiling Mask"},{"floor":40.0,"key":"Orichalcum"},{"floor":42.0,"key":"Juzu Bracelet"},{"floor":44.0,"key":"Potion Belt"},{"floor":46.0,"key":"Frozen Egg 2"},{"floor":55.0,"key":"Anchor"}],"event_choices":[{"damage_healed":0.0,"max_hp_gain":0.0,"max_hp_loss":0.0,"gold_gain":0.0,"event_name":"Liars Game","player_choice":"Ignored","floor":4.0,"gold_loss":0.0,"damage_taken":0.0},{"cards_removed":["Strike_G"],"damage_healed":0.0,"max_hp_gain":0.0,"max_hp_loss":0.0,"gold_gain":0.0,"event_name":"Living Wall","player_choice":"Forget","floor":12.0,"gold_loss":0.0,"damage_taken":0.0},{"damage_healed":0.0,"max_hp_gain":0.0,"max_hp_loss":0.0,"gold_gain":0.0,"event_name":"Lab","player_choice":"Got Potions","floor":20.0,"gold_loss":0.0,"damage_taken":0.0},{"damage_healed":0.0,"max_hp_gain":0.0,"max_hp_loss":0.0,"gold_gain":0.0,"event_name":"Match and Keep!","player_choice":"0 cards matched","floor":22.0,"gold_loss":0.0,"damage_taken":0.0,"cards_obtained":[]},{"damage_healed":0.0,"max_hp_gain":0.0,"max_hp_loss":0.0,"gold_gain":0.0,"cards_transformed":["Strike_G","Strike_G"],"event_name":"Drug Dealer","player_choice":"Became Test Subject","floor":28.0,"gold_loss":0.0,"damage_taken":0.0,"cards_obtained":["Adrenaline","Burst"]},{"damage_healed":0.0,"max_hp_gain":0.0,"max_hp_loss":0.0,"gold_gain":50.0,"event_name":"FaceTrader","player_choice":"Touch","floor":36.0,"gold_loss":0.0,"damage_taken":6.0},{"cards_removed":["Defend_G"],"damage_healed":0.0,"max_hp_gain":0.0,"max_hp_loss":0.0,"gold_gain":0.0,"event_name":"Falling","player_choice":"Removed Skill","floor":45.0,"gold_loss":0.0,"damage_taken":0.0},{"damage_healed":0.0,"max_hp_gain":0.0,"max_hp_loss":0.0,"gold_gain":0.0,"cards_transformed":["Bullet Time"],"event_name":"Transmorgrifier","player_choice":"Transformed","floor":48.0,"gold_loss":0.0,"damage_taken":0.0,"cards_obtained":["PiercingWail"]}],"is_beta":false,"boss_relics":[{"not_picked":["HoveringKite","Black Star"],"picked":"Runic Dome"},{"not_picked":["Astrolabe","Busted Crown"],"picked":"Philosopher\u0027s Stone"}],"items_purged_floors":[11,38,54],"is_endless":false,"potions_floor_spawned":[1,5,7,16,21,23,33,35,37,39,47],"ascension_level":20}