{"gold_per_floor":[19,39,57,68,33,33,52,78,78,95,95],"floor_reached":11,"playtime":354,"items_purged":[],"score":154,"play_id":"9a29b099-ef01-4adb-963b-7584aaeee5e1","local_time":"20190629140455","is_ascension_mode":true,"campfire_choices":[{"data":"Noxious Fumes","floor":6,"key":"SMITH"}],"neow_cost":"NO_GOLD","seed_source_timestamp":1541269030256109,"circlet_count":0,"master_deck":["AscendersBane","Defend_G","Defend_G","Defend_G","Defend_G","Defend_G","Strike_G","Strike_G","Strike_G","Strike_G","Strike_G","Survivor","Neutralize","Backstab","Noxious Fumes+1","Dash","Caltrops","Backflip","Adrenaline","PiercingWail"],"relics":["Ring of the Snake","Torii","Frozen Egg 2","Matryoshka"],"potions_floor_usage":[11,11],"damage_taken":[{"damage":7,"enemies":"Cultist","floor":1,"turns":5},{"damage":0,"enemies":"Small Slimes","floor":2,"turns":5},{"damage":13,"enemies":"2 Louse","floor":3,"turns":4},{"damage":0,"enemies":"Red Slaver","floor":4,"turns":4},{"damage":3,"enemies":"Lots of Slimes","floor":7,"turns":4},{"damage":49,"enemies":"Gremlin Nob","floor":8,"turns":6},{"damage":1,"enemies":"Looter","floor":10,"turns":3},{"damage":2,"enemies":"Gremlin Gang","floor":11,"turns":2}],"seed_played":"1153266796556758486","potions_obtained":[{"floor":2,"key":"LiquidBronze"},{"floor":3,"key":"Energy Potion"}],"is_trial":false,"path_per_floor":["M","M","M","M","?","R","M","E","T","M","M"],"character_chosen":"THE_SILENT","items_purchased":[],"campfire_rested":0,"item_purchase_floors":[],"current_hp_per_floor":[52,52,39,39,55,55,52,3,3,2,0],"gold":95,"neow_bonus":"ONE_RARE_RELIC","is_prod":false,"is_daily":false,"chose_seed":false,"campfire_upgraded":1,"win_rate":0,"timestamp":1561842295,"path_taken":["M","M","M","M","?","R","M","E","T","M","M"],"build_version":"2019-01-23","purchased_purges":0,"victory":false,"max_hp_per_floor":[66,66,66,66,66,66,66,66,66,66,66],"card_choices":[{"not_picked":["Dagger Spray","Flying Knee"],"picked":"Backstab","floor":1},{"not_picked":["Blade Dance","Flechettes"],"picked":"Noxious Fumes","floor":2},{"not_picked":["Outmaneuver","Backflip"],"picked":"Dash","floor":3},{"not_picked":["Leg Sweep","Acrobatics"],"picked":"Caltrops","floor":4},{"not_picked":["Dash","Dagger Spray"],"picked":"Backflip","floor":7},{"not_picked":["Setup","Dodge and Roll"],"picked":"Adrenaline","floor":8},{"not_picked":["Leg Sweep","Tactician"],"picked":"PiercingWail","floor":10}],"player_experience":821216,"relics_obtained":[{"floor":8,"key":"Frozen Egg 2"},{"floor":9,"key":"Matryoshka"}],"event_choices":[{"damage_healed":16,"gold_gain":0,"player_choice":"Healed","damage_taken":0,"max_hp_gain":0,"max_hp_loss":0,"event_name":"The Cleric","floor":5,"gold_loss":35}],"is_beta":false,"boss_relics":[],"items_purged_floors":[],"is_endless":false,"potions_floor_spawned":[2,3,4,10],"killed_by":"Gremlin Gang","ascension_level":20}