{"gold_per_floor":[115,40,40,53,66,66,141,159,229,229,249,279,307,331,343,431,443],"floor_reached":17,"playtime":588,"items_purged":[],"score":318,"play_id":"9fbbf345-db08-4678-abd2-c7ad4c020fc5","local_time":"20190528204249","is_ascension_mode":true,"campfire_choices":[{"data":"Neutralize","floor":6.0,"key":"SMITH"},{"floor":10.0,"key":"REST"},{"data":"Noxious Fumes","floor":15,"key":"SMITH"}],"neow_cost":"TEN_PERCENT_HP_LOSS","seed_source_timestamp":1187331817726614,"circlet_count":0,"master_deck":["AscendersBane","Defend_G","Defend_G","Defend_G","Defend_G","Defend_G","Strike_G","Strike_G","Strike_G+1","Strike_G+1","Survivor","Neutralize+1","Poisoned Stab","Cloak And Dagger","Deadly Poison","Bouncing Flask","Burst","Bane","Noxious Fumes+1","Die Die Die"],"special_seed":0,"relics":["Ring of the Snake","Gambling Chip","Darkstone Periapt","MawBank"],"potions_floor_usage":[16,16],"damage_taken":[{"damage":1.0,"enemies":"Jaw Worm","floor":1.0,"turns":5.0},{"damage":0.0,"enemies":"2 Louse","floor":4.0,"turns":3.0},{"damage":1.0,"enemies":"Cultist","floor":5.0,"turns":3.0},{"damage":0.0,"enemies":"Red Slaver","floor":8.0,"turns":3.0},{"damage":1,"enemies":"Exordium Thugs","floor":11,"turns":6},{"damage":27,"enemies":"3 Sentries","floor":12,"turns":10},{"damage":0,"enemies":"Blue Slaver","floor":13,"turns":5},{"damage":0,"enemies":"Red Slaver","floor":14,"turns":3},{"damage":17,"enemies":"Slime Boss","floor":16,"turns":9}],"seed_played":"-2272149854700470315","potions_obtained":[{"floor":1.0,"key":"SpeedPotion"},{"floor":12,"key":"Ancient Potion"},{"floor":13,"key":"AttackPotion"}],"is_trial":false,"path_per_floor":["M","?","?","M","M","R","?","M","T","R","M","E","M","M","R","B",null],"character_chosen":"THE_SILENT","items_purchased":[],"campfire_rested":1,"item_purchase_floors":[],"current_hp_per_floor":[58,58,40,40,39,39,28,28,28,46,45,18,18,18,18,1,1],"gold":443,"neow_bonus":"ONE_RARE_RELIC","is_prod":false,"is_daily":false,"chose_seed":false,"campfire_upgraded":2,"win_rate":0,"timestamp":1559101369,"path_taken":["M","?","?","M","?","R","?","M","T","R","M","E","M","M","R","BOSS"],"build_version":"2019-01-23","purchased_purges":0,"victory":false,"max_hp_per_floor":[60,60,60,60,60,60,60,60,60,60,60,60,60,60,60,60,60],"card_choices":[{"not_picked":["Slice","PiercingWail"],"picked":"Poisoned Stab","floor":1.0},{"not_picked":["Deflect","Concentrate"],"picked":"Cloak And Dagger","floor":4.0},{"not_picked":["Acrobatics","Outmaneuver"],"picked":"Deadly Poison","floor":5.0},{"not_picked":["Outmaneuver","Leg Sweep"],"picked":"Bouncing Flask","floor":8.0},{"not_picked":["PiercingWail","Heel Hook"],"picked":"Burst","floor":11},{"not_picked":["Caltrops","Outmaneuver"],"picked":"Bane","floor":12},{"not_picked":["Deadly Poison","Underhanded Strike","Accuracy"],"picked":"SKIP","floor":13},{"not_picked":["Expertise","PiercingWail"],"picked":"Noxious Fumes","floor":14},{"not_picked":["Wraith Form v2","Burst"],"picked":"Die Die Die","floor":16}],"player_experience":743680,"relics_obtained":[{"floor":9.0,"key":"Darkstone Periapt"},{"floor":12,"key":"MawBank"}],"event_choices":[{"cards_removed":["Strike_G"],"damage_healed":0.0,"max_hp_gain":0.0,"max_hp_loss":0.0,"gold_gain":0.0,"event_name":"The Cleric","player_choice":"Card Removal","floor":2.0,"gold_loss":75.0,"damage_taken":0.0},{"damage_healed":0.0,"max_hp_gain":0.0,"max_hp_loss":0.0,"gold_gain":0.0,"event_name":"Shining Light","player_choice":"Entered Light","floor":3.0,"gold_loss":0.0,"damage_taken":18.0,"cards_upgraded":["Strike_G","Strike_G"]},{"damage_healed":0.0,"max_hp_gain":0.0,"max_hp_loss":0.0,"gold_gain":75.0,"event_name":"World of Goop","player_choice":"Gather Gold","floor":7.0,"gold_loss":0.0,"damage_taken":11.0}],"is_beta":false,"boss_relics":[],"items_purged_floors":[],"is_endless":false,"potions_floor_spawned":[1,12,13],"ascension_level":20}