{"gold_per_floor":[112,125,135,135,210,210,236,236,236,236,263,228,127,182,182,259,259,271,281,281,300,318,347,347,347,370,20,53,53,69,102,102,179,179,197,250,265,265,285,318,318,335,360,360,360,376,376,408,408,408],"floor_reached":50,"playtime":2000,"items_purged":["Strike_B"],"score":1157,"play_id":"81e8e76b-8e22-43cc-be18-ac65c5a7226d","local_time":"20181107210850","is_ascension_mode":true,"campfire_choices":[{"floor":6.0,"key":"REST"},{"floor":8.0,"key":"REST"},{"data":"Zap","floor":10.0,"key":"SMITH"},{"data":"Biased Cognition","floor":15.0,"key":"SMITH"},{"floor":24.0,"key":"REST"},{"floor":29.0,"key":"REST"},{"floor":32.0,"key":"REST"},{"floor":41,"key":"REST"},{"floor":44,"key":"REST"},{"data":"Go for the Eyes","floor":47,"key":"SMITH"},{"data":"Reinforced Body","floor":49,"key":"SMITH"}],"neow_cost":"NONE","seed_source_timestamp":2411507912497694,"circlet_count":0,"master_deck":["AscendersBane","Strike_B+1","Defend_B","Defend_B","Defend_B","Defend_B","Zap+1","Genetic Algorithm","Chill","Ball Lightning","Ball Lightning","Biased Cognition+1","Leap","Echo Form","Stack+1","Cold Snap","Hello World","Cold Snap+1","Reinforced Body+1","Defragment+1","Go for the Eyes+1","Electrodynamics+1","Glacier+1","Hello World+1","Chaos+1","Chaos+1","Self Repair+1","Go for the Eyes+1"],"special_seed":0,"relics":["Cracked Core","Sundial","Cables","Pear","Omamori","Eternal Feather","Frozen Egg 2","Anchor","Pantograph","Oddly Smooth Stone","Happy Flower","Astrolabe","StoneCalendar","Strawberry","Pen Nib","Art of War"],"potions_floor_usage":[40,40,48,48],"damage_taken":[{"damage":4.0,"enemies":"2 Louse","floor":1.0,"turns":2.0},{"damage":6.0,"enemies":"Jaw Worm","floor":2.0,"turns":3.0},{"damage":6.0,"enemies":"Small Slimes","floor":3.0,"turns":4.0},{"damage":31.0,"enemies":"Gremlin Nob","floor":7.0,"turns":4.0},{"damage":5.0,"enemies":"3 Sentries","floor":11.0,"turns":5.0},{"damage":31.0,"enemies":"The Guardian","floor":16.0,"turns":9.0},{"damage":8.0,"enemies":"Chosen","floor":18.0,"turns":4.0},{"damage":17.0,"enemies":"Shell Parasite","floor":19.0,"turns":4.0},{"damage":5.0,"enemies":"Snecko","floor":21.0,"turns":4.0},{"damage":1.0,"enemies":"Snake Plant","floor":22.0,"turns":3.0},{"damage":28.0,"enemies":"Book of Stabbing","floor":23.0,"turns":5.0},{"damage":35.0,"enemies":"Slavers","floor":28.0,"turns":6.0},{"damage":0.0,"enemies":"Centurion and Healer","floor":30.0,"turns":6.0},{"damage":41.0,"enemies":"Gremlin Leader","floor":31.0,"turns":8.0},{"damage":26.0,"enemies":"Champ","floor":33.0,"turns":19.0},{"damage":5.0,"enemies":"3 Darklings","floor":35.0,"turns":5.0},{"damage":29.0,"enemies":"2 Orb Walkers","floor":36.0,"turns":3.0},{"damage":0.0,"enemies":"Orb Walker","floor":37.0,"turns":4.0},{"damage":6.0,"enemies":"3 Darklings","floor":39.0,"turns":6.0},{"damage":32,"enemies":"Nemesis","floor":40,"turns":9},{"damage":17,"enemies":"Jaw Worm Horde","floor":42,"turns":2},{"damage":4,"enemies":"Maw","floor":46,"turns":9},{"damage":7,"enemies":"Reptomancer","floor":48,"turns":7},{"damage":97,"enemies":"Time Eater","floor":50,"turns":18}],"seed_played":"-2833101499464155483","potions_obtained":[{"floor":1.0,"key":"Strength Potion"},{"floor":16.0,"key":"Block Potion"},{"floor":18.0,"key":"GamblersBrew"},{"floor":22.0,"key":"Block Potion"},{"floor":30.0,"key":"Strength Potion"},{"floor":31.0,"key":"Fire Potion"},{"floor":37.0,"key":"EssenceOfSteel"},{"floor":39.0,"key":"EssenceOfSteel"},{"floor":42,"key":"Explosive Potion"},{"floor":46,"key":"Block Potion"},{"floor":48,"key":"Energy Potion"}],"is_trial":false,"path_per_floor":["M","M","M","?","?","R","E","R","T","R","E","?","$","T","R","B",null,"M","M","?","M","M","E","R","?","T","$","E","R","M","E","R","B",null,"M","?","M","?","M","E","R","M","T","R","?","M","R","E","R","B"],"character_chosen":"DEFECT","items_purchased":["Leap","Defragment+1","Pantograph"],"campfire_rested":7,"item_purchase_floors":[13,27,27],"current_hp_per_floor":[67,61,55,32,21,44,13,36,36,36,41,63,63,63,63,32,74,66,49,49,44,43,15,53,53,53,53,18,59,59,18,59,58,81,76,47,47,47,41,16,59,42,42,85,85,91,95,88,95,0],"gold":408,"neow_bonus":"TEN_PERCENT_HP_BONUS","is_prod":false,"is_daily":false,"chose_seed":false,"campfire_upgraded":4,"win_rate":0,"timestamp":1541650130,"path_taken":["M","M","M","?","?","R","E","R","T","R","E","?","$","?","R","BOSS","M","M","?","M","M","E","R","?","T","$","E","R","M","E","R","BOSS","M","?","M","?","M","E","R","M","T","R","?","M","R","E","R","BOSS"],"build_version":"2018-11-01","purchased_purges":1,"victory":false,"max_hp_per_floor":[78,78,78,78,78,78,78,78,78,78,88,88,88,88,88,88,88,88,88,88,88,88,88,88,88,88,88,88,88,88,88,88,88,88,88,88,88,88,88,95,95,95,95,95,95,95,95,95,95,95],"card_choices":[{"not_picked":["Lockon","Beam Cell"],"picked":"Genetic Algorithm","floor":1.0},{"not_picked":["Gash","Beam Cell"],"picked":"Chill","floor":2.0},{"not_picked":["Tempest","Rebound"],"picked":"Ball Lightning","floor":3.0},{"not_picked":["Loop","BootSequence"],"picked":"Ball Lightning","floor":7.0},{"not_picked":["Auto Shields","Capacitor"],"picked":"Biased Cognition","floor":11.0},{"not_picked":["Meteor Strike","Core Surge"],"picked":"Echo Form","floor":16.0},{"not_picked":["Beam Cell","Ball Lightning"],"picked":"Stack+1","floor":18.0},{"not_picked":["Beam Cell","Leap"],"picked":"Sweeping Beam+1","floor":19.0},{"not_picked":["Chaos","Fusion"],"picked":"Hello World","floor":21.0},{"not_picked":["Compile Driver","Defragment"],"picked":"Cold Snap+1","floor":22.0},{"not_picked":["Gash","Skim"],"picked":"Reinforced Body","floor":23.0},{"not_picked":["Leap","Static Discharge+1"],"picked":"Go for the Eyes","floor":28.0},{"not_picked":["Gash","Meteor Strike","Reprogram"],"picked":"SKIP","floor":30.0},{"not_picked":["Heatsinks+1","Coolheaded","Sunder"],"picked":"SKIP","floor":31.0},{"not_picked":["Amplify","Reboot"],"picked":"Electrodynamics+1","floor":33.0},{"not_picked":["Fusion","Turbo"],"picked":"Chaos+1","floor":35.0},{"not_picked":["Redo","Hologram","Coolheaded"],"picked":"SKIP","floor":37.0},{"not_picked":["Leap","Steam","Streamline"],"picked":"SKIP","floor":39.0},{"not_picked":["Blizzard","Cold Snap+1","Barrage"],"picked":"SKIP","floor":40},{"not_picked":["Cold Snap","Fusion"],"picked":"Self Repair+1","floor":42},{"not_picked":["Conserve Battery+1","Compile Driver+1"],"picked":"Go for the Eyes+1","floor":46},{"not_picked":["Reinforced Body","Heatsinks+1","Tempest+1"],"picked":"SKIP","floor":48}],"player_experience":600835,"relics_obtained":[{"floor":7.0,"key":"Sundial"},{"floor":9.0,"key":"Cables"},{"floor":11.0,"key":"Pear"},{"floor":14.0,"key":"Omamori"},{"floor":23.0,"key":"Frozen Egg 2"},{"floor":26.0,"key":"Anchor"},{"floor":28.0,"key":"Oddly Smooth Stone"},{"floor":31.0,"key":"Happy Flower"},{"floor":36.0,"key":"StoneCalendar"},{"floor":40,"key":"Strawberry"},{"floor":43,"key":"Pen Nib"},{"floor":48,"key":"Art of War"}],"event_choices":[{"damage_healed":0.0,"max_hp_gain":0.0,"max_hp_loss":0.0,"gold_gain":0.0,"event_name":"Shining Light","player_choice":"Entered Light","floor":4.0,"gold_loss":0.0,"damage_taken":23.0,"cards_upgraded":["Strike_B","Strike_B"]},{"damage_healed":0.0,"max_hp_gain":0.0,"max_hp_loss":0.0,"gold_gain":75.0,"event_name":"World of Goop","player_choice":"Gather Gold","floor":5.0,"gold_loss":0.0,"damage_taken":11.0},{"damage_healed":22.0,"max_hp_gain":0.0,"max_hp_loss":0.0,"gold_gain":0.0,"event_name":"The Cleric","player_choice":"Healed","floor":12.0,"gold_loss":35.0,"damage_taken":0.0},{"damage_healed":0.0,"max_hp_gain":0.0,"max_hp_loss":0.0,"gold_gain":0.0,"event_name":"The Library","player_choice":"Read","floor":20.0,"gold_loss":0.0,"damage_taken":0.0,"cards_obtained":["Cold Snap"]},{"damage_healed":0.0,"max_hp_gain":0.0,"max_hp_loss":0.0,"gold_gain":0.0,"event_name":"Vampires","player_choice":"Ignored","floor":25.0,"gold_loss":0.0,"damage_taken":0.0},{"damage_healed":0.0,"max_hp_gain":0.0,"max_hp_loss":0.0,"gold_gain":0.0,"event_name":"Mysterious Sphere","player_choice":"Fight","floor":36.0,"gold_loss":0.0,"damage_taken":0.0},{"damage_healed":0.0,"max_hp_gain":0.0,"max_hp_loss":0.0,"gold_gain":0.0,"event_name":"Tomb of Lord Red Mask","player_choice":"Ignored","floor":38.0,"gold_loss":0.0,"damage_taken":0.0},{"cards_removed":["Sweeping Beam"],"damage_healed":0,"gold_gain":0,"player_choice":"Removed Attack","damage_taken":0,"max_hp_gain":0,"max_hp_loss":0,"event_name":"Falling","floor":45,"gold_loss":0}],"is_beta":false,"boss_relics":[{"not_picked":["Tiny House","Lizard Tail"],"picked":"Eternal Feather"},{"not_picked":["White Beast Statue","Orrery"],"picked":"Astrolabe"}],"items_purged_floors":[13],"is_endless":false,"potions_floor_spawned":[1,16,18,21,22,30,31,37,39,42,46,48],"killed_by":"Time Eater","ascension_level":20}