{"path_per_floor":["M","?","M","$","?","R","M","T","T","M","?","E","M","$","R","B",null,"M","?","M","M","?","E","$","M","T","R","M","R","?","M","R","B",null,"M","?","$","M","M","R","M","?","T","R","M","M","?","?","R","B"],"character_chosen":"IRONCLAD","items_purchased":["Good Instincts","Limit Break","Ghostly Armor","Inflame","Bag of Preparation","Poison Potion"],"gold_per_floor":[115,115,125,21,121,121,137,164,232,250,279,304,318,10,10,106,106,121,121,91,110,110,136,36,55,82,82,98,98,98,115,115,215,215,229,229,0,14,25,25,38,38,63,63,79,91,139,139,139,139],"floor_reached":51,"campfire_rested":2,"playtime":3168,"current_hp_per_floor":[88,81,84,84,84,84,88,88,88,88,88,88,79,79,79,61,88,86,86,79,65,65,17,17,23,23,49,68,68,68,50,76,57,88,84,74,74,79,88,88,74,74,74,74,88,88,83,72,72,53],"items_purged":["Strike_R","Defend_R"],"gold":139,"score":694,"play_id":"19689591-46fa-436b-9abe-306ab412b17b","local_time":"20180424002510","is_prod":false,"is_daily":false,"chose_seed":false,"is_ascension_mode":false,"campfire_upgraded":6,"timestamp":1524543910,"path_taken":["M","?","?","$","?","R","?","?","T","?","?","E","M","$","R","BOSS","M","?","?","M","?","E","?","M","T","R","M","R","?","?","R","BOSS","M","?","$","?","M","R","M","?","T","R","M","M","?","?","R","BOSS"],"build_version":"2018-04-19","seed_source_timestamp":711984054449587,"purchased_purges":2,"victory":true,"master_deck":["Strike_R","Strike_R","Defend_R+1","Defend_R","Defend_R+1","Bash","Good Instincts+1","Ghostly Armor","Flame Barrier+1","Inflame","Limit Break+1","Ghostly Armor","Reaper+1","Cleave","Shrug It Off+1","Dual Wield","Armaments+1","Bludgeon","Whirlwind+1","Mind Blast","Master of Strategy","Mind Blast","Inflame","Heavy Blade+1","Heavy Blade","Heavy Blade+1","Doubt","Feed","Flame Barrier+1","Madness","Madness"],"max_hp_per_floor":[88,88,88,88,88,88,88,88,88,88,88,88,88,88,88,88,88,88,88,88,88,88,88,88,88,88,88,88,88,88,88,88,88,88,88,88,88,88,88,88,88,88,88,88,88,88,88,88,88,88],"relics":["Burning Blood","Oddly Smooth Stone","Gremlin Horn","Odd Mushroom","Vajra","Calling Bell","Paper Frog","Torii","War Paint","Red Skull","Bronze Scales","Cursed Key","Bag of Preparation","Juzu Bracelet","Ice Cream"],"card_choices":[{"not_picked":["Shrug It Off","Evolve"],"picked":"Ghostly Armor","floor":10},{"not_picked":["Shrug It Off","Armaments"],"picked":"Flame Barrier","floor":11},{"not_picked":["Anger","Headbutt"],"picked":"Inflame","floor":12},{"not_picked":["Demon Form","Juggernaut"],"picked":"Reaper","floor":16},{"not_picked":["Infernal Blade","Combust"],"picked":"Cleave","floor":18},{"not_picked":["Rampage","Flex"],"picked":"Shrug It Off","floor":23},{"not_picked":["Dropkick","True Grit"],"picked":"Dual Wield","floor":25},{"not_picked":["Heavy Blade","Cleave"],"picked":"Armaments","floor":28},{"not_picked":["Dark Embrace","Offering"],"picked":"Bludgeon","floor":33},{"not_picked":["Sever Soul","Perfected Strike"],"picked":"Whirlwind","floor":35},{"not_picked":["Panache","Secret Technique"],"picked":"Mind Blast","floor":36},{"not_picked":["Secret Technique","Flash of Steel"],"picked":"Master of Strategy","floor":36},{"not_picked":["Purity","Transmutation"],"picked":"Mind Blast","floor":36},{"not_picked":["Pummel","Iron Wave"],"picked":"Heavy Blade","floor":38},{"not_picked":["Headbutt","True Grit"],"picked":"Heavy Blade","floor":39},{"not_picked":["Shrug It Off","Dual Wield"],"picked":"Heavy Blade","floor":41},{"not_picked":["True Grit","Wild Strike"],"picked":"Feed","floor":46},{"not_picked":["Perfected Strike","Battle Trance"],"picked":"Flame Barrier","floor":47}],"player_experience":731374,"potions_floor_usage":[10,11,16,21,28,31,38,39,39,39,46,47,50],"damage_taken":[{"damage":6,"enemies":"Jaw Worm","floor":1,"turns":4},{"damage":3,"enemies":"2 Louse","floor":3,"turns":5},{"damage":0,"enemies":"Cultist","floor":7,"turns":3},{"damage":0,"enemies":"3 Louse","floor":10,"turns":4},{"damage":0,"enemies":"The Mushroom Lair","floor":11,"turns":4},{"damage":6,"enemies":"3 Sentries","floor":12,"turns":15},{"damage":15,"enemies":"Gremlin Gang","floor":13,"turns":7},{"damage":24,"enemies":"Hexaghost","floor":16,"turns":9},{"damage":8,"enemies":"Chosen","floor":18,"turns":11},{"damage":29,"enemies":"2 Thieves","floor":20,"turns":5},{"damage":20,"enemies":"Centurion and Healer","floor":21,"turns":12},{"damage":54,"enemies":"Book of Stabbing","floor":23,"turns":9},{"damage":21,"enemies":"Snake Plant","floor":25,"turns":4},{"damage":15,"enemies":"Snecko","floor":28,"turns":6},{"damage":24,"enemies":"Centurion and Healer","floor":31,"turns":9},{"damage":70,"enemies":"Collector","floor":33,"turns":14},{"damage":27,"enemies":"3 Darklings","floor":35,"turns":6},{"damage":1,"enemies":"3 Shapes","floor":38,"turns":1},{"damage":4,"enemies":"Sphere and 2 Shapes","floor":39,"turns":4},{"damage":20,"enemies":"Maw","floor":41,"turns":8},{"damage":19,"enemies":"3 Darklings","floor":45,"turns":6},{"damage":26,"enemies":"4 Shapes","floor":46,"turns":4},{"damage":23,"enemies":"Mysterious Sphere","floor":47,"turns":5},{"damage":60,"enemies":"Time Eater","floor":50,"turns":6}],"event_choices":[{"event_name":"Golden Wing","player_choice":"Card Removal","floor":2,"damage_taken":0},{"event_name":"Golden Shrine","player_choice":"Pray","floor":5,"damage_taken":0},{"event_name":"Mushrooms","player_choice":"Fought Mushrooms","floor":11,"damage_taken":0},{"event_name":"Back to Basics","player_choice":"Elegance","floor":19,"damage_taken":0},{"event_name":"Fountain of Cleansing","player_choice":"Removed Curse","floor":22,"damage_taken":0},{"event_name":"Vampires","player_choice":"Ignored","floor":30,"damage_taken":0},{"event_name":"SensoryStone","player_choice":"Memory 3","floor":36,"damage_taken":0},{"event_name":"Mysterious Sphere","player_choice":"Fight","floor":47,"damage_taken":0},{"event_name":"Winding Halls","player_choice":"Embrace Madness","floor":48,"damage_taken":0}],"boss_relics":[{"not_picked":["Velvet Choker","Runic Dome"],"picked":"Calling Bell"},{"not_picked":["Eternal Feather","White Beast Statue"],"picked":"Cursed Key"}],"potions_floor_spawned":[7,10,13,20,25,28,33,35,38,45,46,47],"seed_played":"-4631989982693122256","ascension_level":0,"is_trial":false}