{"gold_per_floor":[119,135,85,10,10,10,42,42,42,61,71,103,119,154,154,253,253,253,2,2,2,2,2,2,2,2,2,2,2,2,2,2,2,2,2,2,2,2,2,2,2,2,2,2,2,2,2,2,2,2,2,2,2,2,2],"floor_reached":56,"playtime":3287,"items_purged":["Strike_B","Strike_B"],"score":1508,"play_id":"8cee747c-d6bf-426f-bb40-01426ffa5e8d","local_time":"20190519123042","is_ascension_mode":true,"campfire_choices":[{"data":"Zap","floor":6,"key":"SMITH"},{"data":"Defragment","floor":15,"key":"SMITH"},{"data":"Machine Learning","floor":24,"key":"SMITH"},{"data":"Defragment","floor":30,"key":"SMITH"},{"data":"Coolheaded","floor":32,"key":"SMITH"},{"floor":40,"key":"RECALL"},{"data":"1","floor":47,"key":"LIFT"},{"data":"2","floor":49,"key":"LIFT"},{"data":"3","floor":52,"key":"LIFT"}],"neow_cost":"NONE","seed_source_timestamp":377512394301438,"circlet_count":0,"master_deck":["Strike_B","Defend_B","Defend_B","Defend_B","Defend_B","Zap+1","Dualcast","Genetic Algorithm","Ball Lightning","Defragment+1","Coolheaded+1","Reboot","Ball Lightning+1","Genetic Algorithm","Machine Learning+1","Skim+1","Double Energy","Defragment+1","Coolheaded","BootSequence","Go for the Eyes+1","Seek","Chill","Coolheaded","Seek","Capacitor","Hologram","Glacier","Core Surge+1","Stack+1"],"relics":["Cracked Core","Blood Vial","Molten Egg 2","Darkstone Periapt","Strawberry","Dead Branch","Ectoplasm","Oddly Smooth Stone","Turnip","Kunai","Girya","Letter Opener","Fusion Hammer","PreservedInsect","Meat on the Bone","Bottled Tornado","Centennial Puzzle"],"potions_floor_usage":[12,13,28,55,55,55],"damage_taken":[{"damage":1,"enemies":"Cultist","floor":1,"turns":3},{"damage":4,"enemies":"2 Louse","floor":2,"turns":2},{"damage":8,"enemies":"Gremlin Nob","floor":7,"turns":3},{"damage":5,"enemies":"Small Slimes","floor":10,"turns":3},{"damage":4,"enemies":"2 Fungi Beasts","floor":11,"turns":3},{"damage":14,"enemies":"3 Sentries","floor":12,"turns":5},{"damage":11,"enemies":"Gremlin Gang","floor":13,"turns":3},{"damage":0,"enemies":"Lagavulin","floor":14,"turns":5},{"damage":6,"enemies":"The Guardian","floor":16,"turns":10},{"damage":12,"enemies":"3 Byrds","floor":18,"turns":4},{"damage":0,"enemies":"Chosen","floor":20,"turns":3},{"damage":14,"enemies":"Snake Plant","floor":21,"turns":4},{"damage":2,"enemies":"Book of Stabbing","floor":23,"turns":6},{"damage":4,"enemies":"Shelled Parasite and Fungi","floor":25,"turns":5},{"damage":2,"enemies":"3 Cultists","floor":27,"turns":4},{"damage":8,"enemies":"Gremlin Leader","floor":28,"turns":8},{"damage":0,"enemies":"Cultist and Chosen","floor":29,"turns":5},{"damage":0,"enemies":"Colosseum Slavers","floor":31,"turns":5},{"damage":9,"enemies":"Colosseum Nobs","floor":31,"turns":3},{"damage":15,"enemies":"Collector","floor":33,"turns":8},{"damage":0,"enemies":"3 Shapes","floor":35,"turns":3},{"damage":0,"enemies":"Orb Walker","floor":37,"turns":2},{"damage":0,"enemies":"Spire Growth","floor":38,"turns":5},{"damage":0,"enemies":"Jaw Worm Horde","floor":39,"turns":4},{"damage":0,"enemies":"Reptomancer","floor":41,"turns":5},{"damage":0,"enemies":"Giant Head","floor":44,"turns":9},{"damage":0,"enemies":"Transient","floor":45,"turns":5},{"damage":0,"enemies":"Reptomancer","floor":46,"turns":4},{"damage":0,"enemies":"Sphere and 2 Shapes","floor":48,"turns":3},{"damage":0,"enemies":"Time Eater","floor":50,"turns":24},{"damage":0,"enemies":"Shield and Spear","floor":54,"turns":5},{"damage":38,"enemies":"The Heart","floor":55,"turns":10}],"seed_played":"-4105210066229214294","potions_obtained":[{"floor":1,"key":"SpeedPotion"},{"floor":7,"key":"SkillPotion"},{"floor":10,"key":"AttackPotion"},{"floor":13,"key":"Weak Potion"},{"floor":14,"key":"Energy Potion"},{"floor":23,"key":"Regen Potion"},{"floor":31,"key":"AttackPotion"}],"is_trial":false,"path_per_floor":["M","M","?","$","?","R","E","?","T","M","M","E","M","E","R","B",null,"M","$","M","M","?","E","R","M","T","M","E","M","R","?","R","B",null,"M","?","M","M","M","R","E","$","T","E","M","E","R","M","R","B",null,"R","$","E","B",null],"character_chosen":"DEFECT","items_purchased":["Double Energy","Defragment"],"campfire_rested":0,"item_purchase_floors":[19,19],"current_hp_per_floor":[74,71,71,71,76,76,70,70,70,67,65,60,51,53,53,49,87,75,75,77,65,65,65,65,63,63,63,72,74,74,69,69,56,87,87,87,87,87,87,87,87,87,87,87,87,87,87,87,87,87,87,87,87,87,49],"gold":2,"neow_bonus":"RANDOM_COMMON_RELIC","is_prod":false,"is_daily":false,"chose_seed":false,"campfire_upgraded":5,"win_rate":0,"timestamp":1558294242,"path_taken":["M","?","?","$","?","R","E","?","T","M","M","E","M","E","R","BOSS","M","$","M","?","?","E","R","M","T","M","E","M","R","?","R","BOSS","M","?","M","M","?","R","E","?","T","E","M","E","R","M","R","BOSS","R","$","E","BOSS"],"build_version":"2019-01-23","purchased_purges":2,"victory":true,"max_hp_per_floor":[75,75,75,75,80,80,80,80,80,80,80,87,87,87,87,87,87,87,87,87,87,87,87,87,87,87,87,87,87,87,87,87,87,87,87,87,87,87,87,87,87,87,87,87,87,87,87,87,87,87,87,87,87,87,87],"card_choices":[{"not_picked":["Consume","Stack"],"picked":"Genetic Algorithm","floor":1},{"not_picked":["Hologram","Heatsinks"],"picked":"Ball Lightning","floor":2},{"not_picked":["Barrage","Streamline"],"picked":"Defragment","floor":7},{"not_picked":["Turbo","Fusion","Conserve Battery"],"picked":"SKIP","floor":10},{"not_picked":["Stack","Fission","Steam"],"picked":"SKIP","floor":11},{"not_picked":["Aggregate","Blizzard+1"],"picked":"Ball Lightning+1","floor":12},{"not_picked":["Recycle","Beam Cell+1"],"picked":"Genetic Algorithm","floor":13},{"not_picked":["Steam","Conserve Battery","Rebound+1"],"picked":"SKIP","floor":14},{"not_picked":["Amplify","All For One+1"],"picked":"Machine Learning","floor":16},{"not_picked":["Blizzard+1","Rebound+1"],"picked":"Skim+1","floor":18},{"not_picked":["Undo+1","Cold Snap+1"],"picked":"Coolheaded","floor":20},{"not_picked":["Redo","Beam Cell+1"],"picked":"BootSequence","floor":21},{"not_picked":["Rebound+1","Stack+1"],"picked":"Seek","floor":23},{"not_picked":["Hello World","Stack","Defragment"],"picked":"SKIP","floor":25},{"not_picked":["Self Repair","Conserve Battery","Steam+1"],"picked":"SKIP","floor":27},{"not_picked":["Tempest+1","Force Field"],"picked":"Chill","floor":28},{"not_picked":["Beam Cell+1","Self Repair+1"],"picked":"Coolheaded","floor":29},{"not_picked":["Multi-Cast","Reboot"],"picked":"Seek","floor":33},{"not_picked":["Turbo+1","Leap"],"picked":"Capacitor","floor":35},{"not_picked":["Sweeping Beam+1","Genetic Algorithm"],"picked":"Hologram","floor":37},{"not_picked":["Sweeping Beam+1","Go for the Eyes+1"],"picked":"Glacier","floor":38},{"not_picked":["Redo","Go for the Eyes+1","Turbo"],"picked":"SKIP","floor":39},{"not_picked":["Ball Lightning+1","Sunder+1"],"picked":"Core Surge+1","floor":41},{"not_picked":["Cold Snap+1","FTL+1","Storm"],"picked":"SKIP","floor":44},{"not_picked":["Conserve Battery+1","Compile Driver+1"],"picked":"Stack+1","floor":45},{"not_picked":["Steam","Turbo+1","Recycle"],"picked":"SKIP","floor":46},{"not_picked":["Steam+1","Cold Snap+1","Ball Lightning+1"],"picked":"SKIP","floor":48},{"not_picked":["Leap+1","Redo","Fusion+1"],"picked":"SKIP","floor":54}],"player_experience":713124,"relics_obtained":[{"floor":7,"key":"Molten Egg 2"},{"floor":9,"key":"Darkstone Periapt"},{"floor":12,"key":"Strawberry"},{"floor":14,"key":"Dead Branch"},{"floor":23,"key":"Oddly Smooth Stone"},{"floor":26,"key":"Turnip"},{"floor":28,"key":"Kunai"},{"floor":31,"key":"Girya"},{"floor":31,"key":"Letter Opener"},{"floor":41,"key":"PreservedInsect"},{"floor":44,"key":"Meat on the Bone"},{"floor":46,"key":"Bottled Tornado"},{"floor":54,"key":"Centennial Puzzle"}],"event_choices":[{"cards_removed":["Strike_B"],"damage_healed":0,"gold_gain":0,"player_choice":"Card Removal","damage_taken":0,"max_hp_gain":0,"max_hp_loss":0,"event_name":"The Cleric","floor":3,"gold_loss":50},{"damage_healed":0,"gold_gain":0,"player_choice":"Donut","damage_taken":0,"max_hp_gain":5,"max_hp_loss":0,"event_name":"Big Fish","floor":5,"gold_loss":0},{"damage_healed":0,"gold_gain":0,"player_choice":"2 cards matched","damage_taken":0,"max_hp_gain":0,"max_hp_loss":0,"event_name":"Match and Keep!","floor":8,"gold_loss":0,"cards_obtained":["Coolheaded","Reboot"]},{"damage_healed":0,"gold_gain":0,"player_choice":"Read","damage_taken":0,"max_hp_gain":0,"max_hp_loss":0,"event_name":"The Library","floor":22,"gold_loss":0,"cards_obtained":["Go for the Eyes"]},{"damage_healed":0,"gold_gain":0,"player_choice":"Fight","damage_taken":0,"max_hp_gain":0,"max_hp_loss":0,"event_name":"Colosseum","floor":31,"gold_loss":0},{"damage_healed":0,"gold_gain":0,"player_choice":"Fought Nobs","damage_taken":0,"max_hp_gain":0,"max_hp_loss":0,"event_name":"Colosseum","floor":31,"gold_loss":0},{"damage_healed":0,"gold_gain":0,"player_choice":"0 cards matched","damage_taken":0,"max_hp_gain":0,"max_hp_loss":0,"event_name":"Match and Keep!","floor":36,"gold_loss":0,"cards_obtained":[]}],"is_beta":false,"boss_relics":[{"not_picked":["Philosopher\u0027s Stone","Eternal Feather"],"picked":"Ectoplasm"},{"not_picked":["Velvet Choker","Orrery"],"picked":"Fusion Hammer"}],"items_purged_floors":[4,19],"is_endless":false,"potions_floor_spawned":[1,7,10,13,14,23,25,27,31,33,35,37,44,45,48],"ascension_level":1}