{"gold_per_floor":[117,117,137,0,0,0,40,40,65,65,79,106,130,145,145,145],"floor_reached":16,"playtime":642,"items_purged":[],"score":125,"play_id":"ceea42e0-b754-417c-9a4c-26160be8e71f","local_time":"20190620015724","is_ascension_mode":true,"campfire_choices":[{"data":"Electrodynamics","floor":6,"key":"SMITH"},{"data":"Storm","floor":8,"key":"SMITH"},{"data":"Trip","floor":10,"key":"SMITH"},{"data":"Streamline","floor":15,"key":"SMITH"}],"neow_cost":"NONE","seed_source_timestamp":17929799723100,"circlet_count":0,"master_deck":["Strike_B","Strike_B","Strike_B","Strike_B","Defend_B","Defend_B","Defend_B","Defend_B","Zap","Dualcast","Steam","Steam","Electrodynamics+1","Stack","Trip+1","Steam","Injury","Storm+1","Genetic Algorithm","Streamline","Streamline+1"],"relics":["Eternal Feather","Golden Idol","Dream Catcher","Happy Flower"],"potions_floor_usage":[13,14],"damage_taken":[{"damage":11,"enemies":"Small Slimes","floor":1,"turns":5},{"damage":5,"enemies":"Cultist","floor":3,"turns":4},{"damage":9,"enemies":"3 Sentries","floor":7,"turns":4},{"damage":12,"enemies":"Jaw Worm","floor":11,"turns":2},{"damage":2,"enemies":"Blue Slaver","floor":13,"turns":2},{"damage":20,"enemies":"Gremlin Gang","floor":14,"turns":5},{"damage":56,"enemies":"Hexaghost","floor":16,"turns":9}],"seed_played":"9089159301767442511","potions_obtained":[{"floor":7,"key":"SpeedPotion"},{"floor":11,"key":"FearPotion"}],"is_trial":false,"path_per_floor":["M","?","M","$","?","R","E","R","T","R","M","T","M","M","R","B"],"character_chosen":"DEFECT","items_purchased":["Trip","Steam"],"campfire_rested":0,"item_purchase_floors":[4,4],"current_hp_per_floor":[64,64,59,59,59,68,59,68,68,75,63,63,61,41,53,0],"gold":145,"neow_bonus":"BOSS_RELIC","is_prod":false,"is_daily":false,"chose_seed":false,"campfire_upgraded":4,"win_rate":0,"timestamp":1561010244,"path_taken":["M","?","?","$","?","R","E","R","T","R","M","?","M","M","R","BOSS"],"build_version":"2019-06-18","purchased_purges":0,"victory":false,"max_hp_per_floor":[75,75,75,75,75,75,75,75,75,75,75,75,75,75,75,75],"card_choices":[{"not_picked":["Hologram","Steam Power"],"picked":"Steam","floor":1},{"not_picked":["Go for the Eyes","Ball Lightning"],"picked":"Stack","floor":3},{"not_picked":["Melter","Sunder"],"picked":"Storm","floor":7},{"not_picked":["Compile Driver","Gash"],"picked":"Genetic Algorithm","floor":11},{"not_picked":["Fusion","Reprogram"],"picked":"Streamline","floor":13},{"not_picked":["Cold Snap","Undo"],"picked":"Streamline","floor":14}],"player_experience":1088390,"relics_obtained":[{"floor":7,"key":"Dream Catcher"},{"floor":9,"key":"Happy Flower"}],"event_choices":[{"damage_healed":0,"gold_gain":0,"player_choice":"2 cards matched","damage_taken":0,"max_hp_gain":0,"max_hp_loss":0,"event_name":"Match and Keep!","floor":2,"gold_loss":0,"cards_obtained":["Steam","Electrodynamics"]},{"damage_healed":0,"gold_gain":0,"player_choice":"Take Wound","damage_taken":0,"relics_obtained":["Golden Idol"],"max_hp_gain":0,"max_hp_loss":0,"event_name":"Golden Idol","floor":5,"gold_loss":0,"cards_obtained":["Injury"]}],"is_beta":true,"boss_relics":[],"items_purged_floors":[],"is_endless":false,"potions_floor_spawned":[7,11],"killed_by":"Hexaghost","ascension_level":5}