{"gold_per_floor":[114,126,76,41,57,57,87,87,87,104,104,104,138,149,149,250,250,262,281,48,63,63,63,88,88],"floor_reached":25,"playtime":753,"items_purged":[],"score":320,"play_id":"a10029c9-f1b1-4e3b-b76d-010836a6fe4a","local_time":"20180722031959","is_ascension_mode":true,"campfire_choices":[{"data":"Perfected Strike","floor":6,"key":"SMITH"},{"floor":11,"key":"REST"},{"floor":15,"key":"REST"}],"neow_cost":"TEN_PERCENT_HP_LOSS","seed_source_timestamp":1122705774270193,"circlet_count":0,"master_deck":["Strike_R+1","Strike_R","Strike_R","Strike_R","Strike_R","Defend_R","Bash","Perfected Strike+1","Twin Strike","Feel No Pain","Twin Strike+1","Power Through+1","Cleave","True Grit","Twin Strike","Feed","Perfected Strike","Bludgeon","Cleave","Pommel Strike+1","Inflame"],"relics":["Burning Blood","Question Card","Anchor","Sundial","Philosopher\u0027s Stone","HandDrill","Red Skull"],"potions_floor_usage":[7,13,16,18,21,24,24],"damage_taken":[{"damage":1,"enemies":"Cultist","floor":1,"turns":4},{"damage":0,"enemies":"Small Slimes","floor":2,"turns":2},{"damage":12,"enemies":"Jaw Worm","floor":5,"turns":2},{"damage":27,"enemies":"3 Sentries","floor":7,"turns":6},{"damage":13,"enemies":"Blue Slaver","floor":10,"turns":3},{"damage":0,"enemies":"Gremlin Nob","floor":13,"turns":3},{"damage":9,"enemies":"Exordium Thugs","floor":14,"turns":5},{"damage":13,"enemies":"The Guardian","floor":16,"turns":10},{"damage":13,"enemies":"Shell Parasite","floor":18,"turns":3},{"damage":3,"enemies":"Spheric Guardian","floor":19,"turns":3},{"damage":8,"enemies":"3 Cultists","floor":21,"turns":4},{"damage":46,"enemies":"Slavers","floor":24,"turns":4},{"damage":24,"enemies":"Centurion and Healer","floor":25,"turns":3}],"seed_played":"-1769842781169766006","potions_obtained":[{"floor":2,"key":"LiquidBronze"},{"floor":10,"key":"AttackPotion"},{"floor":14,"key":"LiquidBronze"},{"floor":16,"key":"Strength Potion"},{"floor":18,"key":"SpeedPotion"},{"floor":19,"key":"EssenceOfSteel"},{"floor":21,"key":"BloodPotion"}],"is_trial":false,"path_per_floor":["M","M","?","$","M","R","E","?","T","M","R","?","E","M","R","B",null,"M","M","$","M","?","?","E"],"character_chosen":"IRONCLAD","items_purchased":["Feel No Pain","HandDrill","Cleave"],"campfire_rested":2,"item_purchase_floors":[4,20,20],"current_hp_per_floor":[72,72,72,72,66,66,45,31,31,24,45,45,51,48,69,62,70,63,69,69,70,70,55,23,0],"gold":88,"neow_bonus":"REMOVE_TWO","is_prod":false,"is_daily":false,"chose_seed":false,"campfire_upgraded":1,"win_rate":0,"timestamp":1532243999,"path_taken":["M","?","?","?","M","R","E","?","T","M","R","?","E","M","R","BOSS","M","M","$","M","?","?","E","M"],"build_version":"2018-07-19","purchased_purges":0,"victory":false,"max_hp_per_floor":[72,72,72,72,72,72,72,72,72,72,72,72,72,72,72,72,72,72,75,75,78,78,83,83,83],"card_choices":[{"not_picked":["Body Slam","Bloodletting"],"picked":"Perfected Strike","floor":1},{"not_picked":["Headbutt","Shockwave"],"picked":"Twin Strike","floor":2},{"not_picked":["Body Slam","Headbutt"],"picked":"Twin Strike","floor":5},{"not_picked":["Armaments","Flex"],"picked":"Power Through","floor":7},{"not_picked":["Warcry","Thunderclap","Rupture"],"picked":"Cleave","floor":10},{"not_picked":["Heavy Blade","Pommel Strike","Rampage"],"picked":"True Grit","floor":13},{"not_picked":["Juggernaut","Combust","Anger"],"picked":"Twin Strike","floor":14},{"not_picked":["Limit Break","Juggernaut","Exhume"],"picked":"Feed","floor":16},{"not_picked":["Heavy Blade","Iron Wave","Metallicize+1"],"picked":"Perfected Strike","floor":18},{"not_picked":["Wild Strike","Anger","Headbutt+1"],"picked":"Bludgeon","floor":19},{"not_picked":["Clash","Cleave","Body Slam"],"picked":"Pommel Strike+1","floor":21},{"not_picked":["Rage","Bloodletting","Entrench"],"picked":"Inflame","floor":24}],"player_experience":474771,"relics_obtained":[{"floor":7,"key":"Question Card"},{"floor":9,"key":"Anchor"},{"floor":13,"key":"Sundial"},{"floor":24,"key":"Red Skull"}],"event_choices":[{"event_name":"The Cleric","player_choice":"Card Removal","floor":3,"damage_taken":0},{"event_name":"Shining Light","player_choice":"Entered Light","floor":8,"damage_taken":0},{"event_name":"Living Wall","player_choice":"Grow","floor":12,"damage_taken":0},{"event_name":"Ghosts","player_choice":"Ignored","floor":22,"damage_taken":0},{"event_name":"Forgotten Altar","player_choice":"Shed Blood","floor":23,"damage_taken":0}],"is_beta":true,"boss_relics":[{"not_picked":["Pandora\u0027s Box","Ectoplasm"],"picked":"Philosopher\u0027s Stone"}],"items_purged_floors":[],"is_endless":false,"potions_floor_spawned":[2,10,14,16,18,19,21],"killed_by":"Centurion and Healer","ascension_level":5}