{"gold_per_floor":[117,135,135,135,135,165,165,222,273,300,320,320,331,344,344,441,441,454,454,471,10,21,21,39,39],"floor_reached":25,"playtime":1898,"items_purged":["Strike_R"],"score":250,"play_id":"04f4a174-83ba-44ee-91b0-c053353749a0","local_time":"20190617195629","is_ascension_mode":true,"campfire_choices":[{"data":"Armaments","floor":7,"key":"SMITH"},{"data":"Evolve","floor":12,"key":"SMITH"},{"floor":15,"key":"REST"},{"floor":23,"key":"REST"}],"neow_cost":"NONE","seed_source_timestamp":433356381696103,"circlet_count":0,"master_deck":["Strike_R","Strike_R","Strike_R","Defend_R","Defend_R","Defend_R","Defend_R","Bash","Uppercut","Flex","Armaments+1","Flex","Evolve+1","Reckless Charge","Heavy Blade","Reckless Charge","True Grit","Violence","Panacea","Wild Strike","Seeing Red+1"],"relics":["Burning Blood","NeowsBlessing","Happy Flower","Ginger","Regal Pillow","Ornamental Fan","Runic Cube"],"potions_floor_usage":[8,16,16,16,22,25],"damage_taken":[{"damage":0,"enemies":"Jaw Worm","floor":1,"turns":1},{"damage":0,"enemies":"Small Slimes","floor":2,"turns":1},{"damage":0,"enemies":"Gremlin Nob","floor":6,"turns":1},{"damage":22,"enemies":"Gremlin Nob","floor":8,"turns":4},{"damage":29,"enemies":"Lagavulin","floor":10,"turns":7},{"damage":0,"enemies":"2 Louse","floor":11,"turns":2},{"damage":9,"enemies":"Looter","floor":13,"turns":4},{"damage":4,"enemies":"Blue Slaver","floor":14,"turns":3},{"damage":35,"enemies":"Slime Boss","floor":16,"turns":6},{"damage":25,"enemies":"Spheric Guardian","floor":18,"turns":6},{"damage":19,"enemies":"3 Byrds","floor":20,"turns":6},{"damage":27,"enemies":"Snecko","floor":22,"turns":5},{"damage":35,"enemies":"Centurion and Healer","floor":24,"turns":4},{"damage":26,"enemies":"Chosen and Byrds","floor":25,"turns":5}],"seed_played":"-7428582142485525342","potions_obtained":[{"floor":2,"key":"FearPotion"},{"floor":11,"key":"LiquidBronze"},{"floor":13,"key":"Ancient Potion"},{"floor":14,"key":"SkillPotion"},{"floor":20,"key":"Dexterity Potion"},{"floor":24,"key":"Ancient Potion"}],"is_trial":false,"path_per_floor":["M","M","?","$","?","E","R","?","T","E","M","R","M","M","R","B",null,"M","?","M","$","M","R","M","M"],"character_chosen":"IRONCLAD","items_purchased":["Reckless Charge","True Grit","Violence","Panacea"],"campfire_rested":2,"item_purchase_floors":[21,21,21,21],"current_hp_per_floor":[80,80,80,80,80,80,80,64,64,41,47,47,44,46,80,51,80,61,46,33,33,12,52,23,0],"gold":39,"neow_bonus":"THREE_ENEMY_KILL","is_prod":false,"is_daily":false,"chose_seed":false,"campfire_upgraded":2,"win_rate":0,"timestamp":1560815789,"path_taken":["M","M","?","$","?","E","R","?","T","E","?","R","M","M","R","BOSS","M","?","M","$","M","R","M","M"],"build_version":"2019-01-23","purchased_purges":1,"victory":false,"max_hp_per_floor":[80,80,80,80,80,80,80,80,80,80,80,80,80,80,80,80,80,80,85,85,85,85,85,85,85],"card_choices":[{"not_picked":["Clothesline","Power Through"],"picked":"Uppercut","floor":1},{"not_picked":["Perfected Strike","Blood for Blood"],"picked":"Flex","floor":2},{"not_picked":["Pommel Strike","Heavy Blade"],"picked":"Armaments","floor":6},{"not_picked":["Sword Boomerang","Ghostly Armor"],"picked":"Flex","floor":10},{"not_picked":["Heavy Blade","Sentinel"],"picked":"Evolve","floor":11},{"not_picked":["Clothesline","Anger","Fire Breathing"],"picked":"SKIP","floor":13},{"not_picked":["Shrug It Off","Combust"],"picked":"Reckless Charge","floor":14},{"not_picked":["Uppercut+1","Armaments","Clash+1"],"picked":"SKIP","floor":18},{"not_picked":["Cleave","Perfected Strike"],"picked":"Heavy Blade","floor":20},{"not_picked":["Combust","Twin Strike"],"picked":"Wild Strike","floor":22},{"not_picked":["Shrug It Off","Wild Strike"],"picked":"Seeing Red+1","floor":24}],"player_experience":145141,"relics_obtained":[{"floor":6,"key":"Happy Flower"},{"floor":8,"key":"Ginger"},{"floor":9,"key":"Regal Pillow"},{"floor":10,"key":"Ornamental Fan"}],"event_choices":[{"cards_removed":["Strike_R"],"damage_healed":0,"gold_gain":0,"player_choice":"Forget","damage_taken":0,"max_hp_gain":0,"max_hp_loss":0,"event_name":"Living Wall","floor":3,"gold_loss":0},{"damage_healed":0,"gold_gain":0,"player_choice":"Ignored","damage_taken":0,"max_hp_gain":0,"max_hp_loss":0,"event_name":"Golden Idol","floor":5,"gold_loss":0},{"damage_healed":0,"gold_gain":0,"player_choice":"Searched \u00271\u0027 times","damage_taken":0,"max_hp_gain":0,"max_hp_loss":0,"event_name":"Dead Adventurer","floor":8,"gold_loss":0},{"damage_healed":0,"gold_gain":0,"player_choice":"Shed Blood","damage_taken":20,"max_hp_gain":5,"max_hp_loss":0,"event_name":"Forgotten Altar","floor":19,"gold_loss":0}],"is_beta":false,"boss_relics":[{"not_picked":["Orrery","Ectoplasm"],"picked":"Runic Cube"}],"items_purged_floors":[21],"is_endless":false,"potions_floor_spawned":[2,11,13,14,20,24],"killed_by":"Chosen and Byrds","ascension_level":1}