{"gold_per_floor":[116,116,126,144,144,176,176,211,211,240,240,34,34,34,34,133,133,152,162,36,36,36,64,64,64,91,106,106,139,168,168,168,264,264,281,298,321,331,351,351,383,383,383,411,411,9,20,40,40,40],"floor_reached":51,"playtime":2329,"items_purged":[],"score":1069,"play_id":"48dc6512-307f-468f-a3c6-8acaaae72600","local_time":"20180714074256","is_ascension_mode":true,"campfire_choices":[{"floor":7,"key":"REST"},{"floor":13,"key":"REST"},{"data":"Searing Blow","floor":15,"key":"SMITH"},{"floor":25,"key":"REST"},{"data":"Searing Blow+1","floor":28,"key":"SMITH"},{"data":"Searing Blow+2","floor":32,"key":"SMITH"},{"floor":40,"key":"REST"},{"floor":49,"key":"REST"}],"neow_cost":"","seed_source_timestamp":445732093877015,"circlet_count":0,"master_deck":["Strike_R+1","Strike_R","Strike_R","Strike_R","Strike_R","Defend_R","Defend_R","Defend_R","Defend_R","Bash","Rampage","Cleave","Double Tap","Intimidate","Warcry","Searing Blow+3","Clash+1","Double Tap","Fiend Fire","Clash+1","Ghostly Armor","Shame","Power Through+1","Decay","Writhe","Heavy Blade+1","Pommel Strike+1","Iron Wave+1","Limit Break+1","Warcry+1","Perfected Strike","Pain","Clash","Heavy Blade+1","Intimidate+1","Dark Embrace","Thinking Ahead+1","Blind+1","Mind Blast","Doubt","Body Slam+1","Writhe","Shrug It Off+1","Limit Break+1","Good Instincts+1","Iron Wave","Power Through+1","Entrench+1","Heavy Blade"],"relics":["Burning Blood","Mummified Hand","Gremlin Horn","Shuriken","Blue Candle","Blood Vial","HandDrill","Darkstone Periapt","Cursed Key","Tiny Chest","Ancient Tea Set","Du-Vu Doll","Oddly Smooth Stone","Pen Nib","Toxic Egg 2","Red Mask","Mark of Pain","Dream Catcher","Boot","Mercury Hourglass","Meat on the Bone","DollysMirror"],"potions_floor_usage":[8,10,18,19,30,33,36,38,41,48],"damage_taken":[{"damage":6,"enemies":"Jaw Worm","floor":1,"turns":6},{"damage":15,"enemies":"Small Slimes","floor":3,"turns":3},{"damage":1,"enemies":"Cultist","floor":4,"turns":3},{"damage":26,"enemies":"3 Sentries","floor":6,"turns":6},{"damage":25,"enemies":"Lagavulin","floor":8,"turns":5},{"damage":18,"enemies":"3 Sentries","floor":10,"turns":4},{"damage":52,"enemies":"Hexaghost","floor":16,"turns":9},{"damage":5,"enemies":"3 Byrds","floor":18,"turns":3},{"damage":28,"enemies":"2 Thieves","floor":19,"turns":3},{"damage":20,"enemies":"Slavers","floor":23,"turns":4},{"damage":8,"enemies":"Cultist and Chosen","floor":27,"turns":3},{"damage":39,"enemies":"Book of Stabbing","floor":29,"turns":3},{"damage":0,"floor":30,"turns":3},{"damage":40,"enemies":"Champ","floor":33,"turns":9},{"damage":42,"enemies":"3 Shapes","floor":35,"turns":3},{"damage":4,"enemies":"3 Darklings","floor":36,"turns":4},{"damage":7,"enemies":"Spire Growth","floor":38,"turns":3},{"damage":36,"enemies":"Sphere and 2 Shapes","floor":39,"turns":3},{"damage":67,"enemies":"Nemesis","floor":41,"turns":6},{"damage":21,"enemies":"2 Orb Walkers","floor":44,"turns":3},{"damage":2,"enemies":"Transient","floor":47,"turns":5},{"damage":27,"enemies":"Spire Growth","floor":48,"turns":3},{"damage":58,"enemies":"Awakened One","floor":50,"turns":6}],"seed_played":"928200847082037189","potions_obtained":[{"floor":4,"key":"FearPotion"},{"floor":8,"key":"Regen Potion"},{"floor":10,"key":"SpeedPotion"},{"floor":16,"key":"PowerPotion"},{"floor":27,"key":"GamblersBrew"},{"floor":30,"key":"Dexterity Potion"},{"floor":33,"key":"BloodPotion"},{"floor":36,"key":"SteroidPotion"},{"floor":39,"key":"Ancient Potion"},{"floor":47,"key":"Explosive Potion"}],"is_trial":false,"path_per_floor":["M","?","M","M","?","E","R","E","T","E","?","$","R","T","R","B",null,"M","M","$","T","?","E","?","R","T","M","R","E","?","$","R","B",null,"M","M","T","M","M","R","E","?","T","E","?","$","M","M","R","B"],"character_chosen":"IRONCLAD","items_purchased":["HandDrill","Tiny Chest","Shrug It Off+1","DollysMirror","Good Instincts+1","Iron Wave"],"campfire_rested":5,"item_purchase_floors":[12,20,46,46,46,46],"current_hp_per_floor":[80,73,64,69,69,49,73,54,54,54,38,38,62,62,62,18,80,80,58,58,64,64,52,58,85,91,91,91,60,68,68,68,36,98,62,75,81,82,54,85,26,16,22,9,43,43,61,54,88,50],"gold":40,"neow_bonus":"","is_prod":false,"is_daily":false,"chose_seed":false,"campfire_upgraded":3,"win_rate":0,"timestamp":1531568576,"path_taken":["M","?","?","M","?","E","R","E","T","E","?","$","R","?","R","BOSS","M","M","$","?","?","E","?","R","T","M","R","E","?","?","R","BOSS","M","M","?","M","M","R","E","?","T","E","?","$","M","M","R","BOSS"],"build_version":"2018-07-13","purchased_purges":0,"victory":true,"max_hp_per_floor":[80,80,80,80,80,80,80,80,80,80,80,80,80,80,80,80,80,80,80,80,86,86,86,92,92,98,98,98,98,98,98,98,98,98,98,98,104,104,104,104,104,104,110,110,116,116,116,116,116,116],"card_choices":[{"not_picked":["Headbutt","Clothesline"],"picked":"Rampage","floor":1},{"not_picked":["Body Slam","Havoc"],"picked":"Cleave","floor":3},{"not_picked":["Wild Strike","Spot Weakness"],"picked":"Double Tap","floor":4},{"not_picked":["Heavy Blade","Headbutt"],"picked":"Searing Blow","floor":6},{"not_picked":["Flex","Havoc"],"picked":"Clash","floor":8},{"not_picked":["Hemokinesis","Iron Wave"],"picked":"Double Tap","floor":10},{"not_picked":["Juggernaut","Exhume"],"picked":"Fiend Fire","floor":16},{"not_picked":["Anger","Sword Boomerang+1"],"picked":"Clash+1","floor":18},{"not_picked":["Thunderclap+1","Flex"],"picked":"Ghostly Armor","floor":19},{"not_picked":["Disarm","Rage"],"picked":"Power Through+1","floor":23},{"not_picked":["Flex","Armaments"],"picked":"Heavy Blade+1","floor":27},{"not_picked":["Warcry","Headbutt"],"picked":"Pommel Strike+1","floor":29},{"not_picked":["Body Slam","Flex+1"],"picked":"Iron Wave+1","floor":30},{"not_picked":["Demon Form","Impervious+1"],"picked":"Limit Break+1","floor":33},{"not_picked":["Spot Weakness+1","Headbutt"],"picked":"Warcry+1","floor":35},{"not_picked":["Thunderclap","Clash+1"],"picked":"Perfected Strike","floor":36},{"not_picked":["True Grit+1","Armaments+1"],"picked":"Clash","floor":38},{"not_picked":["Seeing Red+1","Havoc+1"],"picked":"Heavy Blade+1","floor":39},{"not_picked":["Rupture","Metallicize"],"picked":"Intimidate+1","floor":40},{"not_picked":["Reckless Charge","Twin Strike"],"picked":"Dark Embrace","floor":41},{"not_picked":["Flash of Steel","HandOfGreed"],"picked":"Thinking Ahead+1","floor":42},{"not_picked":["Jack Of All Trades+1","Purity+1"],"picked":"Blind+1","floor":42},{"not_picked":["Finesse+1","Secret Weapon+1"],"picked":"Mind Blast","floor":42},{"not_picked":["Anger","True Grit+1"],"picked":"Body Slam+1","floor":44},{"not_picked":["Pommel Strike","Wild Strike+1"],"picked":"Power Through+1","floor":47},{"not_picked":["Reckless Charge","Evolve"],"picked":"Entrench+1","floor":48},{"not_picked":["Sword Boomerang","Exhume+1"],"picked":"Heavy Blade","floor":49}],"player_experience":428226,"relics_obtained":[{"floor":6,"key":"Gremlin Horn"},{"floor":8,"key":"Shuriken"},{"floor":9,"key":"Blue Candle"},{"floor":10,"key":"Blood Vial"},{"floor":14,"key":"Darkstone Periapt"},{"floor":21,"key":"Ancient Tea Set"},{"floor":23,"key":"Oddly Smooth Stone"},{"floor":26,"key":"Pen Nib"},{"floor":29,"key":"Toxic Egg 2"},{"floor":30,"key":"Red Mask"},{"floor":37,"key":"Dream Catcher"},{"floor":41,"key":"Boot"},{"floor":43,"key":"Mercury Hourglass"},{"floor":44,"key":"Meat on the Bone"}],"event_choices":[{"event_name":"Scrap Ooze","player_choice":"success","floor":2,"damage_taken":7},{"event_name":"Match and Keep!","player_choice":"2 cards matched","floor":5,"damage_taken":0},{"event_name":"Shining Light","player_choice":"Entered Light","floor":11,"damage_taken":0},{"event_name":"The Mausoleum","player_choice":"Yes","floor":22,"damage_taken":0},{"event_name":"Forgotten Altar","player_choice":"Smashed Altar","floor":24,"damage_taken":0},{"event_name":"Masked Bandits","player_choice":"Fought over 139 gold","floor":30,"damage_taken":0},{"event_name":"SensoryStone","player_choice":"Memory 3","floor":42,"damage_taken":0},{"event_name":"Winding Halls","player_choice":"Writhe","floor":45,"damage_taken":0}],"boss_relics":[{"not_picked":["Runic Dome","Snecko Eye"],"picked":"Cursed Key"},{"not_picked":["Fusion Hammer","Tiny House"],"picked":"Mark of Pain"}],"items_purged_floors":[],"is_endless":false,"potions_floor_spawned":[4,8,10,16,27,30,33,36,39,47],"ascension_level":3}