{"gold_per_floor":[116,116,116,191,211,246,246,287,287,287,306,329,329,365,365,464,464,487,502,502,502,259,259,280,319,319,319,319],"floor_reached":28,"playtime":964,"items_purged":["Writhe"],"score":508,"play_id":"c217afb5-d0d2-4e40-a540-8f1c5eb882cc","local_time":"20190529212141","is_ascension_mode":true,"campfire_choices":[{"floor":7.0,"key":"REST"},{"data":"Anger","floor":10.0,"key":"SMITH"},{"data":"Combust","floor":15.0,"key":"SMITH"},{"data":"Exhume","floor":23.0,"key":"SMITH"},{"data":"Ghostly","floor":27.0,"key":"SMITH"}],"neow_cost":"NONE","seed_source_timestamp":1275703914784447,"circlet_count":0,"master_deck":["AscendersBane","Strike_R","Strike_R","Strike_R","Strike_R","Defend_R","Defend_R","Defend_R","Defend_R","Bash","Pommel Strike","Anger+1","Evolve","Shrug It Off","Clothesline","Combust+1","Exhume+1","Reaper","Shrug It Off","Ghostly","Ghostly","Ghostly+1","Dark Embrace+1"],"special_seed":0,"relics":["Burning Blood","Blood Vial","Golden Idol","Meat on the Bone","Self Forming Clay","Bottled Flame","Frozen Egg 2","Velvet Choker","Pocketwatch","Bag of Marbles","Oddly Smooth Stone","Mercury Hourglass"],"potions_floor_usage":[28,28],"damage_taken":[{"damage":5.0,"enemies":"Small Slimes","floor":1.0,"turns":3.0},{"damage":7.0,"enemies":"Jaw Worm","floor":5.0,"turns":4.0},{"damage":40.0,"enemies":"Lagavulin","floor":6.0,"turns":6.0},{"damage":32.0,"enemies":"Gremlin Nob","floor":8.0,"turns":4.0},{"damage":14.0,"enemies":"2 Louse","floor":11.0,"turns":3.0},{"damage":0.0,"enemies":"2 Fungi Beasts","floor":12.0,"turns":4.0},{"damage":21.0,"enemies":"3 Sentries","floor":14.0,"turns":7.0},{"damage":30.0,"enemies":"Slime Boss","floor":16.0,"turns":9.0},{"damage":32.0,"enemies":"Shell Parasite","floor":18.0,"turns":6.0},{"damage":24.0,"enemies":"2 Thieves","floor":19.0,"turns":4.0},{"damage":7.0,"enemies":"Snake Plant","floor":24.0,"turns":5.0},{"damage":20.0,"enemies":"Gremlin Leader","floor":25.0,"turns":7.0},{"damage":34,"enemies":"Slavers","floor":28,"turns":1}],"seed_played":"-6433715417818212199","potions_obtained":[{"floor":11.0,"key":"EssenceOfSteel"},{"floor":16.0,"key":"Dexterity Potion"},{"floor":18.0,"key":"Regen Potion"},{"floor":25.0,"key":"EntropicBrew"}],"is_trial":false,"path_per_floor":["M","?","?","?","M","E","R","E","T","R","M","M","?","E","R","B",null,"M","M","?","?","$","R","M","E","T","R","E"],"character_chosen":"IRONCLAD","items_purchased":["Bag of Marbles"],"campfire_rested":1,"item_purchase_floors":[22],"current_hp_per_floor":[71,64,64,53,54,22,42,30,30,30,36,44,49,48,48,38,64,44,50,36,36,36,36,36,30,30,30,0],"gold":319,"neow_bonus":"RANDOM_COMMON_RELIC","is_prod":false,"is_daily":false,"chose_seed":false,"campfire_upgraded":4,"win_rate":0,"timestamp":1559190101,"path_taken":["M","?","?","?","M","E","R","E","T","R","M","M","?","E","R","BOSS","M","M","?","?","$","R","M","E","T","R","E"],"build_version":"2019-01-23","purchased_purges":1,"victory":false,"max_hp_per_floor":[75,75,68,68,68,68,68,68,68,68,68,68,73,73,73,73,73,73,73,36,36,36,36,36,36,36,36,36],"card_choices":[{"not_picked":["True Grit","Wild Strike"],"picked":"Pommel Strike","floor":1.0},{"not_picked":["Clothesline","Bloodletting"],"picked":"Anger","floor":5.0},{"not_picked":["Clash","Burning Pact"],"picked":"Evolve","floor":6.0},{"not_picked":["Rupture","Flex"],"picked":"Shrug It Off","floor":8.0},{"not_picked":["Dual Wield","Clash"],"picked":"Clothesline","floor":11.0},{"not_picked":["Burning Pact","Wild Strike"],"picked":"Combust","floor":12.0},{"not_picked":["Burning Pact","Perfected Strike"],"picked":"Exhume","floor":14.0},{"not_picked":["Bludgeon","Dark Embrace+1"],"picked":"Reaper","floor":16.0},{"not_picked":["Headbutt","True Grit"],"picked":"Shrug It Off","floor":18.0},{"not_picked":["Clash","Hemokinesis","Pummel"],"picked":"SKIP","floor":19.0},{"not_picked":["Clothesline","Iron Wave"],"picked":"Dark Embrace+1","floor":24.0},{"not_picked":["Rampage","Burning Pact","Twin Strike+1"],"picked":"SKIP","floor":25.0}],"player_experience":751516,"relics_obtained":[{"floor":6.0,"key":"Meat on the Bone"},{"floor":8.0,"key":"Self Forming Clay"},{"floor":9.0,"key":"Bottled Flame"},{"floor":14.0,"key":"Frozen Egg 2"},{"floor":25.0,"key":"Oddly Smooth Stone"},{"floor":26.0,"key":"Mercury Hourglass"}],"event_choices":[{"cards_removed":["Strike_R"],"damage_healed":0.0,"max_hp_gain":0.0,"max_hp_loss":0.0,"gold_gain":0.0,"event_name":"Golden Wing","player_choice":"Card Removal","floor":2.0,"gold_loss":0.0,"damage_taken":7.0},{"damage_healed":0.0,"max_hp_gain":0.0,"max_hp_loss":7.0,"gold_gain":0.0,"event_name":"Golden Idol","player_choice":"Lose Max HP","floor":3.0,"gold_loss":0.0,"damage_taken":0.0,"relics_obtained":["Golden Idol"]},{"damage_healed":0.0,"max_hp_gain":0.0,"max_hp_loss":0.0,"gold_gain":75.0,"event_name":"World of Goop","player_choice":"Gather Gold","floor":4.0,"gold_loss":0.0,"damage_taken":11.0},{"damage_healed":0.0,"max_hp_gain":5.0,"max_hp_loss":0.0,"gold_gain":0.0,"event_name":"Big Fish","player_choice":"Donut","floor":13.0,"gold_loss":0.0,"damage_taken":0.0},{"damage_healed":0.0,"max_hp_gain":0.0,"max_hp_loss":37.0,"gold_gain":0.0,"event_name":"Ghosts","player_choice":"Became a Ghost","floor":20.0,"gold_loss":0.0,"damage_taken":0.0,"cards_obtained":["Ghostly","Ghostly","Ghostly"]},{"damage_healed":0.0,"max_hp_gain":0.0,"max_hp_loss":0.0,"gold_gain":0.0,"event_name":"The Mausoleum","player_choice":"Opened","floor":21.0,"gold_loss":0.0,"damage_taken":0.0,"relics_obtained":["Pocketwatch"],"cards_obtained":["Writhe"]}],"is_beta":false,"boss_relics":[{"not_picked":["Runic Pyramid","Orrery"],"picked":"Velvet Choker"}],"items_purged_floors":[22],"is_endless":false,"potions_floor_spawned":[11,16,18,25],"killed_by":"Slavers","ascension_level":20}