{"gold_per_floor":[111,286,286,296,296,296,331,345,345,345,372,385,385],"floor_reached":13,"playtime":956,"items_purged":[],"score":93,"play_id":"b4ee0adb-e7d5-4e33-bc00-dfbab834975b","local_time":"20190704222153","is_ascension_mode":false,"campfire_choices":[{"floor":6,"key":"REST"},{"floor":10,"key":"REST"}],"neow_cost":"PERCENT_DAMAGE","seed_source_timestamp":734142065448122,"circlet_count":0,"master_deck":["Strike_B","Strike_B","Strike_B","Strike_B","Defend_B","Defend_B","Defend_B","Defend_B","Zap","Dualcast","Beam Cell+1","Doubt","Regret","Leap+1","Rainbow","Steam","Defragment","Cold Snap"],"relics":["Cracked Core","Ice Cream","Pear","Oddly Smooth Stone","Mummified Hand","Boot"],"potions_floor_usage":[7,11],"damage_taken":[{"damage":6,"enemies":"Jaw Worm","floor":1,"turns":4},{"damage":4,"enemies":"Small Slimes","floor":4,"turns":3},{"damage":48,"enemies":"3 Sentries","floor":7,"turns":11},{"damage":2,"enemies":"2 Louse","floor":8,"turns":3},{"damage":32,"enemies":"Lagavulin","floor":11,"turns":8},{"damage":0,"enemies":"Exordium Wildlife","floor":12,"turns":3},{"damage":5,"enemies":"Gremlin Gang","floor":13,"turns":1}],"seed_played":"8415196270630868282","potions_obtained":[{"floor":4,"key":"PowerPotion"},{"floor":8,"key":"SteroidPotion"}],"is_trial":false,"path_per_floor":["M","?","?","M","?","R","E","M","T","R","E","M","M"],"character_chosen":"DEFECT","items_purchased":[],"campfire_rested":2,"item_purchase_floors":[],"current_hp_per_floor":[48,48,58,54,37,62,14,12,12,37,5,5,0],"gold":385,"neow_bonus":"ONE_RARE_RELIC","is_prod":false,"is_daily":false,"chose_seed":false,"campfire_upgraded":0,"win_rate":0.0,"timestamp":1562293313,"path_taken":["M","?","?","M","?","R","E","M","T","R","E","M","M"],"build_version":"2019-07-01","purchased_purges":0,"victory":false,"max_hp_per_floor":[75,75,85,85,85,85,85,85,85,85,85,85,85],"card_choices":[{"not_picked":["Redo","Steam"],"picked":"Beam Cell","floor":1},{"not_picked":["Steam","Redo"],"picked":"Leap","floor":4},{"not_picked":["Barrage","Undo"],"picked":"Rainbow","floor":7},{"not_picked":["Redo","Rebound"],"picked":"Steam","floor":8},{"not_picked":["Beam Cell","Redo"],"picked":"Defragment","floor":11},{"not_picked":["Redo","Stack"],"picked":"Cold Snap","floor":12}],"player_experience":34561,"relics_obtained":[{"floor":7,"key":"Oddly Smooth Stone"},{"floor":9,"key":"Mummified Hand"},{"floor":11,"key":"Boot"}],"event_choices":[{"damage_healed":0,"gold_gain":175,"player_choice":"AGREE","damage_taken":0,"max_hp_gain":0,"max_hp_loss":0,"event_name":"Liars Game","floor":2,"gold_loss":0,"cards_obtained":["Doubt"]},{"damage_healed":0,"gold_gain":0,"player_choice":"Box","damage_taken":0,"relics_obtained":["Pear"],"max_hp_gain":0,"max_hp_loss":0,"event_name":"Big Fish","floor":3,"gold_loss":0,"cards_obtained":["Regret"]},{"damage_healed":0,"gold_gain":0,"player_choice":"Entered Light","damage_taken":17,"max_hp_gain":0,"max_hp_loss":0,"event_name":"Shining Light","floor":5,"gold_loss":0,"cards_upgraded":["Beam Cell","Leap"]}],"is_beta":false,"boss_relics":[],"items_purged_floors":[],"is_endless":false,"potions_floor_spawned":[4,8],"killed_by":"Gremlin Gang","ascension_level":0}