{"path_per_floor":["M","?","?","$","M","R","M","M","T","$","M","$","T","M","R"],"character_chosen":"THE_SILENT","items_purchased":["Backflip","Backstab","Flying Knee","Explosive Potion"],"gold_per_floor":[114,114,114,7,22,22,37,52,127,26,41,41,91,106,106],"floor_reached":16,"campfire_rested":1,"playtime":979,"current_hp_per_floor":[70,70,70,70,70,70,70,70,70,70,70,70,70,59,70],"items_purged":[],"gold":106,"score":92,"play_id":"737925d1-9128-40e2-97ff-6ab679088761","local_time":"20180303123936","daily_mods":[{"name":"All Star","description":"Start with 2 colorless cards.","modID":"Allstar","img":{"data":{"file":{"file":{"path":"images\\ui\\run_mods\\all_star.png"},"type":"Internal"},"width":64,"height":64,"format":"RGBA8888","useMipMaps":false,"isPrepared":false},"glTarget":3553,"glHandle":684,"minFilter":"Linear","magFilter":"Linear","uWrap":"ClampToEdge","vWrap":"ClampToEdge"},"positive":true},{"name":"Lethal Enemies","description":"All enemies start with +3 Strength.","modID":"Lethal Enemies","img":{"data":{"file":{"file":{"path":"images\\ui\\run_mods\\lethal_enemies.png"},"type":"Internal"},"width":64,"height":64,"format":"RGBA8888","useMipMaps":false,"isPrepared":false},"glTarget":3553,"glHandle":675,"minFilter":"Linear","magFilter":"Linear","uWrap":"ClampToEdge","vWrap":"ClampToEdge"},"positive":false},{"name":"Elite Swarm","description":"Elite enemies are swarming the Spire.","modID":"Elite Swarm","img":{"data":{"file":{"file":{"path":"images\\ui\\run_mods\\elite_swarm.png"},"type":"Internal"},"width":64,"height":64,"format":"RGBA8888","useMipMaps":false,"isPrepared":false},"glTarget":3553,"glHandle":674,"minFilter":"Linear","magFilter":"Linear","uWrap":"ClampToEdge","vWrap":"ClampToEdge"},"positive":false},{"name":"Restless Journey","description":"You no longer heal when entering new acts.","modID":"Restless Journey","img":{"data":{"file":{"file":{"path":"images\\ui\\run_mods\\restless_journey.png"},"type":"Internal"},"width":64,"height":64,"format":"RGBA8888","useMipMaps":false,"isPrepared":false},"glTarget":3553,"glHandle":676,"minFilter":"Linear","magFilter":"Linear","uWrap":"ClampToEdge","vWrap":"ClampToEdge"},"positive":false}],"is_prod":false,"is_daily":true,"is_ascension_mode":false,"campfire_upgraded":1,"timestamp":1520098776,"path_taken":["M","?","?","$","?","R","M","M","T","$","M","?","?","M","R","BOSS"],"build_version":"2018-03-01-PROD1","purchased_purges":0,"victory":false,"master_deck":["Defend_G","Defend_G","Defend_G","Defend_G","Defend_G","Strike_G","Strike_G","Strike_G","Strike_G","Survivor","Neutralize","Dark Shackles","Purity","Sucker Punch","Backflip","Backstab","PiercingWail+1","Backflip","Caltrops","Flying Knee+1","Distraction","Leg Sweep"],"max_hp_per_floor":[70,70,70,70,70,70,70,70,70,70,70,70,70,70,70],"relics":["Ring of the Snake","Molten Egg 2","Juzu Bracelet"],"card_choices":[{"not_picked":["Flechettes","Choke"],"picked":"Sucker Punch"},{"not_picked":["Slice","Outmaneuver"],"picked":"PiercingWail"},{"not_picked":["Cloak And Dagger","Deflect"],"picked":"Backflip"},{"not_picked":["Dagger Throw","Well Laid Plans"],"picked":"Caltrops"},{"not_picked":["Masterful Stab","Backflip"],"picked":"Distraction"},{"not_picked":["Setup","Deflect"],"picked":"Leg Sweep"}],"player_experience":214632,"potions_floor_usage":[5,7,8,11,11,14],"damage_taken":[{"damage":0,"enemies":"Small Slimes","floor":1,"turns":4},{"damage":0,"enemies":"Cultist","floor":5,"turns":3},{"damage":0,"enemies":"2 Louse","floor":7,"turns":3},{"damage":0,"enemies":"Gremlin Gang","floor":8,"turns":4},{"damage":0,"enemies":"3 Louse","floor":11,"turns":1},{"damage":11,"enemies":"Lots of Slimes","floor":14,"turns":4},{"damage":71,"enemies":"Hexaghost","floor":16,"turns":11}],"event_choices":[{"event_name":"The Lab","player_choice":"Got Potions","floor":2,"damage_taken":0},{"event_name":"Purifier","player_choice":"One Purge","floor":3,"damage_taken":0}],"boss_relics":[],"potions_floor_spawned":[5,8],"seed_played":"7095695899989429765","killed_by":"Hexaghost","ascension_level":0,"is_trial":false}