{"path_per_floor":["M","?","M","M","M","R","?","R","T","?","E","M","M","E","R","B",null,"M","?","M","?","M","M","M","R","T","M","R","M"],"character_chosen":"IRONCLAD","items_purchased":[],"gold_per_floor":[20,20,32,46,57,57,57,57,57,57,101,122,138,173,173,296,296,312,312,328,328,343,359,379,379,451,461,461,479],"floor_reached":30,"campfire_rested":0,"playtime":1103,"current_hp_per_floor":[80,80,84,83,89,89,71,71,85,59,55,61,62,52,52,14,114,111,111,117,117,86,84,98,98,103,81,81,71],"items_purged":[],"gold":479,"score":296,"play_id":"4c9468ee-7e9e-495b-9b18-ca0d1035a5aa","local_time":"20180315005432","is_prod":false,"is_daily":false,"is_ascension_mode":false,"campfire_upgraded":4,"timestamp":1521089672,"path_taken":["M","?","M","?","M","R","?","R","T","?","E","M","M","E","R","BOSS","M","?","M","?","M","?","M","R","T","M","R","M","E"],"build_version":"2018-03-09","purchased_purges":0,"victory":false,"master_deck":["Strike_R","Strike_R","Strike_R+1","Strike_R+1","Defend_R","Defend_R","Defend_R","Defend_R","Bash","Feed+1","Thunderclap","Flex+1","Wild Strike","Pommel Strike","Demon Form","Anger","Limit Break+1","Flex","Feed+1","Shrug It Off+1","Heavy Blade","Havoc","Clash","Whirlwind+1","Dual Wield+1","Decay","Rupture","Clash"],"max_hp_per_floor":[83,83,86,89,92,92,92,92,106,106,110,110,114,114,114,114,114,118,118,118,118,118,121,124,124,124,128,128,128],"relics":["Burning Blood","Mango","Bloody Idol","Peace Pipe","Pen Nib","Cursed Key","Bottled Lightning"],"card_choices":[{"not_picked":["Berserk","Demon Form"],"picked":"Feed"},{"not_picked":["Pommel Strike","Shrug It Off"],"picked":"Thunderclap"},{"not_picked":["Corruption","Clash"],"picked":"Flex"},{"not_picked":["Anger","Havoc"],"picked":"Wild Strike"},{"not_picked":["Seeing Red","Burning Pact"],"picked":"Pommel Strike"},{"not_picked":["Headbutt","Rage"],"picked":"Demon Form"},{"not_picked":["Shrug It Off","Perfected Strike"],"picked":"Anger"},{"not_picked":["Seeing Red","Iron Wave"],"picked":"Limit Break"},{"not_picked":["Power Through","Twin Strike"],"picked":"Flex"},{"not_picked":["Dark Embrace","Offering"],"picked":"Feed"},{"not_picked":["Seeing Red","Uppercut"],"picked":"Shrug It Off"},{"not_picked":["Clothesline","Feel No Pain"],"picked":"Havoc"},{"not_picked":["True Grit","Rage"],"picked":"Clash"},{"not_picked":["Dual Wield","Searing Blow"],"picked":"Whirlwind"},{"not_picked":["Perfected Strike","Armaments"],"picked":"Dual Wield"},{"not_picked":["Wild Strike","Second Wind"],"picked":"Rupture"},{"not_picked":["Clothesline","Perfected Strike"],"picked":"Clash"}],"player_experience":441230,"potions_floor_usage":[11,13,14,29],"damage_taken":[{"damage":9,"enemies":"2 Louse","floor":1,"turns":3},{"damage":5,"enemies":"Cultist","floor":3,"turns":4},{"damage":10,"enemies":"Small Slimes","floor":4,"turns":4},{"damage":3,"enemies":"2 Fungi Beasts","floor":5,"turns":3},{"damage":14,"enemies":"3 Sentries","floor":11,"turns":6},{"damage":0,"enemies":"3 Louse","floor":12,"turns":2},{"damage":9,"enemies":"Large Slime","floor":13,"turns":4},{"damage":16,"enemies":"Gremlin Nob","floor":14,"turns":3},{"damage":44,"enemies":"Hexaghost","floor":16,"turns":7},{"damage":13,"enemies":"3 Byrds","floor":18,"turns":5},{"damage":0,"enemies":"Spheric Guardian","floor":20,"turns":2},{"damage":42,"enemies":"Snake Plant","floor":22,"turns":3},{"damage":16,"enemies":"3 Cultists","floor":23,"turns":4},{"damage":0,"enemies":"Cultist and Chosen","floor":24,"turns":4},{"damage":37,"enemies":"Snake Plant","floor":27,"turns":3},{"damage":21,"enemies":"Sentry and Sphere","floor":29,"turns":4},{"damage":75,"enemies":"Slavers","floor":30,"turns":3}],"event_choices":[{"event_name":"The Cleric","player_choice":"Leave","floor":2,"damage_taken":0},{"event_name":"Shining Light","player_choice":"Entered Light","floor":7,"damage_taken":0},{"event_name":"Golden Idol","player_choice":"Take Damage","floor":10,"damage_taken":0},{"event_name":"The Library","player_choice":"Read","floor":19,"damage_taken":0},{"event_name":"Forgotten Altar","player_choice":"Gave Idol","floor":21,"damage_taken":0}],"boss_relics":[{"not_picked":["Sozu","Orrery"],"picked":"Cursed Key"}],"potions_floor_spawned":[5,12,13,27,29],"seed_played":"-5154199074658193474","killed_by":"Slavers","ascension_level":0,"is_trial":false}