{"gold_per_floor":[111,122,140,140,155,155,165,165,165,178,196,196,224,224,224,325,325,337,337,356,356,356],"floor_reached":22,"playtime":4337,"items_purged":[],"score":216,"play_id":"aad4dc4d-732e-4afd-88fd-31617b3caf3c","local_time":"20180905233859","is_ascension_mode":true,"campfire_choices":[{"floor":6.0,"key":"REST"},{"data":"Glacier","floor":8.0,"key":"SMITH"},{"floor":12,"key":"REST"},{"data":"Consume","floor":15,"key":"SMITH"}],"neow_cost":"","seed_source_timestamp":0,"circlet_count":0,"master_deck":["Strike_B","Strike_B","Strike_B","Defend_B","Defend_B+1","Defend_B","Defend_B","Zap","Dualcast","Beam Cell","Sweeping Beam","Consume+1","Auto Shields","Glacier+1","Steam Power","Leap+1","Skim","Parasite","Echo Form+1","Defragment+1","Hologram","Force Field","Go for the Eyes","Rainbow","Buffer+1","Sweeping Beam+1"],"special_seed":0,"relics":["Cracked Core","NlothsMask","Frozen Egg 2","Orrery","War Paint"],"potions_floor_usage":[13,13,16,18],"damage_taken":[{"damage":2.0,"enemies":"Small Slimes","floor":1.0,"turns":3.0},{"damage":1.0,"enemies":"Cultist","floor":2.0,"turns":3.0},{"damage":0.0,"enemies":"2 Louse","floor":3.0,"turns":2.0},{"damage":23.0,"enemies":"Red Slaver","floor":5.0,"turns":3.0},{"damage":11.0,"enemies":"Blue Slaver","floor":7.0,"turns":3.0},{"damage":6,"enemies":"Looter","floor":10,"turns":3},{"damage":19,"enemies":"Exordium Wildlife","floor":11,"turns":7},{"damage":2,"enemies":"3 Sentries","floor":13,"turns":10},{"damage":13,"enemies":"The Guardian","floor":16,"turns":13},{"damage":40,"enemies":"Chosen","floor":18,"turns":13},{"damage":18,"enemies":"Shell Parasite","floor":20,"turns":10},{"damage":27,"enemies":"Sentry and Sphere","floor":22,"turns":15}],"seed_played":"-8632894512181775256","potions_obtained":[{"floor":10,"key":"SneckoOil"},{"floor":11,"key":"EssenceOfSteel"},{"floor":13,"key":"AttackPotion"},{"floor":16,"key":"Weak Potion"}],"is_trial":false,"path_per_floor":["M","M","M","?","M","R","M","R","T","M","M","R","E","?","R","B",null,"M","?","M","T"],"character_chosen":"DEFECT","items_purchased":[],"campfire_rested":2,"item_purchase_floors":[],"current_hp_per_floor":[73,72,72,72,49,71,60,60,60,54,35,57,55,73,73,60,75,35,35,17,17,0],"gold":356,"neow_bonus":"","is_prod":false,"is_daily":false,"chose_seed":false,"campfire_upgraded":2,"win_rate":0,"timestamp":1536205139,"path_taken":["M","M","M","?","M","R","M","R","T","M","?","R","E","?","R","BOSS","M","?","M","?","M"],"build_version":"2018-09-04-v2","purchased_purges":0,"victory":false,"max_hp_per_floor":[75,75,75,75,75,75,75,75,75,75,75,75,75,75,75,75,75,75,75,75,75,75],"card_choices":[{"not_picked":["Turbo","Steam"],"picked":"Beam Cell","floor":1.0},{"not_picked":["Go for the Eyes","Streamline"],"picked":"Sweeping Beam","floor":2.0},{"not_picked":["Darkness","Compile Driver"],"picked":"Consume","floor":3.0},{"not_picked":["Leap","Coolheaded"],"picked":"Auto Shields","floor":5.0},{"not_picked":["Coolheaded","Storm"],"picked":"Glacier","floor":7.0},{"not_picked":["Go for the Eyes","Streamline"],"picked":"Steam Power","floor":10},{"not_picked":["Streamline","Go for the Eyes"],"picked":"Leap","floor":11},{"not_picked":["Ball Lightning","Lockon"],"picked":"Skim","floor":13},{"not_picked":["Thunder Strike","Amplify"],"picked":"Echo Form+1","floor":16},{"not_picked":["Undo","Steam"],"picked":"Defragment+1","floor":17},{"not_picked":["Go for the Eyes","Compile Driver"],"picked":"Hologram","floor":17},{"not_picked":["Stack","Redo"],"picked":"Force Field","floor":17},{"not_picked":["Barrage","Consume"],"picked":"Go for the Eyes","floor":17},{"not_picked":["Conserve Battery","Steam"],"picked":"Rainbow","floor":18},{"not_picked":["Compile Driver","Streamline"],"picked":"Sweeping Beam+1","floor":20}],"player_experience":574154,"relics_obtained":[{"floor":13,"key":"Frozen Egg 2"},{"floor":21,"key":"War Paint"}],"event_choices":[{"event_name":"FaceTrader","player_choice":"Trade","floor":4.0,"damage_taken":0.0},{"event_name":"Mushrooms","player_choice":"Healed and dodged fight","floor":14,"damage_taken":0},{"event_name":"Transmorgrifier","player_choice":"Transform","floor":19,"damage_taken":0}],"is_beta":true,"boss_relics":[{"not_picked":["Velvet Choker","Astrolabe"],"picked":"Orrery"}],"items_purged_floors":[],"is_endless":false,"potions_floor_spawned":[10,11,13,16],"killed_by":"Sentry and Sphere","ascension_level":3}