{"gold_per_floor":[115,115,290,290,8,8,28,43,112,112,125,143,45,55,55,160,160,179,168,168,93,93],"floor_reached":22,"playtime":973,"items_purged":[],"score":220,"play_id":"79c4ffc3-9224-4027-a1c1-d468d6ce12a4","local_time":"20190305180946","is_ascension_mode":true,"campfire_choices":[{"data":"Bash","floor":6,"key":"SMITH"},{"floor":15,"key":"REST"}],"neow_cost":"NONE","seed_source_timestamp":160517562345700,"circlet_count":0,"master_deck":["Strike_R","Strike_R","Strike_R","Strike_R","Defend_R","Defend_R","Defend_R","Defend_R","Bash+1","Sever Soul+1","Doubt","Pommel Strike","Burning Pact","Reckless Charge","Iron Wave","Shrug It Off","Disarm","Second Wind","Limit Break","Flex","True Grit+1","RitualDagger"],"relics":["Mark of Pain","Bag of Marbles","Mercury Hourglass","Singing Bowl","White Beast Statue"],"potions_floor_usage":[11,11,11,12,16,16,16,19,22],"damage_taken":[{"damage":8,"enemies":"Jaw Worm","floor":1,"turns":4},{"damage":0,"enemies":"2 Louse","floor":7,"turns":1},{"damage":0,"enemies":"Small Slimes","floor":8,"turns":1},{"damage":12,"enemies":"Exordium Wildlife","floor":11,"turns":3},{"damage":9,"enemies":"2 Fungi Beasts","floor":12,"turns":2},{"damage":0,"enemies":"3 Louse","floor":14,"turns":2},{"damage":35,"enemies":"Slime Boss","floor":16,"turns":8},{"damage":18,"enemies":"Shell Parasite","floor":18,"turns":5},{"damage":29,"enemies":"2 Thieves","floor":19,"turns":4},{"damage":33,"enemies":"Snecko","floor":22,"turns":7}],"seed_played":"4068972965374470650","potions_obtained":[{"floor":1,"key":"EntropicBrew"},{"floor":11,"key":"Weak Potion"},{"floor":12,"key":"Fruit Juice"},{"floor":14,"key":"Strength Potion"},{"floor":18,"key":"Regen Potion"},{"floor":19,"key":"Block Potion"}],"is_trial":false,"path_per_floor":["M","?","?","?","$","R","M","M","T","?","M","M","$","M","R","B",null,"M","M","?","?","M"],"character_chosen":"IRONCLAD","items_purchased":["Mercury Hourglass","Pommel Strike","Shrug It Off","Disarm"],"campfire_rested":1,"item_purchase_floors":[5,5,13,13],"current_hp_per_floor":[72,72,72,47,47,47,47,47,47,47,37,33,33,33,59,24,71,53,38,32,32,0],"gold":93,"neow_bonus":"BOSS_RELIC","is_prod":false,"is_daily":false,"chose_seed":false,"campfire_upgraded":1,"win_rate":0,"timestamp":1551827386,"path_taken":["M","?","?","?","$","R","M","?","T","?","M","M","$","M","R","BOSS","M","?","?","?","M"],"build_version":"2019-02-06","purchased_purges":0,"victory":false,"max_hp_per_floor":[80,80,80,80,80,80,80,80,80,80,82,87,87,87,87,87,87,87,87,87,87,87],"card_choices":[{"not_picked":["Heavy Blade","Havoc"],"picked":"Sever Soul","floor":1},{"not_picked":["Sword Boomerang","Whirlwind"],"picked":"Burning Pact","floor":7},{"not_picked":["Iron Wave","Whirlwind"],"picked":"Reckless Charge","floor":8},{"not_picked":["Entrench","Rage","Headbutt"],"picked":"Singing Bowl","floor":11},{"not_picked":["Fire Breathing","Thunderclap"],"picked":"Iron Wave","floor":12},{"not_picked":["Shrug It Off","Heavy Blade"],"picked":"Second Wind","floor":14},{"not_picked":["Brutality","Berserk"],"picked":"Limit Break","floor":16},{"not_picked":["Dropkick","Thunderclap"],"picked":"Flex","floor":18},{"not_picked":["Headbutt","Warcry"],"picked":"True Grit+1","floor":19}],"player_experience":748672,"relics_obtained":[{"floor":9,"key":"Singing Bowl"}],"event_choices":[{"damage_healed":0,"gold_gain":0,"player_choice":"Grow","damage_taken":0,"max_hp_gain":0,"max_hp_loss":0,"event_name":"Living Wall","floor":2,"gold_loss":0,"cards_upgraded":["Sever Soul"]},{"damage_healed":0,"gold_gain":175,"player_choice":"AGREE","damage_taken":0,"max_hp_gain":0,"max_hp_loss":0,"event_name":"Liars Game","floor":3,"gold_loss":0,"cards_obtained":["Doubt"]},{"damage_healed":0,"gold_gain":0,"player_choice":"Success","damage_taken":25,"relics_obtained":["Bag of Marbles"],"max_hp_gain":0,"max_hp_loss":0,"event_name":"Scrap Ooze","floor":4,"gold_loss":0},{"damage_healed":0,"gold_gain":0,"player_choice":"Bought 0 Potions","damage_taken":0,"max_hp_gain":0,"max_hp_loss":0,"event_name":"The Woman in Blue","floor":10,"gold_loss":0},{"damage_healed":0,"gold_gain":0,"player_choice":"Joined the Cult","damage_taken":6,"max_hp_gain":0,"max_hp_loss":0,"event_name":"Nest","floor":20,"gold_loss":0,"cards_obtained":["RitualDagger"]},{"cards_removed":["Strike_R"],"damage_healed":0,"gold_gain":0,"player_choice":"Gave Gold","damage_taken":0,"max_hp_gain":0,"max_hp_loss":0,"event_name":"Beggar","floor":21,"gold_loss":75}],"is_beta":true,"boss_relics":[{"not_picked":["Runic Dome","Velvet Choker"],"picked":"White Beast Statue"}],"items_purged_floors":[],"is_endless":false,"potions_floor_spawned":[1,11,12,14,18,19],"killed_by":"Snecko","ascension_level":5}