{"gold_per_floor":[114,125,170,170,180,207,207,236,261,286,301,301,321,321],"floor_reached":14,"playtime":608,"items_purged":[],"score":132,"play_id":"e053298e-5ddb-4d50-aa8f-62c774c79e7f","local_time":"20190515154547","is_ascension_mode":true,"campfire_choices":[{"floor":7,"key":"REST"},{"floor":12,"key":"REST"}],"neow_cost":"NONE","seed_source_timestamp":330555974180900,"circlet_count":0,"master_deck":["Strike_B","Strike_B","Strike_B","Defend_B","Defend_B","Defend_B","Defend_B","Zap","Dualcast","Purity","Sunder","Sunder","Chaos","Reinforced Body","Machine Learning","Gash","Rebound","Gash"],"relics":["Cracked Core","Bronze Scales","Bag of Marbles","Vajra","Blood Vial","Art of War"],"potions_floor_usage":[8,10,11],"damage_taken":[{"damage":1,"enemies":"Cultist","floor":1,"turns":3},{"damage":5,"enemies":"Small Slimes","floor":2,"turns":2},{"damage":4,"enemies":"Jaw Worm","floor":5,"turns":3},{"damage":45,"enemies":"3 Sentries","floor":6,"turns":7},{"damage":30,"enemies":"Gremlin Nob","floor":8,"turns":3},{"damage":10,"enemies":"Lagavulin","floor":10,"turns":6},{"damage":3,"enemies":"Gremlin Gang","floor":11,"turns":3},{"damage":25,"enemies":"Exordium Thugs","floor":13,"turns":4},{"damage":17,"enemies":"Large Slime","floor":14,"turns":4}],"seed_played":"-5649827385081912433","potions_obtained":[{"floor":6,"key":"Regen Potion"},{"floor":8,"key":"Weak Potion"},{"floor":10,"key":"Dexterity Potion"}],"is_trial":false,"path_per_floor":["M","M","T","?","M","E","R","E","T","E","M","R","M","M"],"character_chosen":"DEFECT","items_purchased":[],"campfire_rested":2,"item_purchase_floors":[],"current_hp_per_floor":[74,69,69,69,65,20,42,24,24,16,15,37,14,0],"gold":321,"neow_bonus":"RANDOM_COLORLESS","is_prod":false,"is_daily":false,"chose_seed":false,"campfire_upgraded":0,"win_rate":0,"timestamp":1557949547,"path_taken":["M","M","?","?","M","E","R","E","T","E","M","R","?","M"],"build_version":"2019-05-07","purchased_purges":0,"victory":false,"max_hp_per_floor":[75,75,75,75,75,75,75,75,75,75,75,75,75,75],"card_choices":[{"not_picked":["Stack","Doom and Gloom"],"picked":"Sunder","floor":1},{"not_picked":["Compile Driver","Turbo"],"picked":"Sunder","floor":2},{"not_picked":["Redo","Cold Snap"],"picked":"Chaos","floor":5},{"not_picked":["Static Discharge","Beam Cell"],"picked":"Reinforced Body","floor":6},{"not_picked":["Turbo","Steam"],"picked":"Machine Learning","floor":8},{"not_picked":["Ball Lightning","Barrage"],"picked":"Gash","floor":10},{"not_picked":["Hologram","Go for the Eyes"],"picked":"Rebound","floor":11},{"not_picked":["Darkness","Hologram"],"picked":"Gash","floor":13}],"player_experience":881167,"relics_obtained":[{"floor":3,"key":"Bronze Scales"},{"floor":6,"key":"Bag of Marbles"},{"floor":8,"key":"Vajra"},{"floor":9,"key":"Blood Vial"},{"floor":10,"key":"Art of War"}],"event_choices":[{"cards_removed":["Strike_B"],"damage_healed":0,"gold_gain":0,"player_choice":"Purged","damage_taken":0,"max_hp_gain":0,"max_hp_loss":0,"event_name":"Purifier","floor":4,"gold_loss":0}],"is_beta":true,"boss_relics":[],"items_purged_floors":[],"is_endless":false,"potions_floor_spawned":[6,8,10],"killed_by":"Large Slime","ascension_level":4}