{"gold_per_floor":[114,125,139,139,139,139,180,180,180,180,199,199],"floor_reached":12,"playtime":337,"items_purged":[],"score":156,"play_id":"370eea88-2475-4c80-bf75-23dac88c0662","local_time":"20181110211139","is_ascension_mode":true,"campfire_choices":[{"data":"Cloak And Dagger","floor":6,"key":"SMITH"},{"data":"Flechettes","floor":8,"key":"SMITH"}],"neow_cost":"NONE","seed_source_timestamp":38687753350160,"circlet_count":0,"master_deck":["AscendersBane","Defend_G","Defend_G","Defend_G","Defend_G","Defend_G","Strike_G","Strike_G","Strike_G","Strike_G","Strike_G","Survivor","Neutralize+1","Cloak And Dagger+1","Endless Agony","Flechettes+1","Parasite"],"relics":["Ring of the Snake","Golden Idol","Bottled Lightning","Ninja Scroll"],"potions_floor_usage":[12],"damage_taken":[{"damage":1,"enemies":"Small Slimes","floor":1,"turns":5},{"damage":2,"enemies":"Jaw Worm","floor":2,"turns":4},{"damage":0,"enemies":"2 Louse","floor":3,"turns":2},{"damage":50,"enemies":"Gremlin Nob","floor":7,"turns":5},{"damage":13,"enemies":"Exordium Wildlife","floor":11,"turns":4},{"damage":15,"enemies":"3 Sentries","floor":12,"turns":8}],"seed_played":"5284850711816099421","potions_obtained":[{"floor":11,"key":"GamblersBrew"}],"is_trial":false,"path_per_floor":["M","M","M","?","?","R","E","R","T","?","M","E"],"character_chosen":"THE_SILENT","items_purchased":[],"campfire_rested":0,"item_purchase_floors":[],"current_hp_per_floor":[58,56,56,56,61,61,11,11,11,27,14,0],"gold":199,"neow_bonus":"UPGRADE_CARD","is_prod":false,"is_daily":false,"chose_seed":false,"campfire_upgraded":2,"win_rate":0,"timestamp":1541909499,"path_taken":["M","M","M","?","?","R","E","R","T","?","?","E"],"build_version":"2018-11-08","purchased_purges":0,"victory":false,"max_hp_per_floor":[66,66,66,60,65,65,65,65,65,65,65,65],"card_choices":[{"not_picked":["Underhanded Strike","Backflip"],"picked":"Cloak And Dagger","floor":1},{"not_picked":["Bane","Wraith Form v2"],"picked":"Endless Agony","floor":2},{"not_picked":["Masterful Stab","Deadly Poison"],"picked":"Flechettes","floor":3},{"not_picked":["Slice","Outmaneuver","Sucker Punch"],"picked":"SKIP","floor":7},{"not_picked":["Outmaneuver","Slice","Unload"],"picked":"SKIP","floor":11}],"player_experience":616766,"relics_obtained":[{"floor":7,"key":"Bottled Lightning"},{"floor":9,"key":"Ninja Scroll"}],"event_choices":[{"damage_healed":0,"gold_gain":0,"player_choice":"Lose Max HP","damage_taken":0,"relics_obtained":["Golden Idol"],"max_hp_gain":0,"max_hp_loss":6,"event_name":"Golden Idol","floor":4,"gold_loss":0},{"damage_healed":0,"gold_gain":0,"player_choice":"Donut","damage_taken":0,"max_hp_gain":5,"max_hp_loss":0,"event_name":"Big Fish","floor":5,"gold_loss":0},{"damage_healed":16,"gold_gain":0,"player_choice":"Healed and dodged fight","damage_taken":0,"max_hp_gain":0,"max_hp_loss":0,"event_name":"Mushrooms","floor":10,"gold_loss":0,"cards_obtained":["Parasite"]}],"is_beta":false,"boss_relics":[],"items_purged_floors":[],"is_endless":false,"potions_floor_spawned":[11],"killed_by":"3 Sentries","ascension_level":20}