{"gold_per_floor":[13,13,13,32,51,86,86,86,86,105,57,57],"floor_reached":12,"playtime":596,"items_purged":[],"score":98,"play_id":"1b958ad1-cc20-46c4-ba7f-4feb0d35096f","local_time":"20190617023849","is_ascension_mode":true,"campfire_choices":[{"floor":8,"key":"REST"}],"neow_cost":"NO_GOLD","seed_source_timestamp":203023187759600,"circlet_count":0,"master_deck":["Strike_B","Strike_B","Strike_B","Defend_B","Defend_B","Defend_B","Defend_B","Zap","Dualcast","Creative AI","Gash","Steam","Genetic Algorithm","White Noise","Pain","Rebound","Gash"],"relics":["Cracked Core","Golden Idol","Meat on the Bone","WarpedTongs","Regal Pillow"],"potions_floor_usage":[4],"damage_taken":[{"damage":2,"enemies":"Jaw Worm","floor":1,"turns":3},{"damage":8,"enemies":"Small Slimes","floor":4,"turns":3},{"damage":1,"enemies":"Cultist","floor":5,"turns":3},{"damage":49,"enemies":"3 Sentries","floor":6,"turns":11},{"damage":6,"enemies":"3 Louse","floor":10,"turns":3},{"damage":37,"enemies":"Lagavulin","floor":12,"turns":6}],"seed_played":"718860444612674694","potions_obtained":[{"floor":1,"key":"Poison Potion"}],"is_trial":false,"path_per_floor":["M","?","?","M","M","E","?","R","T","M","$","E"],"character_chosen":"DEFECT","items_purchased":["Gash"],"campfire_rested":1,"item_purchase_floors":[11],"current_hp_per_floor":[73,69,69,61,60,11,11,31,31,37,37,0],"gold":57,"neow_bonus":"THREE_RARE_CARDS","is_prod":false,"is_daily":false,"chose_seed":false,"campfire_upgraded":0,"win_rate":0,"timestamp":1560753529,"path_taken":["M","?","?","M","?","E","?","R","T","M","$","E"],"build_version":"2019-06-13","purchased_purges":0,"victory":false,"max_hp_per_floor":[75,69,69,69,69,69,69,69,69,69,69,69],"card_choices":[{"not_picked":["Amplify","Buffer"],"picked":"Creative AI","floor":0},{"not_picked":["Undo","Rip and Tear"],"picked":"Gash","floor":1},{"not_picked":["Cold Snap","Barrage"],"picked":"Steam","floor":4},{"not_picked":["Cold Snap","Barrage"],"picked":"Genetic Algorithm","floor":5},{"not_picked":["Stack","Skim"],"picked":"White Noise","floor":6},{"not_picked":["Beam Cell","Barrage"],"picked":"Rebound","floor":10}],"player_experience":1062800,"relics_obtained":[{"floor":6,"key":"Meat on the Bone"},{"floor":9,"key":"Regal Pillow"}],"event_choices":[{"damage_healed":0,"gold_gain":0,"player_choice":"Lose Max HP","damage_taken":0,"relics_obtained":["Golden Idol"],"max_hp_gain":0,"max_hp_loss":6,"event_name":"Golden Idol","floor":2,"gold_loss":0},{"cards_removed":["Strike_B"],"damage_healed":0,"gold_gain":0,"player_choice":"Purged","damage_taken":0,"max_hp_gain":0,"max_hp_loss":0,"event_name":"Purifier","floor":3,"gold_loss":0},{"damage_healed":0,"gold_gain":0,"player_choice":"Rummage","damage_taken":0,"relics_obtained":["WarpedTongs"],"max_hp_gain":0,"max_hp_loss":0,"event_name":"Accursed Blacksmith","floor":7,"gold_loss":0,"cards_obtained":["Pain"]}],"is_beta":true,"boss_relics":[],"items_purged_floors":[],"is_endless":false,"potions_floor_spawned":[1],"killed_by":"Lagavulin","ascension_level":5}