{"path_per_floor":["M","$","M","M","M","R","E","R","T","E","?","E","?","?","R"],"character_chosen":"THE_SILENT","items_purchased":["Flash of Steel"],"gold_per_floor":[114,27,42,57,72,72,102,102,127,157,157,217,217,217,217],"floor_reached":16,"campfire_rested":0,"playtime":556,"current_hp_per_floor":[70,70,70,70,70,70,67,67,67,43,43,11,80,80,80],"items_purged":[],"gold":217,"score":118,"play_id":"f90de18c-f067-40be-a186-4806afcdd9ff","local_time":"20180312003450","daily_mods":["Shiny","Elite Swarm","Lethality"],"is_prod":false,"is_daily":true,"is_ascension_mode":false,"campfire_upgraded":3,"timestamp":1520829290,"path_taken":["M","$","M","M","M","R","E","R","T","E","?","E","?","?","R","BOSS"],"build_version":"2018-03-09","purchased_purges":0,"victory":false,"master_deck":["Defend_G","Defend_G","Defend_G","Defend_G","Defend_G","Strike_G","Strike_G","Strike_G","Strike_G","Strike_G","Survivor","Neutralize","Flying Knee","Flash of Steel","All Out Attack","All Out Attack","Distraction+1","Bullet Time+1","Night Terror+1","Burst","Normality"],"max_hp_per_floor":[70,70,70,70,70,70,70,70,70,70,70,70,80,80,80],"relics":["Ring of the Snake","Frozen Eye","Art of War","Pen Nib","Tiny Chest","Sundial"],"card_choices":[{"not_picked":["Blur","Sucker Punch"],"picked":"Flying Knee"},{"not_picked":["Deflect","Expertise"],"picked":"All Out Attack"},{"not_picked":["Dagger Throw","Escape Plan"],"picked":"All Out Attack"},{"not_picked":["PiercingWail","Poisoned Stab"],"picked":"Distraction"},{"not_picked":["Doppelganger","Wraith Form"],"picked":"Bullet Time"},{"not_picked":["Tools of the Trade","After Image"],"picked":"Night Terror"},{"not_picked":["Bullet Time","Unload"],"picked":"Burst"}],"player_experience":402353,"potions_floor_usage":[5,10],"damage_taken":[{"damage":0,"enemies":"Small Slimes","floor":1,"turns":3},{"damage":0,"enemies":"2 Louse","floor":3,"turns":1},{"damage":0,"enemies":"Cultist","floor":4,"turns":2},{"damage":0,"enemies":"Gremlin Gang","floor":5,"turns":2},{"damage":3,"enemies":"3 Sentries","floor":7,"turns":3},{"damage":24,"enemies":"Gremlin Nob","floor":10,"turns":4},{"damage":32,"enemies":"Lagavulin","floor":12,"turns":5},{"damage":82,"enemies":"Slime Boss","floor":16,"turns":8}],"event_choices":[{"event_name":"Golden Idol","player_choice":"Ignored","floor":11,"damage_taken":0},{"event_name":"Bonfire Elementals","player_choice":"RARE","floor":13,"damage_taken":0},{"event_name":"Accursed Blacksmith","player_choice":"Rummage","floor":14,"damage_taken":0}],"boss_relics":[],"potions_floor_spawned":[1,4],"seed_played":"-3661932950863109323","killed_by":"Slime Boss","ascension_level":0,"is_trial":false}