{"gold_per_floor":[109,109,123,134,149,149,184,184,211,223,10,35,47,47,47,152,152,168,68,81,95,195,225,225,244,244,278,291,304,7,7],"floor_reached":31,"playtime":5737,"items_purged":["Defend_B","Strike_B"],"score":294,"play_id":"e268922f-8eca-4f6f-b84c-e157e5c29d27","local_time":"20190615001737","is_ascension_mode":false,"campfire_choices":[{"data":"Lockon","floor":6,"key":"SMITH"},{"floor":8,"key":"REST"},{"data":"Static Discharge","floor":15,"key":"SMITH"},{"floor":24,"key":"REST"}],"neow_cost":"NONE","seed_source_timestamp":184260576869030,"circlet_count":0,"master_deck":["Strike_B+1","Strike_B","Defend_B","Defend_B","Defend_B","Zap","Dualcast","Lockon+1","Steam Power","Redo","Coolheaded","Defragment","Static Discharge+1","Ball Lightning","Coolheaded","Loop","Leap","Multi-Cast","Reprogram","Reinforced Body+1","Leap+1","Compile Driver+1","Loop+1","Streamline+1","Darkness","Multi-Cast","Reinforced Body","Chill","Compile Driver"],"relics":["Cracked Core","Juzu Bracelet","Blood Vial","Happy Flower","Nuclear Battery","Girya","Bottled Tornado","Anchor","Centennial Puzzle","Red Mask","Whetstone"],"potions_floor_usage":[20,23,27],"damage_taken":[{"damage":6,"enemies":"Jaw Worm","floor":1,"turns":4},{"damage":1,"enemies":"Cultist","floor":3,"turns":3},{"damage":0,"enemies":"Small Slimes","floor":4,"turns":3},{"damage":10,"enemies":"2 Fungi Beasts","floor":5,"turns":3},{"damage":37,"enemies":"Gremlin Nob","floor":7,"turns":5},{"damage":18,"enemies":"Exordium Wildlife","floor":10,"turns":6},{"damage":30,"enemies":"3 Sentries","floor":12,"turns":6},{"damage":0,"enemies":"Large Slime","floor":13,"turns":4},{"damage":9,"enemies":"Slime Boss","floor":16,"turns":10},{"damage":20,"enemies":"2 Thieves","floor":18,"turns":3},{"damage":5,"enemies":"3 Byrds","floor":20,"turns":1},{"damage":7,"enemies":"Snake Plant","floor":21,"turns":5},{"damage":8,"enemies":"Colosseum Slavers","floor":22,"turns":6},{"damage":20,"enemies":"Colosseum Nobs","floor":22,"turns":4},{"damage":34,"enemies":"Gremlin Leader","floor":23,"turns":6},{"damage":18,"enemies":"3 Cultists","floor":25,"turns":4},{"damage":17,"enemies":"Masked Bandits","floor":27,"turns":3},{"damage":28,"enemies":"Centurion and Healer","floor":28,"turns":6},{"damage":0,"enemies":"Snecko","floor":29,"turns":3},{"damage":7,"enemies":"Cultist and Chosen","floor":31,"turns":4}],"seed_played":"-7173447800676362026","potions_obtained":[{"floor":1,"key":"Block Potion"},{"floor":3,"key":"SkillPotion"},{"floor":10,"key":"Dexterity Potion"},{"floor":18,"key":"FairyPotion"},{"floor":20,"key":"Fruit Juice"},{"floor":22,"key":"Explosive Potion"},{"floor":29,"key":"Ancient Potion"}],"is_trial":false,"path_per_floor":["M","?","M","M","M","R","E","R","T","M","$","E","M","?","R","B",null,"M","$","M","M","?","E","R","M","T","?","M","M","$","M"],"character_chosen":"DEFECT","items_purchased":["Static Discharge","Ball Lightning","Coolheaded","Chill","Whetstone","Compile Driver","AttackPotion"],"campfire_rested":2,"item_purchase_floors":[11,11,11,30,30,30,30],"current_hp_per_floor":[76,76,75,75,65,65,28,52,52,36,36,8,10,92,92,83,92,72,72,74,69,45,13,42,26,26,11,2,4,4,0],"gold":7,"neow_bonus":"TEN_PERCENT_HP_BONUS","is_prod":false,"is_daily":false,"chose_seed":false,"campfire_upgraded":2,"win_rate":0.0,"timestamp":1560572257,"path_taken":["M","?","M","?","?","R","E","R","T","M","?","E","M","?","R","BOSS","M","$","M","M","?","E","R","M","T","?","M","M","$","M"],"build_version":"2019-01-23","purchased_purges":2,"victory":false,"max_hp_per_floor":[82,82,82,82,82,82,82,82,82,82,82,82,82,92,92,92,92,92,92,97,97,97,97,97,97,97,97,97,97,97,97],"card_choices":[{"not_picked":["Sweeping Beam","Reinforced Body"],"picked":"Lockon","floor":1},{"not_picked":["Hologram","Scrape"],"picked":"Steam Power","floor":3},{"not_picked":["Conserve Battery","Compile Driver"],"picked":"Redo","floor":4},{"not_picked":["Gash","Barrage"],"picked":"Coolheaded","floor":5},{"not_picked":["Fission","Scrape"],"picked":"Machine Learning","floor":7},{"not_picked":["Sweeping Beam","Conserve Battery"],"picked":"Defragment","floor":10},{"not_picked":["Barrage","Compile Driver"],"picked":"Loop","floor":12},{"not_picked":["Seek","Steam"],"picked":"Leap","floor":13},{"not_picked":["All For One","Fission"],"picked":"Multi-Cast","floor":16},{"not_picked":["Cold Snap","Gash+1"],"picked":"Reprogram","floor":18},{"not_picked":["Conserve Battery","Barrage"],"picked":"Reinforced Body+1","floor":20},{"not_picked":["Stack","Go for the Eyes"],"picked":"Leap+1","floor":21},{"not_picked":["Lockon","Hello World"],"picked":"Compile Driver+1","floor":22},{"not_picked":["Sweeping Beam+1","Steam"],"picked":"Loop+1","floor":23},{"not_picked":["Steam Power","Coolheaded"],"picked":"Streamline","floor":25},{"not_picked":["Aggregate","Leap"],"picked":"Darkness","floor":27},{"not_picked":["Cold Snap+1","Steam Power"],"picked":"Multi-Cast","floor":28},{"not_picked":["Barrage","Double Energy"],"picked":"Reinforced Body","floor":29}],"player_experience":13781,"relics_obtained":[{"floor":7,"key":"Juzu Bracelet"},{"floor":9,"key":"Blood Vial"},{"floor":12,"key":"Happy Flower"},{"floor":22,"key":"Girya"},{"floor":22,"key":"Bottled Tornado"},{"floor":23,"key":"Anchor"},{"floor":26,"key":"Centennial Puzzle"},{"floor":27,"key":"Red Mask"}],"event_choices":[{"cards_removed":["Strike_B"],"damage_healed":0,"gold_gain":0,"player_choice":"Purged","damage_taken":0,"max_hp_gain":0,"max_hp_loss":0,"event_name":"Purifier","floor":2,"gold_loss":0},{"cards_removed":["Machine Learning"],"damage_healed":72,"gold_gain":0,"player_choice":"Offered Rare","damage_taken":0,"max_hp_gain":10,"max_hp_loss":0,"event_name":"Bonfire Elementals","floor":14,"gold_loss":0},{"damage_healed":0,"gold_gain":0,"player_choice":"Fight","damage_taken":0,"max_hp_gain":0,"max_hp_loss":0,"event_name":"Colosseum","floor":22,"gold_loss":0},{"damage_healed":0,"gold_gain":0,"player_choice":"Fought Nobs","damage_taken":0,"max_hp_gain":0,"max_hp_loss":0,"event_name":"Colosseum","floor":22,"gold_loss":0},{"damage_healed":0,"gold_gain":0,"player_choice":"Fought Bandits","damage_taken":0,"max_hp_gain":0,"max_hp_loss":0,"event_name":"Masked Bandits","floor":27,"gold_loss":0}],"is_beta":false,"boss_relics":[{"not_picked":["Busted Crown","Runic Pyramid"],"picked":"Nuclear Battery"}],"items_purged_floors":[11,19],"is_endless":false,"potions_floor_spawned":[1,3,10,18,20,22,29],"killed_by":"Cultist and Chosen","ascension_level":0}