{"gold_per_floor":[114,114,138,44,54,54,85,106,155,165,178,178,205,43,43,141,141,151,151,151,168,168,168,168,183,183,26,26,26,36,50,50,146,146,161,40,40,0,12,59,59,75,75,75,88,118,118],"floor_reached":47,"playtime":2003,"items_purged":[],"score":605,"play_id":"e4843218-c5ba-49b0-a2c6-b1954a5745aa","local_time":"20180705022642","is_ascension_mode":true,"campfire_choices":[{"data":"Mind Blast","floor":6,"key":"SMITH"},{"floor":12,"key":"REST"},{"floor":15,"key":"REST"},{"data":"Demon Form","floor":23,"key":"SMITH"},{"floor":28,"key":"REST"},{"floor":32,"key":"REST"},{"data":"Bludgeon","floor":44,"key":"SMITH"}],"neow_cost":"NONE","seed_source_timestamp":267337702221860,"circlet_count":0,"master_deck":["Bash","Rampage+1","Mind Blast+1","Headbutt+1","Spot Weakness","Ghostly Armor","Iron Wave","Flame Barrier","Cleave","Jack Of All Trades+1","Dropkick","Demon Form+1","Sword Boomerang","Intimidate+1","Sword Boomerang","Twin Strike","Thunderclap","Cleave","Anger+1","Dropkick","Heavy Blade","Flex+1","Necronomicurse","Ghostly+1","Ghostly+1","Ghostly+1","Ghostly+1","Ghostly+1","Flex+1","Bash","Exhume+1","Clash","Intimidate+1","Impervious+1","Bludgeon+1","Blood for Blood+1","Reaper","Flex+1","Shrug It Off+1","Seeing Red+1","Flex+1","Seeing Red+1","Disarm+1"],"relics":["Burning Blood","War Paint","Ancient Tea Set","Odd Mushroom","Lantern","Toxic Egg 2","Pandora\u0027s Box","Necronomicon","Ornamental Fan","Vajra","Eternal Feather","Orichalcum","Red Mask","Ginger","Pear","Whetstone"],"potions_floor_usage":[7,16,16,18,25,33,42,46],"damage_taken":[{"damage":8,"enemies":"2 Louse","floor":1,"turns":2},{"damage":2,"enemies":"Small Slimes","floor":5,"turns":4},{"damage":24,"enemies":"Gremlin Nob","floor":7,"turns":4},{"damage":36,"floor":8,"turns":4},{"damage":0,"enemies":"Jaw Worm","floor":10,"turns":4},{"damage":12,"enemies":"Looter","floor":11,"turns":3},{"damage":55,"enemies":"Lagavulin","floor":13,"turns":7},{"damage":39,"enemies":"Slime Boss","floor":16,"turns":11},{"damage":0,"enemies":"3 Byrds","floor":18,"turns":1},{"damage":1,"enemies":"Spheric Guardian","floor":21,"turns":4},{"damage":24,"enemies":"Snake Plant","floor":25,"turns":3},{"damage":1,"enemies":"Centurion and Healer","floor":30,"turns":4},{"damage":26,"enemies":"Snecko","floor":31,"turns":4},{"damage":33,"enemies":"Automaton","floor":33,"turns":11},{"damage":13,"enemies":"Orb Walker","floor":35,"turns":4},{"damage":0,"enemies":"3 Darklings","floor":39,"turns":7},{"damage":14,"floor":40,"turns":4},{"damage":0,"enemies":"Maw","floor":42,"turns":7},{"damage":2,"enemies":"Flame Bruiser 2 Orb","floor":45,"turns":7},{"damage":53,"enemies":"Giant Head","floor":46,"turns":8},{"damage":10,"enemies":"Sphere and 2 Shapes","floor":47,"turns":5}],"seed_played":"-3262204402020328325","potions_obtained":[{"floor":5,"key":"SkillPotion"},{"floor":10,"key":"GamblersBrew"},{"floor":13,"key":"Block Potion"},{"floor":16,"key":"Energy Potion"},{"floor":18,"key":"SpeedPotion"},{"floor":21,"key":"Swift Potion"},{"floor":40,"key":"FearPotion"},{"floor":45,"key":"Block Potion"}],"is_trial":false,"path_per_floor":["M","?","T","$","M","R","E","?","T","M","M","R","E","$","R","B",null,"M","?","?","M","?","R","?","M","T","$","R","$","M","M","R","B",null,"M","$","T","?","M","?","$","M","T","R","M","E"],"character_chosen":"IRONCLAD","items_purchased":["Mind Blast","Jack Of All Trades+1","Dropkick","Vajra","Reaper","Flex+1"],"campfire_rested":4,"item_purchase_floors":[4,14,14,27,36,36],"current_hp_per_floor":[86,86,86,86,88,88,70,40,40,46,40,66,17,17,43,10,88,88,72,44,44,44,44,44,26,26,26,39,39,44,24,37,10,44,37,37,37,37,44,36,36,44,54,54,54,7,0],"gold":118,"neow_bonus":"TEN_PERCENT_HP_BONUS","is_prod":false,"is_daily":false,"chose_seed":false,"campfire_upgraded":3,"win_rate":0,"timestamp":1530772002,"path_taken":["M","?","?","$","M","R","E","?","T","M","?","R","E","?","R","BOSS","M","?","?","M","?","R","?","M","T","$","R","$","M","M","R","BOSS","M","$","?","?","M","?","$","?","T","R","M","E","M"],"build_version":"2018-07-03","purchased_purges":0,"victory":false,"max_hp_per_floor":[88,88,88,88,88,88,88,88,88,88,88,88,88,88,88,88,88,88,88,44,44,44,44,44,44,44,44,44,44,44,44,44,44,44,44,44,44,44,44,44,44,44,54,54,54,54,54],"card_choices":[{"not_picked":["Warcry","Intimidate"],"picked":"Rampage","floor":1},{"not_picked":["Shrug It Off","Armaments"],"picked":"Headbutt","floor":5},{"not_picked":["Reckless Charge","Sentinel"],"picked":"Spot Weakness","floor":7},{"not_picked":["Fire Breathing","Clothesline"],"picked":"Ghostly Armor","floor":8},{"not_picked":["Havoc","Warcry"],"picked":"Iron Wave","floor":10},{"not_picked":["Havoc","Iron Wave"],"picked":"Flame Barrier","floor":11},{"not_picked":["Shrug It Off","Armaments"],"picked":"Cleave","floor":13},{"not_picked":["Impervious+1","Reaper"],"picked":"Demon Form","floor":16},{"not_picked":["True Grit+1","Body Slam"],"picked":"Flex+1","floor":18},{"not_picked":["Sword Boomerang","Reckless Charge+1"],"picked":"Flex+1","floor":21},{"not_picked":["Headbutt","Wild Strike"],"picked":"Clash","floor":25},{"not_picked":["Evolve+1","Headbutt"],"picked":"Intimidate+1","floor":30},{"not_picked":["Disarm+1","Clash+1"],"picked":"Impervious+1","floor":31},{"not_picked":["Berserk","Immolate"],"picked":"Bludgeon","floor":33},{"not_picked":["Anger","Ghostly Armor+1"],"picked":"Blood for Blood+1","floor":35},{"not_picked":["Sword Boomerang+1","Rampage"],"picked":"Shrug It Off+1","floor":39},{"not_picked":["Sever Soul","Body Slam"],"picked":"Seeing Red+1","floor":40},{"not_picked":["Body Slam","Inflame"],"picked":"Flex+1","floor":42},{"not_picked":["Heavy Blade","Headbutt"],"picked":"Seeing Red+1","floor":45},{"not_picked":["Iron Wave+1","Ghostly Armor+1"],"picked":"Disarm+1","floor":46}],"player_experience":381227,"relics_obtained":[{"floor":3,"key":"War Paint"},{"floor":7,"key":"Ancient Tea Set"},{"floor":8,"key":"Odd Mushroom"},{"floor":9,"key":"Lantern"},{"floor":13,"key":"Toxic Egg 2"},{"floor":19,"key":"Necronomicon"},{"floor":26,"key":"Ornamental Fan"},{"floor":37,"key":"Orichalcum"},{"floor":40,"key":"Ginger"},{"floor":43,"key":"Pear"},{"floor":46,"key":"Whetstone"}],"event_choices":[{"event_name":"Living Wall","player_choice":"Grow","floor":2,"damage_taken":0},{"event_name":"Mushrooms","player_choice":"Fought Mushrooms","floor":8,"damage_taken":0},{"event_name":"Cursed Tome","player_choice":"Obtained Book","floor":19,"damage_taken":0},{"event_name":"Ghosts","player_choice":"Became a Ghost","floor":20,"damage_taken":0},{"event_name":"Beggar","player_choice":"Ignored","floor":22,"damage_taken":0},{"event_name":"Match and Keep!","player_choice":"2 cards matched","floor":24,"damage_taken":0},{"event_name":"Tomb of Lord Red Mask","player_choice":"Paid","floor":38,"damage_taken":0},{"event_name":"Mysterious Sphere","player_choice":"Fight","floor":40,"damage_taken":0}],"boss_relics":[{"not_picked":["Empty Cage","Ectoplasm"],"picked":"Pandora\u0027s Box"},{"not_picked":["Black Star","Philosopher\u0027s Stone"],"picked":"Eternal Feather"}],"items_purged_floors":[],"is_endless":false,"potions_floor_spawned":[5,10,13,16,18,21,40,45],"killed_by":"Sphere and 2 Shapes","ascension_level":3}