{"gold_per_floor":[114,129,139,109,119,119,132,35,60,60,72,84,84,109,109,207,257,238,258,20,30,30,30,50,50,104,104,118,118,147,162,162,162],"floor_reached":33,"playtime":1496,"items_purged":["Strike_R"],"score":285,"play_id":"978b5f5b-dcce-4ad8-885e-d81f9ada0ca3","local_time":"20190621142056","is_ascension_mode":true,"campfire_choices":[{"data":"Shrug It Off","floor":6.0,"key":"SMITH"},{"floor":10.0,"key":"REST"},{"data":"Heavy Blade","floor":15.0,"key":"SMITH"},{"data":"Double Tap","floor":23.0,"key":"SMITH"},{"data":"Shrug It Off","floor":25.0,"key":"SMITH"},{"data":"Spot Weakness","floor":27.0,"key":"SMITH"},{"floor":29.0,"key":"REST"},{"floor":32.0,"key":"REST"}],"neow_cost":"NONE","seed_source_timestamp":184911562162100,"circlet_count":0,"master_deck":["Strike_R+1","Strike_R+1","Strike_R","Strike_R","Defend_R","Defend_R","Defend_R","Defend_R","Bash","Panacea","Inflame","Spot Weakness+1","Shrug It Off+1","Cleave+1","Flex","Headbutt","Pommel Strike","Heavy Blade+1","Impervious","Flex","Disarm+1","Double Tap+1","Shrug It Off+1","Body Slam","Feed","Body Slam"],"special_seed":0,"relics":["Burning Blood","Orichalcum","Whetstone","Tiny House","MutagenicStrength","Tiny Chest","Centennial Puzzle"],"potions_floor_usage":[33,33],"damage_taken":[{"damage":5.0,"enemies":"Cultist","floor":1.0,"turns":4.0},{"damage":7.0,"enemies":"2 Louse","floor":2.0,"turns":4.0},{"damage":5.0,"enemies":"Small Slimes","floor":3.0,"turns":3.0},{"damage":5.0,"enemies":"Looter","floor":4.0,"turns":4.0},{"damage":21.0,"enemies":"Blue Slaver","floor":5.0,"turns":4.0},{"damage":30.0,"enemies":"Lots of Slimes","floor":7.0,"turns":5.0},{"damage":12.0,"enemies":"Exordium Wildlife","floor":11.0,"turns":3.0},{"damage":7.0,"enemies":"Blue Slaver","floor":12.0,"turns":3.0},{"damage":8.0,"enemies":"Gremlin Nob","floor":14.0,"turns":3.0},{"damage":44.0,"enemies":"The Guardian","floor":16.0,"turns":9.0},{"damage":14.0,"enemies":"2 Thieves","floor":18.0,"turns":4.0},{"damage":0.0,"enemies":"Spheric Guardian","floor":19.0,"turns":3.0},{"damage":20.0,"enemies":"Snecko","floor":21.0,"turns":7.0},{"damage":14.0,"enemies":"Chosen and Byrds","floor":24.0,"turns":6.0},{"damage":14.0,"enemies":"Shelled Parasite and Fungi","floor":28.0,"turns":5.0},{"damage":6.0,"enemies":"Book of Stabbing","floor":30.0,"turns":2.0},{"damage":42.0,"enemies":"Sentry and Sphere","floor":31.0,"turns":8.0},{"damage":84,"enemies":"Automaton","floor":33,"turns":6}],"seed_played":"-257433862132596863","potions_obtained":[{"floor":1.0,"key":"FearPotion"},{"floor":2.0,"key":"AttackPotion"},{"floor":5.0,"key":"Poison Potion"},{"floor":13.0,"key":"Dexterity Potion"},{"floor":13.0,"key":"Fire Potion"},{"floor":14.0,"key":"Fire Potion"},{"floor":17.0,"key":"Swift Potion"},{"floor":18.0,"key":"AttackPotion"},{"floor":28.0,"key":"Fire Potion"},{"floor":31.0,"key":"Fruit Juice"}],"is_trial":false,"path_per_floor":["M","M","M","M","M","R","M","$","T","R","M","M","?","E","R","B",null,"M","M","$","M","?","R","M","R","T","R","M","R","E","M","R","B"],"character_chosen":"IRONCLAD","items_purchased":["Flex","Headbutt","Double Tap"],"campfire_rested":3,"item_purchase_floors":[8,8,20],"current_hp_per_floor":[80,79,80,80,65,65,41,41,41,65,59,58,58,56,56,18,85,77,83,83,69,69,69,61,61,61,61,53,78,78,42,67,0],"gold":162,"neow_bonus":"RANDOM_COLORLESS","is_prod":false,"is_daily":false,"chose_seed":false,"campfire_upgraded":5,"win_rate":0,"timestamp":1561144856,"path_taken":["M","?","M","?","M","R","M","$","T","R","M","M","?","E","R","BOSS","M","M","$","M","?","R","M","R","T","R","M","R","E","M","R","BOSS"],"build_version":"2019-01-23","purchased_purges":1,"victory":false,"max_hp_per_floor":[80,80,80,80,80,80,80,80,80,80,80,80,80,80,80,80,85,85,85,85,85,85,85,85,85,85,85,85,85,85,85,85,90],"card_choices":[{"not_picked":["Perfected Strike","Flame Barrier","Metallicize"],"picked":"SKIP","floor":1.0},{"not_picked":["Metallicize","Clash"],"picked":"Inflame","floor":2.0},{"not_picked":["Clothesline","Shockwave","Warcry"],"picked":"SKIP","floor":3.0},{"not_picked":["Rupture","Ghostly Armor"],"picked":"Spot Weakness","floor":4.0},{"not_picked":["Second Wind","Clothesline"],"picked":"Shrug It Off","floor":5.0},{"not_picked":["Twin Strike","Anger"],"picked":"Cleave","floor":7.0},{"not_picked":["Juggernaut","Perfected Strike"],"picked":"Pommel Strike","floor":11.0},{"not_picked":["Dual Wield","Thunderclap","Clothesline"],"picked":"SKIP","floor":12.0},{"not_picked":["Twin Strike","Wild Strike"],"picked":"Heavy Blade","floor":14.0},{"not_picked":["Bludgeon","Feed"],"picked":"Impervious","floor":16.0},{"not_picked":["Armaments","Havoc"],"picked":"Flex","floor":17.0},{"not_picked":["Clash","Burning Pact+1","Pommel Strike"],"picked":"SKIP","floor":18.0},{"not_picked":["Sword Boomerang","Warcry+1"],"picked":"Disarm+1","floor":19.0},{"not_picked":["Double Tap","Rampage","Flame Barrier"],"picked":"SKIP","floor":21.0},{"not_picked":["Armaments","Battle Trance"],"picked":"Shrug It Off","floor":24.0},{"not_picked":["Twin Strike+1","Seeing Red"],"picked":"Body Slam","floor":28.0},{"not_picked":["Uppercut+1","Thunderclap"],"picked":"Feed","floor":30.0},{"not_picked":["Blood for Blood","Iron Wave"],"picked":"Body Slam","floor":31.0}],"player_experience":372535,"relics_obtained":[{"floor":9.0,"key":"Orichalcum"},{"floor":14.0,"key":"Whetstone"},{"floor":26.0,"key":"Tiny Chest"},{"floor":30.0,"key":"Centennial Puzzle"}],"event_choices":[{"damage_healed":0.0,"max_hp_gain":0.0,"max_hp_loss":0.0,"gold_gain":0.0,"event_name":"Lab","player_choice":"Got Potions","floor":13.0,"gold_loss":0.0,"damage_taken":0.0},{"damage_healed":0.0,"max_hp_gain":0.0,"max_hp_loss":0.0,"gold_gain":0.0,"event_name":"Drug Dealer","player_choice":"Inject Mutagens","floor":22.0,"gold_loss":0.0,"damage_taken":0.0,"relics_obtained":["MutagenicStrength"]}],"is_beta":false,"boss_relics":[{"not_picked":["Sozu","Eternal Feather"],"picked":"Tiny House"}],"items_purged_floors":[20],"is_endless":false,"potions_floor_spawned":[1,2,5,14,18,28,31],"killed_by":"Automaton","ascension_level":1}