{"gold_per_floor":[119,194,210,220,220,220,2,30,30,60,60,91,103,117,117,117],"floor_reached":16,"playtime":635,"items_purged":[],"score":290,"play_id":"0f599485-9f13-4d1e-96b5-c5bb26e5a565","local_time":"20190509102658","is_ascension_mode":true,"campfire_choices":[{"data":"Buffer","floor":6,"key":"SMITH"},{"data":"Ball Lightning","floor":11,"key":"SMITH"},{"data":"Zap","floor":15,"key":"SMITH"}],"neow_cost":"NONE","seed_source_timestamp":278293205905869,"circlet_count":0,"master_deck":["AscendersBane","Strike_B","Strike_B","Strike_B","Defend_B","Defend_B","Defend_B","Defend_B","Zap+1","Dualcast","Rebound","Ball Lightning+1","Buffer+1","Undo","Reinforced Body","Tempest","Leap","Go for the Eyes"],"relics":["Cracked Core","Membership Card","Shuriken","Bottled Flame","Pen Nib","Gremlin Horn"],"potions_floor_usage":[4,16,16],"damage_taken":[{"damage":14,"enemies":"Jaw Worm","floor":1,"turns":4},{"damage":0,"enemies":"2 Louse","floor":3,"turns":3},{"damage":2,"enemies":"Cultist","floor":4,"turns":4},{"damage":20,"enemies":"3 Sentries","floor":8,"turns":7},{"damage":0,"enemies":"Lagavulin","floor":10,"turns":7},{"damage":5,"enemies":"3 Sentries","floor":12,"turns":8},{"damage":2,"enemies":"Large Slime","floor":13,"turns":6},{"damage":0,"enemies":"2 Fungi Beasts","floor":14,"turns":2},{"damage":30,"enemies":"Hexaghost","floor":16,"turns":12}],"seed_played":"704820710424406503","potions_obtained":[{"floor":3,"key":"Regen Potion"},{"floor":10,"key":"Swift Potion"},{"floor":13,"key":"SkillPotion"}],"is_trial":false,"path_per_floor":["M","?","M","M","?","R","$","E","T","E","R","E","M","M","R","B"],"character_chosen":"DEFECT","items_purchased":["Membership Card"],"campfire_rested":0,"item_purchase_floors":[7],"current_hp_per_floor":[57,46,46,56,56,56,56,36,36,36,36,31,29,29,29,0],"gold":117,"neow_bonus":"TEN_PERCENT_HP_BONUS","is_prod":false,"is_daily":false,"chose_seed":false,"campfire_upgraded":3,"win_rate":0,"timestamp":1557390418,"path_taken":["M","?","M","M","?","R","$","E","T","E","R","E","?","M","R","BOSS"],"build_version":"2019-01-23","purchased_purges":0,"victory":false,"max_hp_per_floor":[78,78,78,78,78,78,78,78,78,78,78,78,78,78,78,78],"card_choices":[{"not_picked":["Stack","Cold Snap"],"picked":"Rebound","floor":1},{"not_picked":["Hologram","Consume"],"picked":"Ball Lightning","floor":3},{"not_picked":["Go for the Eyes","Stack"],"picked":"Buffer","floor":4},{"not_picked":["Melter","Turbo"],"picked":"Undo","floor":8},{"not_picked":["Streamline","Darkness"],"picked":"Reinforced Body","floor":10},{"not_picked":["Steam","Stack"],"picked":"Tempest","floor":12},{"not_picked":["Ball Lightning","Streamline"],"picked":"Leap","floor":13},{"not_picked":["Stack","Beam Cell"],"picked":"Go for the Eyes","floor":14}],"player_experience":549261,"relics_obtained":[{"floor":8,"key":"Shuriken"},{"floor":9,"key":"Bottled Flame"},{"floor":10,"key":"Pen Nib"},{"floor":12,"key":"Gremlin Horn"}],"event_choices":[{"damage_healed":0,"gold_gain":75,"player_choice":"Gather Gold","damage_taken":11,"max_hp_gain":0,"max_hp_loss":0,"event_name":"World of Goop","floor":2,"gold_loss":0},{"cards_removed":["Strike_B"],"damage_healed":0,"gold_gain":0,"player_choice":"Offered Basic","damage_taken":0,"max_hp_gain":0,"max_hp_loss":0,"event_name":"Bonfire Elementals","floor":5,"gold_loss":0}],"is_beta":false,"boss_relics":[],"items_purged_floors":[],"is_endless":false,"potions_floor_spawned":[3,10,13],"killed_by":"Hexaghost","ascension_level":20}