{"path_per_floor":["M","?","M","$","?","R","M","R","T","T","M","E","M","M","R","B",null,"M","M","$","M","M","R","M","E","T","?","R","M","?"],"character_chosen":"IRONCLAD","items_purchased":["Charon\u0027s Ashes","Bag of Preparation"],"gold_per_floor":[18,18,28,28,28,28,45,45,70,70,86,417,432,442,442,537,567,579,594,55,67,79,79,99,129,199,199,199,212,572,572],"floor_reached":31,"campfire_rested":2,"playtime":1595,"current_hp_per_floor":[80,73,73,73,57,57,62,62,62,62,67,63,70,78,78,57,100,100,86,86,82,74,104,92,40,40,40,71,65,25,0],"items_purged":["Strike_R"],"gold":572,"score":335,"play_id":"a96cfc9d-38a3-4454-b099-8dfbc5117d9c","local_time":"20180424005229","is_prod":false,"is_daily":false,"chose_seed":false,"is_ascension_mode":true,"campfire_upgraded":0,"timestamp":1524545549,"path_taken":["M","?","?","$","?","R","M","R","T","?","?","E","M","M","R","BOSS","M","M","$","M","M","R","M","E","T","?","R","M","?","E"],"build_version":"2018-04-19","seed_source_timestamp":715235766399570,"purchased_purges":1,"victory":false,"master_deck":["Strike_R","Strike_R","Strike_R","Defend_R+1","Defend_R","Defend_R","Bash","Combust","Armaments+1","Flame Barrier","Feed+1","Metallicize","Flame Barrier+1","Immolate","Ghostly Armor+1","Battle Trance+1","Exhume+1","Seeing Red+1"],"max_hp_per_floor":[80,80,80,80,80,80,80,80,80,80,80,84,87,91,91,95,100,100,100,100,104,104,104,104,104,104,104,104,108,108,108],"relics":["Burning Blood","Girya","Omamori","Toxic Egg 2","Old Coin","Tiny House","Charon\u0027s Ashes","Bag of Preparation","Calipers","Matryoshka"],"card_choices":[{"not_picked":["True Grit","Infernal Blade"],"picked":"Combust","floor":1},{"not_picked":["Warcry","Cleave"],"picked":"Armaments","floor":3},{"not_picked":["Headbutt","Perfected Strike"],"picked":"Flame Barrier","floor":7},{"not_picked":["Clash","Infernal Blade"],"picked":"Feed","floor":11},{"not_picked":["Cleave","Corruption"],"picked":"Metallicize","floor":12},{"not_picked":["Shrug It Off","Anger"],"picked":"Flame Barrier","floor":14},{"not_picked":["Dark Embrace","Brutality"],"picked":"Immolate","floor":16},{"not_picked":["Iron Wave","Feel No Pain"],"picked":"Ghostly Armor","floor":17},{"not_picked":["True Grit","Warcry"],"picked":"Battle Trance","floor":21},{"not_picked":["Pommel Strike","Whirlwind"],"picked":"Exhume","floor":24},{"not_picked":["Whirlwind","Headbutt"],"picked":"Seeing Red","floor":29}],"player_experience":734542,"potions_floor_usage":[11,16,18,21,24,31],"damage_taken":[{"damage":0,"enemies":"Small Slimes","floor":1,"turns":3},{"damage":6,"enemies":"Cultist","floor":3,"turns":4},{"damage":1,"enemies":"2 Louse","floor":7,"turns":2},{"damage":1,"enemies":"Large Slime","floor":11,"turns":7},{"damage":14,"enemies":"3 Sentries","floor":12,"turns":6},{"damage":2,"enemies":"Exordium Wildlife","floor":13,"turns":5},{"damage":2,"enemies":"Blue Slaver","floor":14,"turns":5},{"damage":31,"enemies":"The Guardian","floor":16,"turns":14},{"damage":3,"enemies":"3 Byrds","floor":18,"turns":3},{"damage":20,"enemies":"Chosen","floor":19,"turns":8},{"damage":14,"enemies":"3 Cultists","floor":21,"turns":5},{"damage":14,"enemies":"Snake Plant","floor":22,"turns":6},{"damage":18,"enemies":"Snecko","floor":24,"turns":3},{"damage":58,"enemies":"Slavers","floor":25,"turns":6},{"damage":16,"enemies":"Sentry and Sphere","floor":29,"turns":4},{"damage":26,"enemies":"Book of Stabbing","floor":31,"turns":5}],"event_choices":[{"event_name":"Golden Wing","player_choice":"Card Removal","floor":2,"damage_taken":0},{"event_name":"Shining Light","player_choice":"Entered Light","floor":5,"damage_taken":0},{"event_name":"Back to Basics","player_choice":"Elegance","floor":27,"damage_taken":0},{"event_name":"Knowing Skull","player_choice":"GOLD GOLD GOLD GOLD ","floor":30,"damage_taken":0}],"boss_relics":[{"not_picked":["Eternal Feather","Black Star"],"picked":"Tiny House"}],"potions_floor_spawned":[1,14,19,22,29],"seed_played":"-6031667609529169406","killed_by":"Book of Stabbing","ascension_level":2,"is_trial":false}