{"gold_per_floor":[109,184,184,199,199,232,232,271,271,4,34,59,59,73,73,73],"floor_reached":16,"playtime":545,"items_purged":[],"score":146,"play_id":"4a57f3c7-8f06-4aed-8d26-ef34a9c63820","local_time":"20190611030321","is_ascension_mode":true,"campfire_choices":[{"floor":15,"key":"REST"}],"neow_cost":"NONE","seed_source_timestamp":1761649135240400,"circlet_count":0,"master_deck":["Strike_R","Strike_R","Strike_R","Strike_R","Strike_R","Defend_R","Defend_R","Defend_R","Bash","Cleave","Madness+1","Power Through","Infernal Blade","Injury","Sever Soul","Feel No Pain","Demon Form","Clash"],"relics":["Burning Blood","Letter Opener","Golden Idol","Paper Frog","Ornamental Fan","MealTicket"],"potions_floor_usage":[6,12],"damage_taken":[{"damage":13,"enemies":"Jaw Worm","floor":1,"turns":5},{"damage":0,"enemies":"2 Louse","floor":4,"turns":3},{"damage":46,"enemies":"Lagavulin","floor":6,"turns":8},{"damage":20,"enemies":"3 Sentries","floor":8,"turns":9},{"damage":0,"enemies":"Cultist","floor":12,"turns":3},{"damage":6,"enemies":"Looter","floor":14,"turns":2},{"damage":42,"enemies":"The Guardian","floor":16,"turns":5}],"seed_played":"-6128612416510589224","potions_obtained":[{"floor":4,"key":"SpeedPotion"},{"floor":8,"key":"AttackPotion"}],"is_trial":false,"path_per_floor":["M","?","?","M","?","E","?","E","T","$","?","M","?","M","R","B"],"character_chosen":"IRONCLAD","items_purchased":["MealTicket","Feel No Pain"],"campfire_rested":1,"item_purchase_floors":[10,10],"current_hp_per_floor":[73,62,62,68,61,21,21,7,7,7,7,13,13,13,39,0],"gold":73,"neow_bonus":"TEN_PERCENT_HP_BONUS","is_prod":false,"is_daily":false,"chose_seed":false,"campfire_upgraded":0,"win_rate":0,"timestamp":1560236601,"path_taken":["M","?","?","?","?","E","?","E","T","$","?","M","?","M","R","BOSS"],"build_version":"2019-06-07","purchased_purges":0,"victory":false,"max_hp_per_floor":[88,88,88,88,88,88,88,88,88,88,88,88,88,88,88,88],"card_choices":[{"not_picked":["Metallicize","Twin Strike"],"picked":"Cleave","floor":1},{"not_picked":["Sever Soul","Armaments"],"picked":"Power Through","floor":4},{"not_picked":["Clothesline","Sever Soul"],"picked":"Infernal Blade","floor":6},{"not_picked":["Anger","Iron Wave"],"picked":"Sever Soul","floor":8},{"not_picked":["Intimidate","Iron Wave"],"picked":"Demon Form","floor":12},{"not_picked":["Warcry","Heavy Blade"],"picked":"Clash","floor":14}],"player_experience":1030701,"relics_obtained":[{"floor":6,"key":"Letter Opener"},{"floor":8,"key":"Paper Frog"},{"floor":9,"key":"Ornamental Fan"}],"event_choices":[{"damage_healed":0,"gold_gain":75,"player_choice":"Gather Gold","damage_taken":11,"max_hp_gain":0,"max_hp_loss":0,"event_name":"World of Goop","floor":2,"gold_loss":0},{"damage_healed":0,"gold_gain":0,"player_choice":"1 cards matched","damage_taken":0,"max_hp_gain":0,"max_hp_loss":0,"event_name":"Match and Keep!","floor":3,"gold_loss":0,"cards_obtained":["Madness"]},{"cards_removed":["Defend_R"],"damage_healed":0,"gold_gain":0,"player_choice":"Card Removal","damage_taken":7,"max_hp_gain":0,"max_hp_loss":0,"event_name":"Golden Wing","floor":5,"gold_loss":0},{"damage_healed":0,"gold_gain":0,"player_choice":"Take Wound","damage_taken":0,"relics_obtained":["Golden Idol"],"max_hp_gain":0,"max_hp_loss":0,"event_name":"Golden Idol","floor":7,"gold_loss":0,"cards_obtained":["Injury"]},{"damage_healed":0,"gold_gain":30,"player_choice":"Searched \u00271\u0027 times","damage_taken":0,"max_hp_gain":0,"max_hp_loss":0,"event_name":"Dead Adventurer","floor":11,"gold_loss":0},{"damage_healed":0,"gold_gain":0,"player_choice":"Grow","damage_taken":0,"max_hp_gain":0,"max_hp_loss":0,"event_name":"Living Wall","floor":13,"gold_loss":0,"cards_upgraded":["Madness"]}],"is_beta":true,"boss_relics":[],"items_purged_floors":[],"is_endless":false,"potions_floor_spawned":[4,8],"killed_by":"The Guardian","ascension_level":7}