{"gold_per_floor":[119,69,69,84,44,44,44,60,60,60,60,73,73,86,86,187,187,204,26,39,39,5,5,15,15],"floor_reached":25,"playtime":910,"items_purged":[],"score":222,"play_id":"c115025d-3500-432c-bb99-07a012a96cc1","local_time":"20180705024207","is_ascension_mode":true,"campfire_choices":[{"data":"Bash","floor":6,"key":"SMITH"},{"data":"Feel No Pain","floor":11,"key":"SMITH"},{"data":"Berserk","floor":13,"key":"SMITH"},{"data":"Shrug It Off","floor":15,"key":"SMITH"},{"floor":23,"key":"REST"}],"neow_cost":"NONE","seed_source_timestamp":269361626117355,"circlet_count":0,"master_deck":["Strike_R","Strike_R","Strike_R","Strike_R","Strike_R","Defend_R+1","Defend_R","Defend_R+1","Bash+1","Wild Strike","Pommel Strike","Regret","Feel No Pain+1","Berserk+1","Shrug It Off+1","Immolate","Flex","Power Through","Blood for Blood","Pommel Strike","Cleave","Dark Embrace","Feed","Flex","Heavy Blade","Heavy Blade+1","Inflame","Feel No Pain"],"relics":["Burning Blood","Art of War","Calipers","Anchor","War Paint","Orrery"],"potions_floor_usage":[10,12,12,12,12,16,16,20,25],"damage_taken":[{"damage":10,"enemies":"Small Slimes","floor":1,"turns":4},{"damage":14,"enemies":"2 Louse","floor":4,"turns":3},{"damage":3,"enemies":"Cultist","floor":8,"turns":2},{"damage":0,"enemies":"Exordium Wildlife","floor":10,"turns":1},{"damage":14,"enemies":"Gremlin Gang","floor":12,"turns":5},{"damage":3,"enemies":"3 Louse","floor":14,"turns":4},{"damage":61,"enemies":"Slime Boss","floor":16,"turns":14},{"damage":43,"enemies":"Shell Parasite","floor":18,"turns":7},{"damage":23,"enemies":"2 Thieves","floor":20,"turns":3},{"damage":46,"enemies":"Centurion and Healer","floor":24,"turns":6},{"damage":27,"enemies":"Snecko","floor":25,"turns":2}],"seed_played":"-2296447874494847478","potions_obtained":[{"floor":5,"key":"EntropicBrew"},{"floor":5,"key":"SpeedPotion"},{"floor":5,"key":"SmokeBomb"},{"floor":14,"key":"SteroidPotion"},{"floor":18,"key":"Swift Potion"},{"floor":24,"key":"AttackPotion"}],"is_trial":false,"path_per_floor":["M","?","T","M","?","R","?","M","T","M","R","M","R","M","R","B",null,"M","$","M","?","$","R","M"],"character_chosen":"IRONCLAD","items_purchased":["Feed","Flex","Heavy Blade","Inflame"],"campfire_rested":1,"item_purchase_floors":[19,19,19,22],"current_hp_per_floor":[76,76,76,68,68,68,68,71,71,77,77,69,69,72,72,17,80,43,43,26,26,26,50,10,0],"gold":15,"neow_bonus":"RANDOM_COMMON_RELIC","is_prod":false,"is_daily":false,"chose_seed":false,"campfire_upgraded":4,"win_rate":0,"timestamp":1530772927,"path_taken":["M","?","?","?","?","R","?","M","T","M","R","M","R","M","R","BOSS","M","$","M","?","$","R","M","M"],"build_version":"2018-07-03","purchased_purges":0,"victory":false,"max_hp_per_floor":[80,80,80,80,80,80,80,80,80,80,80,80,80,80,80,80,80,80,80,80,80,80,80,80,80],"card_choices":[{"not_picked":["Twin Strike","Body Slam"],"picked":"Wild Strike","floor":1},{"not_picked":["Sword Boomerang","Iron Wave"],"picked":"Pommel Strike","floor":4},{"not_picked":["True Grit","Flex"],"picked":"Feel No Pain","floor":8},{"not_picked":["Wild Strike","Pommel Strike"],"picked":"Berserk","floor":12},{"not_picked":["Anger","Clash"],"picked":"Shrug It Off","floor":14},{"not_picked":["Barricade","Reaper"],"picked":"Immolate","floor":16},{"not_picked":["Whirlwind","Intimidate"],"picked":"Flex","floor":17},{"not_picked":["True Grit","Uppercut"],"picked":"Power Through","floor":17},{"not_picked":["Perfected Strike","Reckless Charge"],"picked":"Blood for Blood","floor":17},{"not_picked":["Headbutt","True Grit"],"picked":"Pommel Strike","floor":17},{"not_picked":["Wild Strike","Battle Trance"],"picked":"Cleave","floor":17},{"not_picked":["Bloodletting+1","Disarm"],"picked":"Dark Embrace","floor":18},{"not_picked":["Combust","Entrench"],"picked":"Heavy Blade+1","floor":20},{"not_picked":["Burning Pact","Spot Weakness"],"picked":"Feel No Pain","floor":24}],"player_experience":383230,"relics_obtained":[{"floor":3,"key":"Calipers"},{"floor":9,"key":"War Paint"}],"event_choices":[{"event_name":"The Cleric","player_choice":"Card Removal","floor":2,"damage_taken":0},{"event_name":"The Woman in Blue","player_choice":"Bought 3 Potions","floor":5,"damage_taken":0},{"event_name":"Big Fish","player_choice":"Box","floor":7,"damage_taken":0},{"event_name":"Beggar","player_choice":"Ignored","floor":21,"damage_taken":0}],"boss_relics":[{"not_picked":["Mark of Pain","Philosopher\u0027s Stone"],"picked":"Orrery"}],"items_purged_floors":[],"is_endless":false,"potions_floor_spawned":[8,14,18,24],"killed_by":"Snecko","ascension_level":3}