{"gold_per_floor":[113,113,124,138,138,171,171,202,248,248,281,291,352,382,382,477,477,492,69,79,79,79,79,105,105,105,134,134,148,58,77,77,176,176,186,200,200,200],"floor_reached":38,"playtime":2092,"items_purged":[],"score":651,"play_id":"06dc7b20-9bd0-4569-bbe8-c65bafac15cf","local_time":"20190627174518","is_ascension_mode":true,"campfire_choices":[{"data":"Power Through","floor":7,"key":"SMITH"},{"floor":10,"key":"REST"},{"floor":15,"key":"REST"},{"floor":23,"key":"REST"},{"data":"Bash","floor":25,"key":"SMITH"},{"floor":28,"key":"REST"},{"floor":32,"key":"RECALL"}],"neow_cost":"NONE","seed_source_timestamp":8954391863500,"circlet_count":0,"master_deck":["Strike_R+1","Strike_R","Strike_R","Strike_R","Defend_R","Defend_R+1","Defend_R+1","Defend_R","Bash+1","Rampage+1","Power Through+1","Dual Wield","Clash","Clash","Juggernaut","Battle Trance+1","Armaments+1","Shrug It Off+1","Thunderclap","Double Tap+1","True Grit+1","Mayhem+1","Headbutt+1","Headbutt+1","Clash","Reaper","Disarm+1","Purity+1","Flame Barrier+1","Barricade","True Grit+1","Feel No Pain"],"relics":["Burning Blood","Matryoshka","Dream Catcher","PreservedInsect","Art of War","Toxic Egg 2","Ornamental Fan","War Paint","Cursed Key","Meat on the Bone","Blood Vial","Bag of Preparation","Omamori","Empty Cage"],"potions_floor_usage":[6,6,8,11,12,14,24,33,35,36],"damage_taken":[{"damage":6,"enemies":"2 Louse","floor":1,"turns":3},{"damage":1,"enemies":"Cultist","floor":3,"turns":3},{"damage":0,"enemies":"Small Slimes","floor":4,"turns":3},{"damage":15,"enemies":"Lagavulin","floor":6,"turns":5},{"damage":35,"enemies":"3 Sentries","floor":8,"turns":10},{"damage":20,"enemies":"Lagavulin","floor":11,"turns":5},{"damage":0,"enemies":"Exordium Wildlife","floor":12,"turns":2},{"damage":25,"enemies":"Lagavulin Event","floor":13,"turns":4},{"damage":0,"enemies":"3 Sentries","floor":14,"turns":4},{"damage":25,"enemies":"Slime Boss","floor":16,"turns":10},{"damage":18,"enemies":"2 Thieves","floor":18,"turns":4},{"damage":9,"enemies":"Shell Parasite","floor":20,"turns":5},{"damage":3,"enemies":"Gremlin Leader","floor":24,"turns":3},{"damage":84,"enemies":"Slavers","floor":27,"turns":9},{"damage":31,"enemies":"Shelled Parasite and Fungi","floor":29,"turns":4},{"damage":6,"enemies":"Cultist and Chosen","floor":31,"turns":5},{"damage":77,"enemies":"Collector","floor":33,"turns":10},{"damage":28,"enemies":"Orb Walker","floor":35,"turns":5},{"damage":27,"enemies":"3 Shapes","floor":36,"turns":4},{"damage":80,"enemies":"2 Orb Walkers","floor":38,"turns":3}],"seed_played":"5760032148186795064","potions_obtained":[{"floor":1,"key":"Weak Potion"},{"floor":2,"key":"Strength Potion"},{"floor":2,"key":"Explosive Potion"},{"floor":8,"key":"Regen Potion"},{"floor":11,"key":"Fire Potion"},{"floor":13,"key":"SteroidPotion"},{"floor":20,"key":"SteroidPotion"},{"floor":31,"key":"BloodPotion"},{"floor":33,"key":"Fire Potion"},{"floor":35,"key":"Poison Potion"}],"is_trial":false,"path_per_floor":["M","?","M","M","?","E","R","E","T","R","E","M","?","E","R","B",null,"M","$","M","?","?","R","E","R","T","E","R","M","$","M","R","B",null,"M","M","?","?"],"character_chosen":"IRONCLAD","items_purchased":["Meat on the Bone","Mayhem","Purity+1"],"campfire_rested":4,"item_purchase_floors":[19,19,30],"current_hp_per_floor":[80,80,85,88,70,61,61,32,32,58,58,64,45,51,77,58,81,69,69,66,66,66,88,88,88,88,22,48,48,48,62,62,34,75,55,48,48,0],"gold":200,"neow_bonus":"TEN_PERCENT_HP_BONUS","is_prod":false,"is_daily":false,"chose_seed":false,"campfire_upgraded":2,"win_rate":0,"timestamp":1561671918,"path_taken":["M","?","?","M","?","E","R","E","T","R","E","M","?","E","R","BOSS","M","$","M","?","?","R","E","R","T","E","R","?","?","M","R","BOSS","M","M","?","?"],"build_version":"2019-06-24","purchased_purges":0,"victory":false,"max_hp_per_floor":[88,88,88,88,88,88,88,88,88,88,88,88,88,88,88,88,88,88,88,88,88,88,88,88,88,88,88,88,88,88,88,88,88,88,88,88,88,88],"card_choices":[{"not_picked":["Flex","Rage"],"picked":"Rampage","floor":1},{"not_picked":["True Grit","Spot Weakness"],"picked":"Power Through","floor":3},{"not_picked":["Armaments","Headbutt"],"picked":"Dual Wield","floor":4},{"not_picked":["Perfected Strike","Corruption"],"picked":"Clash","floor":6},{"not_picked":["Perfected Strike","Combust"],"picked":"Clash","floor":8},{"not_picked":["Armaments","Dual Wield"],"picked":"Juggernaut","floor":10},{"not_picked":["Shrug It Off","Body Slam"],"picked":"Battle Trance","floor":11},{"not_picked":["Flex+1","Shrug It Off+1"],"picked":"Armaments+1","floor":12},{"not_picked":["Dark Embrace","Clothesline"],"picked":"Shrug It Off+1","floor":14},{"not_picked":["Corruption","Iron Wave"],"picked":"Thunderclap","floor":15},{"not_picked":["Dark Embrace","Fiend Fire"],"picked":"Double Tap+1","floor":16},{"not_picked":["Blood for Blood","Sword Boomerang"],"picked":"True Grit+1","floor":18},{"not_picked":["Clash+1","Inflame"],"picked":"Headbutt+1","floor":20},{"not_picked":["Iron Wave","Uppercut"],"picked":"Headbutt+1","floor":23},{"not_picked":["Sword Boomerang","Heavy Blade"],"picked":"Clash","floor":24},{"not_picked":["Metallicize","Seeing Red+1"],"picked":"Reaper","floor":27},{"not_picked":["Combust","Pommel Strike+1"],"picked":"Disarm+1","floor":28},{"not_picked":["Perfected Strike","Heavy Blade","Feel No Pain"],"picked":"SKIP","floor":29},{"not_picked":["Pummel+1","Sword Boomerang"],"picked":"Flame Barrier+1","floor":31},{"not_picked":["Fiend Fire","Impervious+1"],"picked":"Barricade","floor":33},{"not_picked":["Anger+1","Armaments+1"],"picked":"True Grit+1","floor":35},{"not_picked":["Shockwave+1","Body Slam"],"picked":"Feel No Pain","floor":36}],"player_experience":1139777,"relics_obtained":[{"floor":6,"key":"Matryoshka"},{"floor":8,"key":"Dream Catcher"},{"floor":9,"key":"PreservedInsect"},{"floor":9,"key":"Art of War"},{"floor":11,"key":"Toxic Egg 2"},{"floor":13,"key":"Ornamental Fan"},{"floor":14,"key":"War Paint"},{"floor":24,"key":"Blood Vial"},{"floor":26,"key":"Bag of Preparation"},{"floor":27,"key":"Omamori"}],"event_choices":[{"damage_healed":0,"gold_gain":0,"player_choice":"Got Potions","damage_taken":0,"max_hp_gain":0,"max_hp_loss":0,"event_name":"Lab","floor":2,"gold_loss":0},{"damage_healed":0,"gold_gain":0,"player_choice":"Entered Light","damage_taken":18,"max_hp_gain":0,"max_hp_loss":0,"event_name":"Shining Light","floor":5,"gold_loss":0,"cards_upgraded":["Strike_R","Rampage"]},{"damage_healed":0,"gold_gain":0,"player_choice":"Searched \u00271\u0027 times","damage_taken":0,"max_hp_gain":0,"max_hp_loss":0,"event_name":"Dead Adventurer","floor":13,"gold_loss":0},{"damage_healed":0,"gold_gain":0,"player_choice":"Ignored","damage_taken":0,"max_hp_gain":0,"max_hp_loss":0,"event_name":"Vampires","floor":21,"gold_loss":0},{"damage_healed":0,"gold_gain":0,"player_choice":"Upgraded","damage_taken":0,"max_hp_gain":0,"max_hp_loss":0,"event_name":"Upgrade Shrine","floor":22,"gold_loss":0,"cards_upgraded":["Mayhem"]},{"damage_healed":0,"gold_gain":0,"player_choice":"Ignored","damage_taken":0,"max_hp_gain":0,"max_hp_loss":0,"event_name":"Tomb of Lord Red Mask","floor":37,"gold_loss":0},{"damage_healed":0,"gold_gain":0,"player_choice":"Fight","damage_taken":0,"max_hp_gain":0,"max_hp_loss":0,"event_name":"Mysterious Sphere","floor":38,"gold_loss":0}],"is_beta":true,"boss_relics":[{"not_picked":["Snecko Eye","Velvet Choker"],"picked":"Cursed Key"},{"not_picked":["Pandora\u0027s Box","Black Star"],"picked":"Empty Cage"}],"items_purged_floors":[],"is_endless":false,"potions_floor_spawned":[1,3,8,11,13,20,31,33,35],"killed_by":"2 Orb Walkers","ascension_level":8}