{"path_per_floor":["M","M","M","?","?","M","$","E","T","R","$","R","T","M","R","B",null,"M","?","$","M","M","R","?","R","T","?","M","M","M","?","R","B",null,"M","M","M","?","M","R","M","M","T"],"character_chosen":"IRONCLAD","items_purchased":["Blood Vial","Rupture","Block Potion"],"gold_per_floor":[114,129,144,144,144,163,13,51,51,51,51,51,51,70,70,195,195,214,129,31,50,69,69,69,69,69,69,88,107,126,26,26,151,151,170,189,208,208,227,227,246,265,265,265],"floor_reached":44,"campfire_rested":5,"playtime":2291,"current_hp_per_floor":[76,72,65,49,55,36,36,27,33,60,60,87,93,92,92,35,129,86,86,86,73,56,94,100,100,106,90,49,35,34,34,76,61,147,128,109,63,63,35,79,52,15,21,0],"items_purged":[],"gold":265,"score":615,"play_id":"98cebee8-5060-41f8-a794-24bbf3b3e0ef","local_time":"20180330113518","daily_mods":["Diverse","Cursed Run","Binary"],"is_prod":false,"is_daily":true,"is_ascension_mode":false,"campfire_upgraded":1,"timestamp":1522424118,"path_taken":["M","M","M","?","?","?","$","E","T","R","$","R","?","M","R","BOSS","M","?","$","M","M","R","?","R","T","?","?","M","M","?","R","BOSS","M","M","?","?","M","R","M","M","T","E"],"build_version":"2018-03-29v2","purchased_purges":0,"victory":false,"master_deck":["Strike_R","Strike_R","Strike_R","Strike_R","Strike_R","Defend_R","Defend_R+1","Defend_R","Defend_R","Bash","Acrobatics+1","Distraction+1","Combust","Injury","Writhe","Parasite","Pain","Offering","Parasite","Writhe","Parasite","Rupture","Writhe","Writhe","Feel No Pain","Berserk","J.A.X.","Pain","Limit Break","Inflame+1","Rupture","Brutality","Decay"],"max_hp_per_floor":[80,80,80,80,86,86,86,86,92,92,92,92,98,98,98,104,129,129,129,129,129,129,129,135,135,141,141,141,141,141,141,141,147,147,147,147,147,147,147,147,147,147,153,153],"relics":["Cursed Key","Darkstone Periapt","Du-Vu Doll","Golden Idol","Blood Vial","The Courier","Art of War","Anchor","Calling Bell","Question Card","Blue Candle","Strawberry","Shovel","Gambling Chip","Molten Egg 2","Bag of Preparation","Enchiridion","Philosopher\u0027s Stone","Red Skull"],"card_choices":[{"not_picked":["True Grit"],"picked":"Combust","floor":2},{"not_picked":["Fiend Fire"],"picked":"Offering","floor":16},{"not_picked":["Iron Wave","Entrench"],"picked":"Feel No Pain","floor":28},{"not_picked":["Warcry","Twin Strike"],"picked":"Berserk","floor":30},{"not_picked":["Offering","Impervious"],"picked":"Limit Break","floor":33},{"not_picked":["Heavy Blade","Pummel"],"picked":"Inflame","floor":36},{"not_picked":["Clothesline","Anger"],"picked":"Brutality","floor":39}],"player_experience":559447,"potions_floor_usage":[2,8,16,22,22,29,30,39,41],"damage_taken":[{"damage":4,"enemies":"Small Slimes","floor":1,"turns":5},{"damage":4,"enemies":"2 Louse","floor":2,"turns":4},{"damage":7,"enemies":"Cultist","floor":3,"turns":4},{"damage":19,"enemies":"Gremlin Gang","floor":6,"turns":4},{"damage":11,"enemies":"Lagavulin","floor":8,"turns":5},{"damage":3,"enemies":"Exordium Wildlife","floor":14,"turns":4},{"damage":65,"enemies":"The Guardian","floor":16,"turns":13},{"damage":43,"enemies":"2 Thieves","floor":18,"turns":4},{"damage":15,"enemies":"Chosen","floor":21,"turns":3},{"damage":19,"enemies":"Slaver and Parasite","floor":22,"turns":5},{"damage":43,"enemies":"Snake Plant","floor":28,"turns":4},{"damage":16,"enemies":"Cultist and Chosen","floor":29,"turns":2},{"damage":12,"enemies":"3 Cultists","floor":30,"turns":4},{"damage":23,"enemies":"Collector","floor":33,"turns":6},{"damage":19,"enemies":"Orb Walker","floor":35,"turns":2},{"damage":21,"enemies":"3 Shapes","floor":36,"turns":4},{"damage":48,"enemies":"3 Darklings","floor":37,"turns":5},{"damage":30,"enemies":"Maw","floor":39,"turns":5},{"damage":29,"enemies":"Sphere and 2 Shapes","floor":41,"turns":5},{"damage":39,"enemies":"3 Darklings","floor":42,"turns":5},{"damage":33,"enemies":"2 Orb Walkers","floor":44,"turns":2}],"event_choices":[{"event_name":"Shining Light","player_choice":"Entered Light","floor":4,"damage_taken":0},{"event_name":"Golden Idol","player_choice":"Take Wound","floor":5,"damage_taken":0},{"event_name":"Addict","player_choice":"Obtained Relic","floor":19,"damage_taken":0},{"event_name":"The Mausoleum","player_choice":"Yes","floor":24,"damage_taken":0},{"event_name":"Cursed Tome","player_choice":"Obtained Book","floor":27,"damage_taken":0},{"event_name":"Drug Dealer","player_choice":"Got JAXXED","floor":31,"damage_taken":0},{"event_name":"Duplicator","player_choice":"One dupe","floor":38,"damage_taken":0}],"boss_relics":[{"not_picked":["Sozu","Ectoplasm"],"picked":"Calling Bell"},{"not_picked":["Astrolabe","Mark of Pain"],"picked":"Philosopher\u0027s Stone"}],"potions_floor_spawned":[1,6,14,18,28,29,37,39],"seed_played":"3601670706456494234","killed_by":"2 Orb Walkers","ascension_level":0,"is_trial":false}