{"gold_per_floor":[116,116,116,116,126,156,186,212,267,277,277,238,266,279,279,379,379,393,318,298,298,50,50,63,94,94,110,110,110,110,124,124,124],"floor_reached":33,"playtime":1705,"items_purged":["Defend_B"],"score":354,"play_id":"88046598-79ea-473b-940b-090f1b420966","local_time":"20190610195059","is_ascension_mode":true,"campfire_choices":[{"floor":11,"key":"REST"},{"floor":15,"key":"REST"},{"floor":23,"key":"REST"},{"floor":29,"key":"REST"},{"floor":32,"key":"REST"}],"neow_cost":"NONE","seed_source_timestamp":1734543932985400,"circlet_count":0,"master_deck":["Strike_B","Strike_B","Strike_B","Zap+1","Dualcast","Chaos","Skim","Leap","Undo","Seek","Auto Shields","Scrape","Fission","Leap","Sunder","Machine Learning","Coolheaded","Fission","FTL","Glacier","Coolheaded","Steam Power","Apotheosis","Consume","Conserve Battery+1","Steam","Thunder Strike","Aggregate","Zap","Good Instincts","Chill","Sunder"],"relics":["Cracked Core","Juzu Bracelet","Prayer Wheel","Nunchaku","Tiny Chest","Pen Nib","White Beast Statue","Orichalcum","Bag of Preparation"],"potions_floor_usage":[5,8,18,20,25,25,27,31,33],"damage_taken":[{"damage":1,"enemies":"2 Louse","floor":1,"turns":2},{"damage":12,"enemies":"Jaw Worm","floor":5,"turns":2},{"damage":29,"enemies":"Gremlin Nob","floor":6,"turns":4},{"damage":5,"enemies":"Lagavulin","floor":8,"turns":8},{"damage":3,"enemies":"Small Slimes","floor":10,"turns":4},{"damage":32,"enemies":"Gremlin Nob","floor":13,"turns":5},{"damage":3,"enemies":"Blue Slaver","floor":14,"turns":4},{"damage":18,"enemies":"The Guardian","floor":16,"turns":14},{"damage":12,"enemies":"3 Byrds","floor":18,"turns":7},{"damage":13,"enemies":"2 Thieves","floor":20,"turns":4},{"damage":0,"enemies":"3 Cultists","floor":24,"turns":5},{"damage":48,"enemies":"Gremlin Leader","floor":25,"turns":6},{"damage":0,"enemies":"Centurion and Healer","floor":27,"turns":4},{"damage":0,"enemies":"Chosen and Byrds","floor":31,"turns":4},{"damage":88,"enemies":"Collector","floor":33,"turns":6}],"seed_played":"-1491780886819754754","potions_obtained":[{"floor":1,"key":"SteroidPotion"},{"floor":5,"key":"Dexterity Potion"},{"floor":16,"key":"Energy Potion"},{"floor":18,"key":"PowerPotion"},{"floor":20,"key":"EssenceOfSteel"},{"floor":24,"key":"Dexterity Potion"},{"floor":25,"key":"Explosive Potion"},{"floor":27,"key":"PowerPotion"},{"floor":31,"key":"FearPotion"}],"is_trial":false,"path_per_floor":["M","?","?","?","M","E","?","E","T","M","R","?","E","M","R","B",null,"M","$","M","?","$","R","M","E","T","M","?","R","?","M","R","B"],"character_chosen":"DEFECT","items_purchased":["Apotheosis","Consume"],"campfire_rested":5,"item_purchase_floors":[22,22],"current_hp_per_floor":[74,67,67,64,52,23,23,18,18,15,37,37,5,2,24,6,58,46,46,33,33,33,55,55,7,7,7,7,29,29,29,51,0],"gold":124,"neow_bonus":"UPGRADE_CARD","is_prod":false,"is_daily":false,"chose_seed":false,"campfire_upgraded":0,"win_rate":0,"timestamp":1560210659,"path_taken":["M","?","?","?","M","E","?","E","T","M","R","?","E","M","R","BOSS","M","$","M","?","$","R","M","E","T","M","?","R","?","M","R","BOSS"],"build_version":"2019-06-07","purchased_purges":1,"victory":false,"max_hp_per_floor":[75,75,75,75,75,75,75,75,75,75,75,75,75,75,75,75,75,75,75,75,75,75,75,75,75,75,75,75,75,75,75,75,75],"card_choices":[{"not_picked":["Auto Shields","Scrape"],"picked":"Chaos","floor":1},{"not_picked":["Steam","Gash"],"picked":"Leap","floor":5},{"not_picked":["Coolheaded","Hologram"],"picked":"Undo","floor":6},{"not_picked":["Steam","Reinforced Body"],"picked":"Seek","floor":8},{"not_picked":["Skim","Leap"],"picked":"Auto Shields","floor":10},{"not_picked":["Cold Snap","Go for the Eyes"],"picked":"Scrape","floor":10},{"not_picked":["Rebound","Turbo"],"picked":"Fission","floor":13},{"not_picked":["Barrage","Stack"],"picked":"Leap","floor":14},{"not_picked":["Coolheaded","Reprogram"],"picked":"Sunder","floor":14},{"not_picked":["Amplify","Reboot"],"picked":"Machine Learning","floor":16},{"not_picked":["Go for the Eyes","Ball Lightning"],"picked":"Coolheaded","floor":18},{"not_picked":["FTL","Rebound"],"picked":"Fission","floor":18},{"not_picked":["Leap","Turbo+1"],"picked":"FTL","floor":20},{"not_picked":["Loop+1","Cold Snap+1"],"picked":"Glacier","floor":20},{"not_picked":["Leap+1","Scrape"],"picked":"Conserve Battery+1","floor":24},{"not_picked":["Turbo","Scrape"],"picked":"Steam","floor":24},{"not_picked":["FTL","Compile Driver"],"picked":"Thunder Strike","floor":25},{"not_picked":["Streamline","Go for the Eyes"],"picked":"Aggregate","floor":27},{"not_picked":["Turbo+1","Coolheaded","Stack"],"picked":"SKIP","floor":27},{"not_picked":["BootSequence","Force Field"],"picked":"Chill","floor":31},{"not_picked":["Barrage+1","Ball Lightning"],"picked":"Sunder","floor":31}],"player_experience":1027647,"relics_obtained":[{"floor":6,"key":"Prayer Wheel"},{"floor":8,"key":"Nunchaku"},{"floor":9,"key":"Tiny Chest"},{"floor":13,"key":"Pen Nib"},{"floor":25,"key":"Orichalcum"},{"floor":26,"key":"Bag of Preparation"}],"event_choices":[{"cards_removed":["Defend_B"],"damage_healed":0,"gold_gain":0,"player_choice":"Card Removal","damage_taken":7,"max_hp_gain":0,"max_hp_loss":0,"event_name":"Golden Wing","floor":2,"gold_loss":0},{"damage_healed":0,"gold_gain":0,"cards_transformed":["Defend_B"],"player_choice":"Change","damage_taken":0,"max_hp_gain":0,"max_hp_loss":0,"event_name":"Living Wall","floor":3,"gold_loss":0,"cards_obtained":["Skim"]},{"damage_healed":0,"gold_gain":0,"player_choice":"Success","damage_taken":3,"relics_obtained":["Juzu Bracelet"],"max_hp_gain":0,"max_hp_loss":0,"event_name":"Scrap Ooze","floor":4,"gold_loss":0},{"damage_healed":0,"gold_gain":30,"player_choice":"Searched \u00272\u0027 times","damage_taken":0,"max_hp_gain":0,"max_hp_loss":0,"event_name":"Dead Adventurer","floor":7,"gold_loss":0},{"damage_healed":0,"gold_gain":0,"player_choice":"Left Gold","damage_taken":0,"max_hp_gain":0,"max_hp_loss":0,"event_name":"World of Goop","floor":12,"gold_loss":39},{"damage_healed":0,"gold_gain":0,"cards_transformed":["Defend_B","Strike_B"],"player_choice":"Became Test Subject","damage_taken":0,"max_hp_gain":0,"max_hp_loss":0,"event_name":"Drug Dealer","floor":21,"gold_loss":0,"cards_obtained":["Coolheaded","Steam Power"]},{"damage_healed":0,"gold_gain":0,"player_choice":"3 cards matched","damage_taken":0,"max_hp_gain":0,"max_hp_loss":0,"event_name":"Match and Keep!","floor":28,"gold_loss":0,"cards_obtained":["Zap","Pain","Good Instincts"]},{"cards_removed":["Pain"],"damage_healed":0,"gold_gain":0,"player_choice":"Removed Curses","damage_taken":0,"max_hp_gain":0,"max_hp_loss":0,"event_name":"Fountain of Cleansing","floor":30,"gold_loss":0}],"is_beta":true,"boss_relics":[{"not_picked":["Sozu","Fusion Hammer"],"picked":"White Beast Statue"}],"items_purged_floors":[19],"is_endless":false,"potions_floor_spawned":[1,5,16,18,20,24,25,27,31],"killed_by":"Collector","ascension_level":5}