{"gold_per_floor":[119,44,44,61,78,112,112,62,62,62,62,90,75],"floor_reached":13,"playtime":290,"items_purged":[],"score":114,"play_id":"f206c146-a3d7-4853-8bca-cea1cf0f08c1","local_time":"20190530032924","is_ascension_mode":true,"campfire_choices":[{"data":"Inflame","floor":7,"key":"SMITH"}],"neow_cost":"NONE","seed_source_timestamp":726759988219600,"circlet_count":0,"master_deck":["Strike_R","Strike_R","Strike_R","Defend_R","Defend_R","Defend_R","Defend_R","Bash","Carnage","Dark Embrace+1","Thunderclap","Dual Wield","Inflame+1","Flex"],"relics":["Burning Blood","Juzu Bracelet","Dodecahedron","Centennial Puzzle"],"potions_floor_usage":[1,6,12,13,13],"damage_taken":[{"damage":0,"enemies":"Jaw Worm","floor":1,"turns":5},{"damage":11,"enemies":"Cultist","floor":4,"turns":4},{"damage":0,"enemies":"2 Louse","floor":5,"turns":2},{"damage":40,"enemies":"Lagavulin","floor":6,"turns":4},{"damage":52,"enemies":"Gremlin Nob","floor":12,"turns":5},{"damage":8,"enemies":"Looter","floor":13,"turns":1}],"seed_played":"9012315805230007189","potions_obtained":[{"floor":0,"key":"Explosive Potion"},{"floor":0,"key":"BloodPotion"},{"floor":0,"key":"Dexterity Potion"},{"floor":5,"key":"AttackPotion"},{"floor":12,"key":"Weak Potion"}],"is_trial":false,"path_per_floor":["M","$","?","M","M","E","R","?","T","$","?","E","M"],"character_chosen":"IRONCLAD","items_purchased":["Dark Embrace"],"campfire_rested":0,"item_purchase_floors":[2],"current_hp_per_floor":[80,80,80,75,80,46,46,46,46,46,46,8,0],"gold":75,"neow_bonus":"THREE_SMALL_POTIONS","is_prod":false,"is_daily":false,"chose_seed":false,"campfire_upgraded":1,"win_rate":0,"timestamp":1559201364,"path_taken":["M","$","?","M","M","E","R","?","T","$","?","E","M"],"build_version":"2019-05-28","purchased_purges":0,"victory":false,"max_hp_per_floor":[80,80,80,80,80,80,80,80,80,80,80,80,80],"card_choices":[{"not_picked":["Disarm","Anger"],"picked":"Carnage","floor":1},{"not_picked":["Clothesline","Pommel Strike"],"picked":"Thunderclap","floor":4},{"not_picked":["Shrug It Off","Bloodletting"],"picked":"Dual Wield","floor":5},{"not_picked":["Havoc","Armaments"],"picked":"Inflame","floor":6},{"not_picked":["Blood for Blood","Searing Blow"],"picked":"Flex","floor":12}],"player_experience":922062,"relics_obtained":[{"floor":6,"key":"Juzu Bracelet"},{"floor":9,"key":"Dodecahedron"},{"floor":12,"key":"Centennial Puzzle"}],"event_choices":[{"cards_removed":["Strike_R"],"damage_healed":0,"gold_gain":0,"player_choice":"Offered Basic","damage_taken":0,"max_hp_gain":0,"max_hp_loss":0,"event_name":"Bonfire Elementals","floor":3,"gold_loss":0},{"cards_removed":["Strike_R"],"damage_healed":0,"gold_gain":0,"player_choice":"Card Removal","damage_taken":0,"max_hp_gain":0,"max_hp_loss":0,"event_name":"The Cleric","floor":8,"gold_loss":50},{"damage_healed":0,"gold_gain":0,"player_choice":"Upgraded","damage_taken":0,"max_hp_gain":0,"max_hp_loss":0,"event_name":"Upgrade Shrine","floor":11,"gold_loss":0,"cards_upgraded":["Dark Embrace"]}],"is_beta":true,"boss_relics":[],"items_purged_floors":[],"is_endless":false,"potions_floor_spawned":[5,12],"killed_by":"Looter","ascension_level":5}