{"path_per_floor":["M","M","M","?","?","E","M","?","T","M","M","M","R","M","R"],"character_chosen":"IRONCLAD","items_purchased":[],"gold_per_floor":[119,137,150,150,150,181,202,202,202,220,240,263,263,276,276],"floor_reached":16,"campfire_rested":2,"playtime":808,"current_hp_per_floor":[80,80,79,79,79,39,40,24,24,8,11,10,34,32,56],"items_purged":[],"gold":276,"score":106,"play_id":"6d928296-43d2-47d8-accb-425c9f3846dd","local_time":"20180303223858","is_prod":false,"is_daily":false,"is_ascension_mode":false,"campfire_upgraded":0,"timestamp":1520134738,"path_taken":["M","M","M","?","?","E","M","?","T","M","M","?","R","M","R","BOSS"],"build_version":"2018-03-01-PROD1","purchased_purges":0,"victory":false,"master_deck":["Strike_R","Strike_R","Strike_R+1","Strike_R","Strike_R+1","Defend_R","Defend_R","Defend_R","Defend_R","Bash","Clash","Pommel Strike","Rage","Normality","Injury","Barricade","Pommel Strike","Pommel Strike","Battle Trance","Sentinel","Fire Breathing"],"max_hp_per_floor":[80,80,80,80,80,80,80,80,80,80,80,80,80,80,80],"relics":["Burning Blood","Ginger","Golden Idol","Sundial","Frozen Eye"],"card_choices":[{"not_picked":["Twin Strike","Heavy Blade"],"picked":"Clash"},{"not_picked":["Havoc","Twin Strike"],"picked":"Pommel Strike"},{"not_picked":["Havoc","Iron Wave"],"picked":"Rage"},{"not_picked":["Berserk","Burning Pact"],"picked":"Barricade"},{"not_picked":["Wild Strike","Bloodletting"],"picked":"Pommel Strike"},{"not_picked":["Metallicize","Corruption"],"picked":"Pommel Strike"},{"not_picked":["Pommel Strike","Wild Strike"],"picked":"Battle Trance"},{"not_picked":["Feel No Pain","Havoc"],"picked":"Sentinel"},{"not_picked":["Searing Blow","Havoc"],"picked":"Fire Breathing"}],"player_experience":223291,"potions_floor_usage":[7,12,14,16],"damage_taken":[{"damage":6,"enemies":"2 Louse","floor":1,"turns":3},{"damage":1,"enemies":"Cultist","floor":2,"turns":3},{"damage":7,"enemies":"Small Slimes","floor":3,"turns":3},{"damage":46,"enemies":"3 Sentries","floor":6,"turns":13},{"damage":5,"enemies":"Looter","floor":7,"turns":2},{"damage":22,"enemies":"Gremlin Gang","floor":10,"turns":7},{"damage":3,"enemies":"Blue Slaver","floor":11,"turns":3},{"damage":7,"enemies":"Exordium Wildlife","floor":12,"turns":2},{"damage":8,"enemies":"2 Fungi Beasts","floor":14,"turns":3},{"damage":57,"enemies":"Hexaghost","floor":16,"turns":10}],"event_choices":[{"event_name":"Accursed Blacksmith","player_choice":"Rummage","floor":4,"damage_taken":0},{"event_name":"Golden Idol","player_choice":"Take Wound","floor":5,"damage_taken":0},{"event_name":"Shining Light","player_choice":"Entered Light","floor":8,"damage_taken":0}],"boss_relics":[],"potions_floor_spawned":[6,11,12,14],"seed_played":"-2546235233138357879","killed_by":"Hexaghost","ascension_level":0,"is_trial":false}