{"gold_per_floor":[113,123,123,123,48,80,92,92,92,109,143,143,163,192,192,192],"floor_reached":16,"playtime":434,"items_purged":["Strike_B"],"score":126,"play_id":"f90592a3-cb2e-49c0-9041-c16c5f6dc8cc","local_time":"20190518185755","is_ascension_mode":true,"campfire_choices":[{"data":"Coolheaded","floor":8,"key":"SMITH"},{"data":"Streamline","floor":15,"key":"SMITH"}],"neow_cost":"NONE","seed_source_timestamp":317211816601601,"circlet_count":0,"master_deck":["Strike_B","Strike_B","Strike_B","Defend_B","Defend_B","Defend_B","Defend_B","Zap+1","Dualcast","Coolheaded+1","Streamline+1","Sweeping Beam","Ball Lightning","White Noise"],"relics":["Cracked Core","Pear","Mercury Hourglass","Regal Pillow","Ornamental Fan"],"potions_floor_usage":[6,11,14,16],"damage_taken":[{"damage":6,"enemies":"Cultist","floor":1,"turns":3},{"damage":2,"enemies":"Small Slimes","floor":2,"turns":3},{"damage":17,"enemies":"3 Sentries","floor":6,"turns":5},{"damage":0,"enemies":"2 Louse","floor":7,"turns":2},{"damage":6,"enemies":"Red Slaver","floor":10,"turns":3},{"damage":16,"enemies":"Lagavulin","floor":11,"turns":4},{"damage":4,"enemies":"Large Slime","floor":13,"turns":4},{"damage":15,"enemies":"Gremlin Nob","floor":14,"turns":4},{"damage":21,"enemies":"Hexaghost","floor":16,"turns":9}],"seed_played":"-8614409761253174490","potions_obtained":[{"floor":0,"key":"SneckoOil"},{"floor":0,"key":"FearPotion"},{"floor":0,"key":"Explosive Potion"},{"floor":10,"key":"SteroidPotion"},{"floor":11,"key":"Weak Potion"},{"floor":14,"key":"Energy Potion"}],"is_trial":false,"path_per_floor":["M","M","?","$","$","E","M","R","T","M","E","?","M","E","R","B"],"character_chosen":"DEFECT","items_purchased":[],"campfire_rested":0,"item_purchase_floors":[],"current_hp_per_floor":[69,67,67,67,67,60,60,60,60,54,38,38,34,19,19,0],"gold":192,"neow_bonus":"THREE_SMALL_POTIONS","is_prod":false,"is_daily":false,"chose_seed":false,"campfire_upgraded":2,"win_rate":0,"timestamp":1558231075,"path_taken":["M","M","?","?","$","E","M","R","T","?","E","?","M","E","R","BOSS"],"build_version":"2019-01-23","purchased_purges":1,"victory":false,"max_hp_per_floor":[75,75,75,75,75,85,85,85,85,85,85,85,85,85,85,85],"card_choices":[{"not_picked":["Barrage","Redo"],"picked":"Coolheaded","floor":1},{"not_picked":["Turbo","Stack"],"picked":"Streamline","floor":2},{"not_picked":["Streamline","Darkness"],"picked":"Sweeping Beam","floor":6},{"not_picked":["Heatsinks","Consume"],"picked":"Ball Lightning","floor":7},{"not_picked":["Streamline","Ball Lightning","Barrage"],"picked":"SKIP","floor":10},{"not_picked":["Steam","Scrape","Heatsinks"],"picked":"SKIP","floor":11},{"not_picked":["Ball Lightning","Tempest","Steam"],"picked":"SKIP","floor":13},{"not_picked":["Blizzard","Hyperbeam"],"picked":"White Noise","floor":14}],"player_experience":707258,"relics_obtained":[{"floor":6,"key":"Pear"},{"floor":9,"key":"Mercury Hourglass"},{"floor":11,"key":"Regal Pillow"},{"floor":14,"key":"Ornamental Fan"}],"event_choices":[{"damage_healed":0,"gold_gain":0,"player_choice":"Upgraded","damage_taken":0,"max_hp_gain":0,"max_hp_loss":0,"event_name":"Upgrade Shrine","floor":3,"gold_loss":0,"cards_upgraded":["Zap"]},{"damage_healed":0,"gold_gain":0,"player_choice":"Bought 0 Potions","damage_taken":0,"max_hp_gain":0,"max_hp_loss":0,"event_name":"The Woman in Blue","floor":12,"gold_loss":0}],"is_beta":false,"boss_relics":[],"items_purged_floors":[5],"is_endless":false,"potions_floor_spawned":[10,11,14],"killed_by":"Hexaghost","ascension_level":1}