{"path_per_floor":["M","?","?","M","?","E","M","M","T","$","M","R","M","M","R","B",null,"M","?","?","M"],"character_chosen":"THE_SILENT","items_purchased":["Infinite Blades","Calculated Gamble","Lee\u0027s Waffle"],"gold_per_floor":[114,114,114,129,304,334,349,364,364,54,69,69,84,99,99,199,199,214,139,139,154,154],"floor_reached":22,"campfire_rested":0,"playtime":1556,"current_hp_per_floor":[70,63,56,54,60,6,5,7,13,89,89,89,86,83,83,25,95,71,71,47,14,0],"items_purged":[],"gold":154,"score":213,"play_id":"1e696fc9-5b0e-4b35-8172-36c94a7238de","local_time":"20180425183511","daily_mods":["Heirloom","Cursed Run","Elite Swarm"],"is_prod":false,"is_daily":true,"chose_seed":false,"is_ascension_mode":false,"campfire_upgraded":2,"timestamp":1524695711,"path_taken":["M","?","?","?","?","E","?","M","T","$","M","R","M","M","R","BOSS","M","?","?","?","M"],"build_version":"2018-04-19","seed_source_timestamp":865419769526154,"purchased_purges":0,"victory":false,"master_deck":["Defend_G","Defend_G","Defend_G","Defend_G","Defend_G","Strike_G","Strike_G","Strike_G","Survivor","Neutralize","Doubt","Phantasmal Killer+1","Prepared","Finisher","Pain","Infinite Blades","Calculated Gamble+1","Prepared","Slice","Backstab","Doubt","Doppelganger","Blur","Prepared","Acrobatics","Underhanded Strike","Night Terror","Backflip","Ghostly","Ghostly","Ghostly","Ghostly","Ghostly","Concentrate"],"max_hp_per_floor":[70,70,70,70,76,76,76,76,82,89,89,89,89,89,89,95,95,95,95,47,47,47],"relics":["Cursed Key","Darkstone Periapt","Du-Vu Doll","Bird Faced Urn","Peace Pipe","Blood Vial","Gremlin Horn","Lee\u0027s Waffle","Orrery"],"card_choices":[{"not_picked":["Venomology","A Thousand Cuts"],"picked":"Phantasmal Killer","floor":6},{"not_picked":["Terror","Dagger Throw"],"picked":"Prepared","floor":7},{"not_picked":["Outmaneuver","Well Laid Plans"],"picked":"Finisher","floor":8},{"not_picked":["PiercingWail","Skewer"],"picked":"Prepared","floor":11},{"not_picked":["Dagger Spray","Distraction"],"picked":"Slice","floor":13},{"not_picked":["Choke","Deflect"],"picked":"Backstab","floor":14},{"not_picked":["Grand Finale","Bullet Time"],"picked":"Doppelganger","floor":16},{"not_picked":["Dodge and Roll","Underhanded Strike"],"picked":"Blur","floor":17},{"not_picked":["Dash","Outmaneuver"],"picked":"Prepared","floor":17},{"not_picked":["Skewer","Masterful Stab"],"picked":"Acrobatics","floor":17},{"not_picked":["Poisoned Stab","Flying Knee"],"picked":"Underhanded Strike","floor":17},{"not_picked":["Flying Knee","Backflip"],"picked":"Night Terror","floor":17},{"not_picked":["Dodge and Roll","Quick Slash"],"picked":"Backflip","floor":18},{"not_picked":["Deadly Poison","Infinite Blades"],"picked":"Concentrate","floor":21}],"player_experience":750754,"potions_floor_usage":[6,11,11,21,21],"damage_taken":[{"damage":0,"enemies":"Cultist","floor":1,"turns":4},{"damage":2,"enemies":"Small Slimes","floor":4,"turns":5},{"damage":54,"enemies":"Gremlin Nob","floor":6,"turns":7},{"damage":3,"enemies":"Jaw Worm","floor":7,"turns":3},{"damage":0,"enemies":"3 Louse","floor":8,"turns":5},{"damage":0,"enemies":"Looter","floor":11,"turns":2},{"damage":5,"enemies":"Gremlin Gang","floor":13,"turns":4},{"damage":6,"enemies":"Red Slaver","floor":14,"turns":5},{"damage":68,"enemies":"The Guardian","floor":16,"turns":8},{"damage":24,"enemies":"2 Thieves","floor":18,"turns":3},{"damage":35,"enemies":"Spheric Guardian","floor":21,"turns":8},{"damage":25,"enemies":"Centurion and Healer","floor":22,"turns":6}],"event_choices":[{"event_name":"Scrap Ooze","player_choice":"success","floor":2,"damage_taken":7},{"event_name":"Golden Wing","player_choice":"Card Removal","floor":3,"damage_taken":0},{"event_name":"Liars Game","player_choice":"agreed","floor":5,"damage_taken":0},{"event_name":"Beggar","player_choice":"Gave Gold","floor":19,"damage_taken":0},{"event_name":"Ghosts","player_choice":"Became a Ghost","floor":20,"damage_taken":0}],"boss_relics":[{"not_picked":["Snecko Eye","Velvet Choker"],"picked":"Orrery"}],"potions_floor_spawned":[1,7,8,14,18,21],"seed_played":"-2659894328139620276","killed_by":"Centurion and Healer","ascension_level":0,"is_trial":false}