{"path_per_floor":["M","M","M","M","$","R","M","R","T","M","R","T","M","M","R","B",null,"M"],"character_chosen":"DEFECT","items_purchased":["Echo Form"],"gold_per_floor":[112,130,141,156,10,10,25,25,48,66,66,66,80,94,94,189,189,209,209],"floor_reached":19,"campfire_rested":1,"playtime":938,"current_hp_per_floor":[74,60,54,43,43,65,72,72,72,58,58,58,63,62,62,57,75,52,0],"items_purged":[],"gold":209,"score":163,"play_id":"fd920175-b0b9-4bc9-9c4a-7823c2c05965","local_time":"20180430063954","is_prod":false,"is_daily":false,"chose_seed":false,"is_ascension_mode":false,"campfire_upgraded":3,"timestamp":1525084794,"path_taken":["M","M","M","?","$","R","M","R","T","M","R","?","?","M","R","BOSS","M","?"],"build_version":"2018-04-27v3","seed_source_timestamp":1255126170895393,"purchased_purges":0,"victory":false,"master_deck":["Strike_B","Strike_B","Defend_B","Defend_B","Defend_B","Zap","Dualcast","Beam Cell","Biased Cognition","White Noise","Echo Form+1","Defragment","Self Repair+1","Flux Capacitor+1","Fission","Recycle+1","Redo+1","Reprogram+1","Skim"],"max_hp_per_floor":[75,75,75,75,75,75,75,75,75,75,75,75,75,75,75,75,75,75,75],"relics":["Cracked Core","Lantern","Ornamental Fan","Astrolabe"],"card_choices":[{"not_picked":["Axe Kick","Cold Snap"],"picked":"Beam Cell","floor":1},{"not_picked":["Turbo","Heatsinks"],"picked":"Biased Cognition","floor":2},{"not_picked":["Skim","Force Field"],"picked":"White Noise","floor":4},{"not_picked":["Sweeping Beam","Double Energy"],"picked":"Defragment","floor":7},{"not_picked":["Beam Cell","Barrage"],"picked":"Self Repair","floor":10},{"not_picked":["Glacier","Recycle"],"picked":"Flux Capacitor","floor":13},{"not_picked":["Creative AI","Hyperbeam"],"picked":"Fission","floor":16},{"not_picked":["Sweeping Beam","Axe Kick"],"picked":"Skim","floor":18}],"player_experience":84111,"potions_floor_usage":[7,14,16,16,18],"damage_taken":[{"damage":1,"enemies":"Cultist","floor":1,"turns":4},{"damage":14,"enemies":"2 Louse","floor":2,"turns":2},{"damage":6,"enemies":"Jaw Worm","floor":3,"turns":2},{"damage":11,"enemies":"Exordium Wildlife","floor":4,"turns":3},{"damage":0,"enemies":"Large Slime","floor":7,"turns":4},{"damage":21,"enemies":"Lots of Slimes","floor":10,"turns":4},{"damage":15,"enemies":"Looter","floor":13,"turns":3},{"damage":11,"enemies":"Large Slime","floor":14,"turns":6},{"damage":45,"enemies":"Hexaghost","floor":16,"turns":10},{"damage":33,"enemies":"Shell Parasite","floor":18,"turns":6},{"damage":53,"enemies":"Masked Bandits","floor":19,"turns":3}],"event_choices":[{"event_name":"Masked Bandits","player_choice":"Fought over 209 gold","floor":19,"damage_taken":0}],"boss_relics":[{"not_picked":["Runic Pyramid","Sozu"],"picked":"Astrolabe"}],"potions_floor_spawned":[4,10,13,14,16],"seed_played":"4473528353051931273","killed_by":"Masked Bandits","ascension_level":0,"is_trial":false}