{"gold_per_floor":[112,127,12,112,37,37,67,367,421,452,452,164,175,175,175,246,246,261,185,201,12,12,47,58,86,86,23,23,42,73,106,106,106],"floor_reached":33,"playtime":1001,"items_purged":["Strike_R","Strike_R"],"score":618,"play_id":"7013af45-6e71-47b7-aa63-efe7a526a3d9","local_time":"20190705183021","is_ascension_mode":true,"campfire_choices":[{"data":"Bludgeon","floor":6.0,"key":"SMITH"},{"data":"Bash","floor":11.0,"key":"SMITH"},{"data":"Evolve","floor":15.0,"key":"SMITH"},{"floor":28.0,"key":"DIG"},{"data":"Armaments","floor":32.0,"key":"SMITH"}],"neow_cost":"NONE","seed_source_timestamp":258463803241092,"circlet_count":0,"master_deck":["AscendersBane","Strike_R","Strike_R","Strike_R","Defend_R","Defend_R","Defend_R","Defend_R","Bash+1","Thunderclap","Wild Strike","Evolve+1","Bludgeon+1","Offering","Immolate","Metallicize+1","Flame Barrier+1","Feel No Pain+1","Armaments+1","Shrug It Off","Inflame+1","Exhume+1"],"special_seed":0,"relics":["Burning Blood","Matryoshka","Pen Nib","Old Coin","Frozen Egg 2","Bronze Scales","Oddly Smooth Stone","Medical Kit","Mark of Pain","Shovel","Magic Flower","The Courier","Juzu Bracelet","Red Mask","Toxic Egg 2"],"potions_floor_usage":[33],"damage_taken":[{"damage":1.0,"enemies":"2 Louse","floor":1.0,"turns":4.0},{"damage":7.0,"enemies":"Cultist","floor":2.0,"turns":4.0},{"damage":30.0,"enemies":"3 Sentries","floor":7.0,"turns":7.0},{"damage":8.0,"enemies":"Gremlin Nob","floor":10.0,"turns":3.0},{"damage":0.0,"enemies":"Jaw Worm","floor":13.0,"turns":3.0},{"damage":38.0,"enemies":"Slime Boss","floor":16.0,"turns":8.0},{"damage":6.0,"enemies":"Spheric Guardian","floor":18.0,"turns":1.0},{"damage":11.0,"enemies":"2 Thieves","floor":20.0,"turns":2.0},{"damage":20.0,"enemies":"Gremlin Leader","floor":23.0,"turns":6.0},{"damage":13.0,"enemies":"Snecko","floor":24.0,"turns":4.0},{"damage":11.0,"enemies":"Slavers","floor":25.0,"turns":6.0},{"damage":6.0,"enemies":"Centurion and Healer","floor":29.0,"turns":5.0},{"damage":18.0,"enemies":"Masked Bandits","floor":30.0,"turns":3.0},{"damage":25.0,"enemies":"Gremlin Leader","floor":31.0,"turns":5.0},{"damage":66,"enemies":"Collector","floor":33,"turns":12}],"seed_played":"2932601239046455010","potions_obtained":[{"floor":1.0,"key":"SpeedPotion"},{"floor":10.0,"key":"Explosive Potion"},{"floor":16.0,"key":"BloodPotion"},{"floor":24.0,"key":"Block Potion"},{"floor":25.0,"key":"Dexterity Potion"},{"floor":31.0,"key":"SpeedPotion"}],"is_trial":false,"path_per_floor":["M","M","$","?","$","R","E","T","T","E","R","$","M","?","R","B",null,"M","$","M","$","?","E","M","E","T","$","R","M","?","E","R","B"],"character_chosen":"IRONCLAD","items_purchased":["Wild Strike","Evolve","Bludgeon","Medical Kit","Metallicize+1","Feel No Pain+1","Inflame+1"],"campfire_rested":0,"item_purchase_floors":[3,3,5,12,19,21,27],"current_hp_per_floor":[80,79,79,79,79,79,55,55,55,53,53,53,59,64,64,32,73,73,73,68,68,68,54,47,42,42,42,42,45,68,52,52,0],"gold":106,"neow_bonus":"TEN_PERCENT_HP_BONUS","is_prod":false,"is_daily":false,"chose_seed":false,"campfire_upgraded":4,"win_rate":0,"timestamp":1562376621,"path_taken":["M","M","$","?","?","R","E","?","T","E","R","$","?","?","R","BOSS","M","$","M","$","?","E","M","E","T","$","R","M","?","E","R","BOSS"],"build_version":"2019-07-05","purchased_purges":2,"victory":false,"max_hp_per_floor":[82,82,82,82,82,82,82,82,82,82,82,82,82,87,87,87,87,87,87,87,87,87,87,87,87,87,87,87,87,87,87,87,87],"card_choices":[{"not_picked":["Seeing Red","Blood for Blood","Wild Strike"],"picked":"SKIP","floor":1.0},{"not_picked":["Metallicize","Havoc"],"picked":"Thunderclap","floor":2.0},{"not_picked":["Heavy Blade","Warcry","Sword Boomerang"],"picked":"SKIP","floor":7.0},{"not_picked":["Ghostly Armor","Clash","Hemokinesis"],"picked":"SKIP","floor":10.0},{"not_picked":["Thunderclap","Hemokinesis"],"picked":"Offering","floor":13.0},{"not_picked":["Barricade+1","Brutality+1"],"picked":"Immolate","floor":16.0},{"not_picked":["Rage","Bloodletting","Body Slam"],"picked":"SKIP","floor":18.0},{"not_picked":["Pummel","Cleave"],"picked":"Flame Barrier+1","floor":20.0},{"not_picked":["Reckless Charge","Warcry"],"picked":"Armaments","floor":23.0},{"not_picked":["Clothesline","Flex","Whirlwind+1"],"picked":"SKIP","floor":24.0},{"not_picked":["Searing Blow","Twin Strike"],"picked":"Shrug It Off","floor":25.0},{"not_picked":["Clash","Flex","Pommel Strike"],"picked":"SKIP","floor":29.0},{"not_picked":["Inflame+1","Burning Pact"],"picked":"Exhume","floor":31.0}],"player_experience":833510,"relics_obtained":[{"floor":7.0,"key":"Matryoshka"},{"floor":8.0,"key":"Pen Nib"},{"floor":8.0,"key":"Old Coin"},{"floor":9.0,"key":"Frozen Egg 2"},{"floor":9.0,"key":"Bronze Scales"},{"floor":10.0,"key":"Oddly Smooth Stone"},{"floor":23.0,"key":"Shovel"},{"floor":25.0,"key":"Magic Flower"},{"floor":26.0,"key":"The Courier"},{"floor":28.0,"key":"Juzu Bracelet"},{"floor":30.0,"key":"Red Mask"},{"floor":31.0,"key":"Toxic Egg 2"}],"event_choices":[{"damage_healed":0.0,"max_hp_gain":0.0,"max_hp_loss":0.0,"gold_gain":100.0,"event_name":"Wheel of Change","player_choice":"Gold","floor":4.0,"gold_loss":0.0,"damage_taken":0.0},{"damage_healed":0.0,"max_hp_gain":5.0,"max_hp_loss":0.0,"gold_gain":0.0,"event_name":"Big Fish","player_choice":"Donut","floor":14.0,"gold_loss":0.0,"damage_taken":0.0},{"damage_healed":0.0,"max_hp_gain":0.0,"max_hp_loss":0.0,"gold_gain":0.0,"event_name":"Ghosts","player_choice":"Ignored","floor":22.0,"gold_loss":0.0,"damage_taken":0.0},{"damage_healed":0.0,"max_hp_gain":0.0,"max_hp_loss":0.0,"gold_gain":0.0,"event_name":"Masked Bandits","player_choice":"Fought Bandits","floor":30.0,"gold_loss":0.0,"damage_taken":0.0}],"is_beta":false,"boss_relics":[{"not_picked":["Cursed Key","Tiny House"],"picked":"Mark of Pain"}],"items_purged_floors":[12,21],"is_endless":false,"potions_floor_spawned":[1,10,16,20,24,25,29,31],"killed_by":"Collector","ascension_level":20}