{"path_per_floor":["M","M","$","?","?","$","M","?","T","T","$","M","M","M","R","B",null,"M","$","?","M","M","R","E","R","T","?","M","?","M"],"character_chosen":"IRONCLAD","items_purchased":["Trip","Dramatic Entrance"],"gold_per_floor":[111,131,56,156,156,68,86,161,161,185,85,105,121,132,132,233,233,248,26,26,41,51,51,82,82,151,151,163,163,182],"floor_reached":31,"campfire_rested":2,"playtime":1955,"current_hp_per_floor":[80,80,80,80,80,80,80,69,76,76,76,78,74,75,75,70,87,70,70,70,52,35,61,9,50,50,50,55,55,17],"items_purged":["Strike_R","Strike_R","Defend_R"],"gold":182,"score":247,"play_id":"9f8492e9-4e84-4d83-b4c3-770bdc6c6b57","local_time":"20180321005524","is_prod":false,"is_daily":false,"is_ascension_mode":false,"campfire_upgraded":1,"timestamp":1521608124,"path_taken":["M","M","?","?","?","$","M","?","T","?","$","M","?","M","R","BOSS","M","$","?","M","M","R","E","R","T","?","?","?","M","M"],"build_version":"2018-03-15v3","purchased_purges":3,"victory":false,"master_deck":["Strike_R","Strike_R","Defend_R","Defend_R","Defend_R","Bash","Twin Strike","Reaper+1","Trip","Twin Strike","Thunderclap+1","Double Tap","Thunderclap","Sword Boomerang","Sword Boomerang","Dramatic Entrance","Thunderclap+1","Impervious","Twin Strike","Ghostly Armor"],"max_hp_per_floor":[80,80,80,80,80,80,80,80,87,87,87,87,87,87,87,87,87,87,87,87,87,87,87,87,87,87,87,87,87,87],"relics":["Burning Blood","NeowsBlessing","Strawberry","Art of War","Orrery","Regal Pillow","Bottled Flame"],"card_choices":[{"not_picked":["Power Through","Wild Strike"],"picked":"Twin Strike"},{"not_picked":["True Grit","Seeing Red"],"picked":"Reaper"},{"not_picked":["Power Through","Sever Soul"],"picked":"Twin Strike"},{"not_picked":["Second Wind","Cleave"],"picked":"Thunderclap"},{"not_picked":["Offering","Exhume"],"picked":"Double Tap"},{"not_picked":["Perfected Strike","Heavy Blade"],"picked":"Thunderclap"},{"not_picked":["Anger","Perfected Strike"],"picked":"Sword Boomerang"},{"not_picked":["Fire Breathing","Combust"],"picked":"Sword Boomerang"},{"not_picked":["Bloodletting","Flex"],"picked":"Thunderclap"},{"not_picked":["Perfected Strike","Armaments"],"picked":"Twin Strike"},{"not_picked":["Power Through","True Grit"],"picked":"Ghostly Armor"}],"player_experience":501155,"potions_floor_usage":[16,16,16,21,22,28],"damage_taken":[{"damage":0,"enemies":"Cultist","floor":1,"turns":1},{"damage":0,"enemies":"Small Slimes","floor":2,"turns":1},{"damage":0,"enemies":"2 Louse","floor":7,"turns":1},{"damage":15,"enemies":"Lots of Slimes","floor":12,"turns":4},{"damage":10,"enemies":"Looter","floor":13,"turns":2},{"damage":5,"enemies":"3 Louse","floor":14,"turns":3},{"damage":35,"enemies":"Slime Boss","floor":16,"turns":13},{"damage":23,"enemies":"3 Byrds","floor":18,"turns":5},{"damage":24,"enemies":"Spheric Guardian","floor":21,"turns":4},{"damage":28,"enemies":"Snecko","floor":22,"turns":5},{"damage":72,"enemies":"Slavers","floor":24,"turns":6},{"damage":22,"enemies":"3 Cultists","floor":28,"turns":5},{"damage":55,"enemies":"Snake Plant","floor":30,"turns":6},{"damage":25,"enemies":"Snecko","floor":31,"turns":3}],"event_choices":[{"event_name":"Golden Shrine","player_choice":"Pray","floor":4,"damage_taken":0},{"event_name":"Upgrade Shrine","player_choice":"Upgraded","floor":5,"damage_taken":0},{"event_name":"World of Goop","player_choice":"Gather Gold","floor":8,"damage_taken":0},{"event_name":"Vampires","player_choice":"Ignored","floor":20,"damage_taken":0},{"event_name":"Match and Keep!","player_choice":"1 cards matched","floor":27,"damage_taken":0},{"event_name":"Back to Basics","player_choice":"Elegance","floor":29,"damage_taken":0}],"boss_relics":[{"not_picked":["Philosopher\u0027s Stone","Velvet Choker"],"picked":"Orrery"}],"potions_floor_spawned":[1,12,13,14,18,21,24],"seed_played":"7152027290100206503","killed_by":"Snecko","ascension_level":0,"is_trial":false}