{"gold_per_floor":[118,193,193,209,36,69,69,101,101,126,155,167,179,220,232,339,351,375,387,424,436,448,460],"floor_reached":23,"playtime":1183,"items_purged":[],"score":323,"play_id":"73ce6324-9907-47b5-a9d5-3686ff020b7d","local_time":"20180722070819","is_ascension_mode":true,"campfire_choices":[{"floor":7,"key":"REST"},{"floor":13,"key":"REST"},{"floor":15,"key":"REST"}],"neow_cost":"CURSE","seed_source_timestamp":1135975354148153,"circlet_count":0,"master_deck":["Strike_R","Strike_R","Strike_R","Strike_R","Strike_R","Defend_R","Defend_R","Defend_R","Defend_R","Bash+1","Injury","Pommel Strike+1","Pommel Strike","Burning Pact","Purity","Fiend Fire","Whirlwind","Immolate","Perfected Strike","Flame Barrier","Dark Embrace","Second Wind","Metallicize","Inflame","Evolve","Flex","Armaments","Ghostly","Ghostly","Ghostly","Ghostly","Ghostly","Reckless Charge"],"relics":["Burning Blood","Dead Branch","Bottled Flame","Blue Candle","Meat on the Bone","MawBank","Dodecahedron","Orrery","Red Mask","Question Card","Smiling Mask"],"potions_floor_usage":[6,8,11,16,16,20,23],"damage_taken":[{"damage":11,"enemies":"Cultist","floor":1,"turns":4},{"damage":5,"enemies":"Small Slimes","floor":4,"turns":3},{"damage":41,"enemies":"3 Sentries","floor":6,"turns":8},{"damage":29,"enemies":"Lagavulin","floor":8,"turns":8},{"damage":14,"enemies":"3 Sentries","floor":10,"turns":5},{"damage":0,"enemies":"Jaw Worm","floor":11,"turns":1},{"damage":10,"enemies":"Gremlin Nob","floor":14,"turns":1},{"damage":56,"enemies":"Hexaghost","floor":16,"turns":6},{"damage":32,"enemies":"Spheric Guardian","floor":18,"turns":4},{"damage":3,"floor":20,"turns":6},{"damage":80,"enemies":"Book of Stabbing","floor":23,"turns":7}],"seed_played":"-1416958386890061547","potions_obtained":[{"floor":4,"key":"BloodPotion"},{"floor":6,"key":"SpeedPotion"},{"floor":8,"key":"Poison Potion"},{"floor":10,"key":"SteroidPotion"},{"floor":14,"key":"FearPotion"},{"floor":18,"key":"SkillPotion"},{"floor":20,"key":"Regen Potion"}],"is_trial":false,"path_per_floor":["M","?","?","M","$","E","R","E","T","E","M","$","R","E","R","B",null,"M","?","?","T","?"],"character_chosen":"IRONCLAD","items_purchased":["Burning Pact","Purity"],"campfire_rested":3,"item_purchase_floors":[5,5],"current_hp_per_floor":[75,64,48,49,49,22,46,23,23,27,45,45,69,65,80,42,71,57,40,40,40,40,0],"gold":460,"neow_bonus":"ONE_RARE_RELIC","is_prod":false,"is_daily":false,"chose_seed":false,"campfire_upgraded":0,"win_rate":0,"timestamp":1532257699,"path_taken":["M","?","?","?","?","E","R","E","T","E","M","$","R","E","R","BOSS","M","?","?","?","?","E"],"build_version":"2018-07-19","purchased_purges":0,"victory":false,"max_hp_per_floor":[80,80,80,80,80,80,80,80,80,80,80,80,80,80,80,80,80,80,40,40,40,40,40],"card_choices":[{"not_picked":["Twin Strike","Sword Boomerang"],"picked":"Pommel Strike","floor":1},{"not_picked":["Flex","Pummel"],"picked":"Pommel Strike","floor":4},{"not_picked":["Immolate","Infernal Blade"],"picked":"Fiend Fire","floor":6},{"not_picked":["Fire Breathing","Headbutt"],"picked":"Whirlwind","floor":8},{"not_picked":["Shrug It Off","Warcry"],"picked":"Immolate","floor":10},{"not_picked":["Armaments","Burning Pact"],"picked":"Perfected Strike","floor":11},{"not_picked":["Heavy Blade","Anger"],"picked":"Flame Barrier","floor":14},{"not_picked":["Barricade","Juggernaut"],"picked":"Dark Embrace","floor":16},{"not_picked":["Intimidate","True Grit"],"picked":"Second Wind","floor":17},{"not_picked":["Wild Strike","Entrench"],"picked":"Metallicize","floor":17},{"not_picked":["True Grit","Headbutt"],"picked":"Inflame","floor":17},{"not_picked":["True Grit","Body Slam"],"picked":"Evolve","floor":17},{"not_picked":["Hemokinesis","Sever Soul"],"picked":"Flex","floor":17},{"not_picked":["True Grit","Havoc"],"picked":"Armaments","floor":18},{"not_picked":["Pommel Strike","Brutality"],"picked":"Reckless Charge","floor":20}],"player_experience":484609,"relics_obtained":[{"floor":6,"key":"Bottled Flame"},{"floor":8,"key":"Blue Candle"},{"floor":9,"key":"Meat on the Bone"},{"floor":10,"key":"MawBank"},{"floor":14,"key":"Dodecahedron"},{"floor":20,"key":"Red Mask"},{"floor":21,"key":"Question Card"}],"event_choices":[{"event_name":"World of Goop","player_choice":"Gather Gold","floor":2,"damage_taken":0},{"event_name":"Shining Light","player_choice":"Entered Light","floor":3,"damage_taken":0},{"event_name":"Ghosts","player_choice":"Became a Ghost","floor":19,"damage_taken":0},{"event_name":"Masked Bandits","player_choice":"Fought over 399 gold","floor":20,"damage_taken":0},{"event_name":"The Mausoleum","player_choice":"Yes","floor":22,"damage_taken":0}],"is_beta":true,"boss_relics":[{"not_picked":["Astrolabe","Lizard Tail"],"picked":"Orrery"}],"items_purged_floors":[],"is_endless":false,"potions_floor_spawned":[4,6,8,10,14,18,20],"killed_by":"Book of Stabbing","ascension_level":5}