{"gold_per_floor":[111,71,81,256,271,296,296,331,381,413,424,424,424,444,444,545,545,559,559,2,12,31,56,56,56],"floor_reached":25,"playtime":2661,"items_purged":["Doubt"],"score":395,"play_id":"60d05538-9c10-4540-9f46-229594df5e74","local_time":"20190702204232","is_ascension_mode":true,"campfire_choices":[{"floor":7,"key":"REST"},{"data":"Fusion","floor":13,"key":"SMITH"},{"floor":15,"key":"REST"},{"floor":24,"key":"REST"}],"neow_cost":"NONE","seed_source_timestamp":511943126442608,"circlet_count":0,"master_deck":["Strike_B","Strike_B","Strike_B","Strike_B","Defend_B","Defend_B","Defend_B","Defend_B","Zap+1","Dualcast","Conserve Battery","Stack","Lockon","Fusion+1","Core Surge","Compile Driver","Hologram","Auto Shields","Fission+1","Sunder","Master of Strategy","Loop","Turbo","Redo","Go for the Eyes+1","Fission","Go for the Eyes+1"],"relics":["Cracked Core","Cables","Vajra","Bag of Preparation","Regal Pillow","Inserter","TheAbacus","Dream Catcher"],"potions_floor_usage":[6,8,10,16,23,23,23,25],"damage_taken":[{"damage":0,"enemies":"Small Slimes","floor":1,"turns":3},{"damage":0,"enemies":"Cultist","floor":3,"turns":3},{"damage":7,"enemies":"2 Louse","floor":5,"turns":4},{"damage":30,"enemies":"3 Sentries","floor":6,"turns":9},{"damage":13,"enemies":"Lagavulin","floor":8,"turns":7},{"damage":12,"enemies":"3 Sentries","floor":10,"turns":6},{"damage":1,"enemies":"Looter","floor":11,"turns":2},{"damage":14,"enemies":"Lots of Slimes","floor":14,"turns":3},{"damage":0,"enemies":"Slime Boss","floor":16,"turns":7},{"damage":58,"enemies":"3 Byrds","floor":18,"turns":6},{"damage":11,"enemies":"Shell Parasite","floor":21,"turns":6},{"damage":6,"enemies":"Snecko","floor":22,"turns":4},{"damage":0,"enemies":"Gremlin Leader","floor":23,"turns":6},{"damage":46,"enemies":"Slavers","floor":25,"turns":3}],"seed_played":"-2501078174621665963","potions_obtained":[{"floor":2,"key":"EssenceOfSteel"},{"floor":2,"key":"EntropicBrew"},{"floor":2,"key":"SneckoOil"},{"floor":5,"key":"Dexterity Potion"},{"floor":6,"key":"Poison Potion"},{"floor":10,"key":"AttackPotion"},{"floor":14,"key":"FearPotion"},{"floor":23,"key":"Dexterity Potion"}],"is_trial":false,"path_per_floor":["M","?","M","?","M","E","R","E","T","E","M","?","R","M","R","B",null,"M","?","$","M","M","E","R","E"],"character_chosen":"DEFECT","items_purchased":["Master of Strategy","Loop","TheAbacus","Turbo"],"campfire_rested":3,"item_purchase_floors":[20,20,20,20],"current_hp_per_floor":[82,82,82,82,75,45,69,56,56,44,43,43,43,29,68,68,79,21,21,21,10,4,4,43,0],"gold":56,"neow_bonus":"TEN_PERCENT_HP_BONUS","is_prod":false,"is_daily":false,"chose_seed":false,"campfire_upgraded":1,"win_rate":0,"timestamp":1562114552,"path_taken":["M","?","?","?","M","E","R","E","T","E","M","?","R","?","R","BOSS","M","?","$","M","M","E","R","E"],"build_version":"2019-07-01","purchased_purges":1,"victory":false,"max_hp_per_floor":[82,82,82,82,82,82,82,82,82,82,82,82,82,82,82,82,82,82,82,82,82,82,82,82,82],"card_choices":[{"not_picked":["Beam Cell","Gash"],"picked":"Conserve Battery","floor":1},{"not_picked":["Aggregate","Leap"],"picked":"Stack","floor":3},{"not_picked":["Rip and Tear","Redo"],"picked":"Lockon","floor":5},{"not_picked":["Steam Power","Turbo"],"picked":"Fusion","floor":6},{"not_picked":["Chaos","Stack"],"picked":"Core Surge","floor":8},{"not_picked":["Turbo","Gash"],"picked":"Compile Driver","floor":10},{"not_picked":["Storm","Cold Snap"],"picked":"Hologram","floor":11},{"not_picked":["Streamline","Gash"],"picked":"Auto Shields","floor":14},{"not_picked":["Rainbow","Biased Cognition"],"picked":"Fission","floor":16},{"not_picked":["Compile Driver+1","Leap"],"picked":"Sunder","floor":18},{"not_picked":["Rebound","Streamline"],"picked":"Redo","floor":21},{"not_picked":["Barrage+1","Turbo"],"picked":"Go for the Eyes+1","floor":22},{"not_picked":["Core Surge","Rip and Tear"],"picked":"Fission","floor":23},{"not_picked":["Gash","Leap"],"picked":"Go for the Eyes+1","floor":24}],"player_experience":162843,"relics_obtained":[{"floor":6,"key":"Cables"},{"floor":8,"key":"Vajra"},{"floor":9,"key":"Bag of Preparation"},{"floor":10,"key":"Regal Pillow"},{"floor":23,"key":"Dream Catcher"}],"event_choices":[{"damage_healed":0,"gold_gain":0,"player_choice":"Bought 3 Potions","damage_taken":0,"max_hp_gain":0,"max_hp_loss":0,"event_name":"The Woman in Blue","floor":2,"gold_loss":0},{"damage_healed":0,"gold_gain":175,"player_choice":"AGREE","damage_taken":0,"max_hp_gain":0,"max_hp_loss":0,"event_name":"Liars Game","floor":4,"gold_loss":0,"cards_obtained":["Doubt"]},{"damage_healed":0,"gold_gain":0,"player_choice":"Upgraded","damage_taken":0,"max_hp_gain":0,"max_hp_loss":0,"event_name":"Upgrade Shrine","floor":12,"gold_loss":0,"cards_upgraded":["Zap"]},{"damage_healed":0,"gold_gain":0,"player_choice":"Upgraded","damage_taken":0,"max_hp_gain":0,"max_hp_loss":0,"event_name":"Upgrade Shrine","floor":19,"gold_loss":0,"cards_upgraded":["Fission"]}],"is_beta":false,"boss_relics":[{"not_picked":["Tiny House","Ectoplasm"],"picked":"Inserter"}],"items_purged_floors":[20],"is_endless":false,"potions_floor_spawned":[5,6,10,14,23],"killed_by":"Slavers","ascension_level":5}