{"gold_per_floor":[109,109,109,109,123,163,163,186,186,211,211,235,29,0,0,0],"floor_reached":16,"playtime":547,"items_purged":[],"score":110,"play_id":"6e2c39e4-a6b5-47a0-b1f9-1100d6442559","local_time":"20180716033732","is_ascension_mode":true,"campfire_choices":[{"floor":7,"key":"REST"},{"floor":15,"key":"REST"}],"neow_cost":"TEN_PERCENT_HP_LOSS","seed_source_timestamp":605579665342941,"circlet_count":0,"master_deck":["Strike_B","Strike_B","Strike_B","Strike_B","Defend_B","Defend_B","Defend_B","Defend_B","Zap","Dualcast","Compile Driver","Leap","Hello World","Electrodynamics","Turbo","Mind Blast","Leap","Reprogram","Turbo","Mind Blast"],"relics":["Cracked Core","Gambling Chip","Golden Idol","GremlinMask","Ornamental Fan","Mummified Hand","Frozen Egg 2","DollysMirror"],"potions_floor_usage":[5,12],"damage_taken":[{"damage":4,"enemies":"Small Slimes","floor":1,"turns":5},{"damage":15,"enemies":"2 Louse","floor":5,"turns":2},{"damage":24,"enemies":"Lagavulin","floor":6,"turns":8},{"damage":5,"enemies":"Jaw Worm","floor":8,"turns":3},{"damage":0,"enemies":"Lots of Slimes","floor":10,"turns":1},{"damage":0,"enemies":"2 Fungi Beasts","floor":12,"turns":2},{"damage":55,"enemies":"Hexaghost","floor":16,"turns":12}],"seed_played":"4145636710763714277","potions_obtained":[{"floor":1,"key":"Regen Potion"},{"floor":10,"key":"SneckoOil"}],"is_trial":false,"path_per_floor":["M","?","?","T","M","E","R","M","T","M","?","M","$","?","R"],"character_chosen":"DEFECT","items_purchased":["DollysMirror"],"campfire_rested":2,"item_purchase_floors":[13],"current_hp_per_floor":[64,63,63,63,48,24,42,37,37,37,37,37,37,37,55,0],"gold":0,"neow_bonus":"ONE_RARE_RELIC","is_prod":false,"is_daily":false,"chose_seed":false,"campfire_upgraded":0,"win_rate":0,"timestamp":1531726652,"path_taken":["M","?","?","?","M","E","R","M","T","M","?","?","$","?","R","BOSS"],"build_version":"2018-07-13","purchased_purges":0,"victory":false,"max_hp_per_floor":[68,63,63,63,63,63,63,63,63,63,63,63,63,63,63,63],"card_choices":[{"not_picked":["Coolheaded","Hologram"],"picked":"Compile Driver","floor":1},{"not_picked":["Cold Snap","Steam"],"picked":"Leap","floor":5},{"not_picked":["Hologram","Rebound"],"picked":"Hello World","floor":6},{"not_picked":["Redo","Force Field"],"picked":"Electrodynamics","floor":8},{"not_picked":["Stack","Force Field"],"picked":"Turbo","floor":10},{"not_picked":["Barrage","Streamline"],"picked":"Turbo","floor":12}],"player_experience":444385,"relics_obtained":[{"floor":4,"key":"Ornamental Fan"},{"floor":6,"key":"Mummified Hand"},{"floor":9,"key":"Frozen Egg 2"}],"event_choices":[{"event_name":"Golden Idol","player_choice":"Lose Max HP","floor":2,"damage_taken":0},{"event_name":"FaceTrader","player_choice":"Trade","floor":3,"damage_taken":0},{"event_name":"Match and Keep!","player_choice":"3 cards matched","floor":11,"damage_taken":0},{"event_name":"World of Goop","player_choice":"Left","floor":14,"damage_taken":0}],"boss_relics":[],"items_purged_floors":[],"is_endless":false,"potions_floor_spawned":[1,10],"killed_by":"Hexaghost","ascension_level":2}