{"gold_per_floor":[109,109,126,145,164,164,180,191,191,206,217,217,234,91,91,91],"floor_reached":16,"playtime":1746,"items_purged":["Strike_R"],"score":98,"play_id":"586a6820-8fa0-48ad-b5bf-7cd57f3514e3","local_time":"20190323063933","is_ascension_mode":false,"campfire_choices":[{"data":"Entrench","floor":6.0,"key":"SMITH"},{"data":"Rage","floor":12,"key":"SMITH"},{"floor":15,"key":"REST"}],"neow_cost":"NONE","seed_source_timestamp":0,"circlet_count":0,"master_deck":["Strike_R","Strike_R","Strike_R","Strike_R+1","Defend_R","Defend_R","Defend_R","Defend_R","Bash","Entrench+1","Headbutt","Spot Weakness","Dual Wield","Rage+1","Iron Wave","Cleave","Metallicize"],"special_seed":0,"relics":["Burning Blood","Ornamental Fan"],"potions_floor_usage":[16,16],"damage_taken":[{"damage":1.0,"enemies":"Jaw Worm","floor":1.0,"turns":4.0},{"damage":13.0,"enemies":"2 Louse","floor":3.0,"turns":3.0},{"damage":0.0,"enemies":"Cultist","floor":4.0,"turns":4.0},{"damage":29.0,"enemies":"Gremlin Gang","floor":5.0,"turns":6.0},{"damage":10.0,"enemies":"Large Slime","floor":7.0,"turns":7.0},{"damage":11.0,"enemies":"Blue Slaver","floor":8.0,"turns":4.0},{"damage":6.0,"enemies":"Looter","floor":10.0,"turns":3.0},{"damage":0.0,"enemies":"Large Slime","floor":11.0,"turns":6.0},{"damage":6,"enemies":"3 Louse","floor":13,"turns":5},{"damage":88,"enemies":"Slime Boss","floor":16,"turns":18}],"seed_played":"-6121651596610844688","potions_obtained":[{"floor":1.0,"key":"SmokeBomb"},{"floor":4.0,"key":"GamblersBrew"},{"floor":10.0,"key":"BloodPotion"},{"floor":13,"key":"Dexterity Potion"}],"is_trial":false,"path_per_floor":["M","?","M","M","M","R","M","M","T","M","M","R","M","$","R","B"],"character_chosen":"IRONCLAD","items_purchased":["Metallicize"],"campfire_rested":1,"item_purchase_floors":[14],"current_hp_per_floor":[80,80,73,79,56,56,52,47,47,47,53,53,53,53,77,0],"gold":91,"neow_bonus":"UPGRADE_CARD","is_prod":false,"is_daily":false,"chose_seed":false,"campfire_upgraded":2,"win_rate":0.0,"timestamp":1553337573,"path_taken":["M","?","M","M","M","R","M","M","T","M","M","R","M","$","R","BOSS"],"build_version":"2019-01-23","purchased_purges":1,"victory":false,"max_hp_per_floor":[80,80,80,80,80,80,80,80,80,80,80,80,80,80,80,80],"card_choices":[{"not_picked":["Burning Pact","Iron Wave"],"picked":"Entrench","floor":1.0},{"not_picked":["Sword Boomerang","True Grit","Heavy Blade"],"picked":"SKIP","floor":3.0},{"not_picked":["True Grit","Twin Strike"],"picked":"Headbutt","floor":4.0},{"not_picked":["Sword Boomerang","Armaments"],"picked":"Spot Weakness","floor":5.0},{"not_picked":["Ghostly Armor","Uppercut"],"picked":"Dual Wield","floor":7.0},{"not_picked":["Flex","Reaper"],"picked":"Rage","floor":8.0},{"not_picked":["True Grit","Clash","Blood for Blood"],"picked":"SKIP","floor":10.0},{"not_picked":["Feel No Pain","Cleave"],"picked":"Iron Wave","floor":11.0},{"not_picked":["Inflame","Hemokinesis"],"picked":"Cleave","floor":13}],"player_experience":44866,"relics_obtained":[{"floor":9.0,"key":"Ornamental Fan"}],"event_choices":[{"damage_healed":0.0,"max_hp_gain":0.0,"max_hp_loss":0.0,"gold_gain":0.0,"event_name":"Liars Game","player_choice":"Ignored","floor":2.0,"gold_loss":0.0,"damage_taken":0.0}],"is_beta":false,"boss_relics":[],"items_purged_floors":[14],"is_endless":false,"potions_floor_spawned":[1,4,10,13],"killed_by":"Slime Boss","ascension_level":0}