{"gold_per_floor":[117,117,81,81,105,144,144,163,163,197,197,197,16,31,31,156,156,171,81,95,119,119,119,132,176,201,201,46,46,61,77,77,207,207,232,86,107,120,0,0,0,19,19,19,32,32,32,57,57,57],"floor_reached":51,"playtime":3897,"items_purged":["Strike_G","Defend_G"],"score":1061,"play_id":"1d4ba632-0f49-45c5-bc0d-e962930f03d8","local_time":"20190625231858","is_ascension_mode":true,"campfire_choices":[{"data":"Glass Knife","floor":7,"key":"SMITH"},{"data":"Footwork","floor":11,"key":"SMITH"},{"floor":15,"key":"REST"},{"floor":23,"key":"REST"},{"data":"Accuracy","floor":27,"key":"SMITH"},{"data":"Footwork","floor":32,"key":"SMITH"},{"floor":41,"key":"REST"},{"floor":47,"key":"REST"},{"floor":49,"key":"REST"}],"neow_cost":"NONE","seed_source_timestamp":6127913469223888,"circlet_count":0,"master_deck":["Defend_G","Defend_G+1","Defend_G","Defend_G","Strike_G","Survivor","Neutralize","Deflect","Infinite Blades","Glass Knife+1","Footwork+1","Accuracy+1","Blur","Backstab","After Image","Backflip","Cloak And Dagger","Footwork+1","Injury","Prepared+1","Terror+1","Reflex+1","Deflect","Tactician","Parasite","Deflect+1","Setup","Acrobatics+1"],"relics":["Ring of the Snake","NeowsBlessing","Golden Idol","Letter Opener","Sundial","Gambling Chip","Cursed Key","Regal Pillow","Blood Vial","Art of War","MutagenicStrength","Fusion Hammer","Red Mask","Centennial Puzzle"],"potions_floor_usage":[21,21,33,40,40,40,50,50,50],"damage_taken":[{"damage":0,"enemies":"Cultist","floor":1,"turns":1},{"damage":0,"enemies":"Small Slimes","floor":5,"turns":1},{"damage":0,"enemies":"3 Sentries","floor":6,"turns":1},{"damage":2,"enemies":"Jaw Worm","floor":8,"turns":4},{"damage":24,"enemies":"Lagavulin","floor":10,"turns":8},{"damage":0,"enemies":"Large Slime","floor":14,"turns":6},{"damage":49,"enemies":"Hexaghost","floor":16,"turns":16},{"damage":0,"enemies":"Chosen","floor":18,"turns":7},{"damage":0,"enemies":"Spheric Guardian","floor":20,"turns":5},{"damage":22,"enemies":"Cultist and Chosen","floor":21,"turns":11},{"damage":0,"enemies":"Shelled Parasite and Fungi","floor":24,"turns":7},{"damage":1,"enemies":"Book of Stabbing","floor":25,"turns":7},{"damage":0,"enemies":"Snecko","floor":30,"turns":6},{"damage":7,"enemies":"Snake Plant","floor":31,"turns":6},{"damage":0,"enemies":"Automaton","floor":33,"turns":19},{"damage":0,"enemies":"Orb Walker","floor":35,"turns":3},{"damage":2,"enemies":"3 Darklings","floor":37,"turns":5},{"damage":1,"enemies":"Writhing Mass","floor":38,"turns":12},{"damage":20,"enemies":"Reptomancer","floor":40,"turns":3},{"damage":7,"enemies":"Maw","floor":42,"turns":10},{"damage":0,"enemies":"Jaw Worm Horde","floor":45,"turns":6},{"damage":12,"enemies":"3 Darklings","floor":48,"turns":8},{"damage":68,"enemies":"Donu and Deca","floor":50,"turns":17}],"seed_played":"-4133493817476646022","potions_obtained":[{"floor":1,"key":"FearPotion"},{"floor":6,"key":"GhostInAJar"},{"floor":14,"key":"SpeedPotion"},{"floor":21,"key":"EntropicBrew"},{"floor":38,"key":"LiquidBronze"},{"floor":42,"key":"Poison Potion"},{"floor":48,"key":"PowerPotion"}],"is_trial":false,"path_per_floor":["M","?","$","?","M","E","R","M","T","E","R","?","$","M","R","B",null,"M","?","M","M","?","R","M","E","T","R","$","?","M","M","R","B",null,"M","$","M","M","?","E","R","M","T","?","M","?","R","M","R","B",null],"character_chosen":"THE_SILENT","items_purchased":["Infinite Blades","Accuracy","Blur","Art of War","Deflect"],"campfire_rested":5,"item_purchase_floors":[3,13,13,28,36],"current_hp_per_floor":[63,46,46,69,69,69,69,67,67,43,43,43,43,43,64,15,56,56,56,56,34,34,55,55,54,54,54,54,54,56,51,51,53,66,68,68,68,69,69,50,70,63,63,63,65,65,70,58,70,2],"gold":57,"neow_bonus":"THREE_ENEMY_KILL","is_prod":false,"is_daily":false,"chose_seed":false,"campfire_upgraded":4,"win_rate":0,"timestamp":1561522738,"path_taken":["M","?","$","?","?","E","R","M","T","E","R","?","$","M","R","BOSS","M","?","M","?","?","R","M","E","T","R","$","?","M","M","R","BOSS","M","$","M","M","?","E","R","M","T","?","?","?","R","?","R","BOSS"],"build_version":"2019-01-23","purchased_purges":2,"victory":true,"max_hp_per_floor":[70,70,70,70,70,70,70,70,70,70,70,70,70,70,70,70,70,70,70,70,70,70,70,70,70,70,70,70,70,70,70,70,70,70,70,70,70,70,70,70,70,70,70,70,70,70,70,70,70,70],"card_choices":[{"not_picked":["Reflex","Sucker Punch"],"picked":"Deflect","floor":1},{"not_picked":["Quick Slash","PiercingWail","Riddle With Holes"],"picked":"SKIP","floor":5},{"not_picked":["Poisoned Stab","Outmaneuver"],"picked":"Glass Knife","floor":6},{"not_picked":["Flying Knee","Masterful Stab","Riddle With Holes"],"picked":"SKIP","floor":8},{"not_picked":["Sucker Punch","Quick Slash"],"picked":"Footwork","floor":10},{"not_picked":["Slice","Dagger Throw"],"picked":"Backstab","floor":14},{"not_picked":["Envenom","Bullet Time"],"picked":"After Image","floor":16},{"not_picked":["Finisher","Poisoned Stab"],"picked":"Backflip","floor":18},{"not_picked":["Prepared","Deflect+1"],"picked":"Cloak And Dagger","floor":20},{"not_picked":["Deflect","Bane+1"],"picked":"Footwork","floor":21},{"not_picked":["Eviscerate+1","Quick Slash","Sucker Punch+1"],"picked":"SKIP","floor":24},{"not_picked":["Caltrops+1","All Out Attack","Dagger Spray"],"picked":"SKIP","floor":25},{"not_picked":["Underhanded Strike","Venomology"],"picked":"Prepared+1","floor":30},{"not_picked":["Dagger Throw+1","Outmaneuver"],"picked":"Terror+1","floor":31},{"not_picked":["Quick Slash","Sucker Punch"],"picked":"Reflex+1","floor":35},{"not_picked":["Outmaneuver+1","Choke+1"],"picked":"Tactician","floor":37},{"not_picked":["Bane","Sucker Punch+1"],"picked":"Deflect+1","floor":38},{"not_picked":["Outmaneuver+1","Flying Knee+1","Endless Agony+1"],"picked":"SKIP","floor":42},{"not_picked":["All Out Attack+1","Flechettes","Underhanded Strike"],"picked":"SKIP","floor":45},{"not_picked":["Outmaneuver","Dodge and Roll"],"picked":"Acrobatics+1","floor":48}],"player_experience":190463,"relics_obtained":[{"floor":6,"key":"Letter Opener"},{"floor":9,"key":"Sundial"},{"floor":10,"key":"Gambling Chip"},{"floor":25,"key":"Regal Pillow"},{"floor":26,"key":"Blood Vial"}],"event_choices":[{"damage_healed":0,"gold_gain":0,"player_choice":"Take Damage","damage_taken":17,"relics_obtained":["Golden Idol"],"max_hp_gain":0,"max_hp_loss":0,"event_name":"Golden Idol","floor":2,"gold_loss":0},{"damage_healed":23,"gold_gain":0,"player_choice":"Banana","damage_taken":0,"max_hp_gain":0,"max_hp_loss":0,"event_name":"Big Fish","floor":4,"gold_loss":0},{"cards_removed":["Strike_G"],"damage_healed":0,"gold_gain":0,"player_choice":"Forget","damage_taken":0,"max_hp_gain":0,"max_hp_loss":0,"event_name":"Living Wall","floor":12,"gold_loss":0},{"cards_removed":["Strike_G"],"damage_healed":0,"gold_gain":0,"player_choice":"Upgrade and Remove","damage_taken":0,"max_hp_gain":0,"max_hp_loss":0,"event_name":"Designer","floor":19,"gold_loss":90,"cards_upgraded":["Defend_G"]},{"damage_healed":0,"gold_gain":0,"player_choice":"Ignored","damage_taken":0,"max_hp_gain":0,"max_hp_loss":0,"event_name":"Vampires","floor":22,"gold_loss":0},{"damage_healed":0,"gold_gain":0,"player_choice":"Inject Mutagens","damage_taken":0,"relics_obtained":["MutagenicStrength"],"max_hp_gain":0,"max_hp_loss":0,"event_name":"Drug Dealer","floor":29,"gold_loss":0},{"damage_healed":0,"gold_gain":0,"player_choice":"Paid","damage_taken":0,"relics_obtained":["Red Mask"],"max_hp_gain":0,"max_hp_loss":0,"event_name":"Tomb of Lord Red Mask","floor":39,"gold_loss":120},{"damage_healed":0,"gold_gain":0,"cards_transformed":["Strike_G"],"player_choice":"Transformed","damage_taken":0,"max_hp_gain":0,"max_hp_loss":0,"event_name":"Transmorgrifier","floor":44,"gold_loss":0,"cards_obtained":["Setup"]},{"damage_healed":0,"gold_gain":0,"player_choice":"Gave Potion","damage_taken":0,"relics_obtained":["Centennial Puzzle"],"max_hp_gain":0,"max_hp_loss":0,"event_name":"WeMeetAgain","floor":46,"gold_loss":0}],"is_beta":false,"boss_relics":[{"not_picked":["HoveringKite","Black Star"],"picked":"Cursed Key"},{"not_picked":["Tiny House","Empty Cage"],"picked":"Fusion Hammer"}],"items_purged_floors":[13,36],"is_endless":false,"potions_floor_spawned":[1,6,14,20,21,38,42,48],"ascension_level":9}