{"path_per_floor":["M","?","M","?","$","R","E","M","T","M","E","M","M","$","R","B",null,"M","?","$","M","?","R","E","R","T","M","E","R","M"],"character_chosen":"IRONCLAD","items_purchased":["Flex","Strength Potion","Dramatic Entrance","Whirlwind","Ancient Potion"],"gold_per_floor":[116,116,132,132,34,34,68,85,133,145,178,188,204,48,48,144,144,158,58,10,28,28,28,61,61,84,97,123,123,135],"floor_reached":31,"campfire_rested":2,"playtime":1230,"current_hp_per_floor":[80,85,85,85,85,85,85,85,92,92,90,92,92,92,92,33,92,92,92,92,65,49,49,23,50,50,41,12,39,23],"items_purged":[],"gold":135,"score":310,"play_id":"49c823a2-e4d1-4ebd-9c04-68103e83c9b3","local_time":"20180319105024","is_prod":false,"is_daily":false,"is_ascension_mode":false,"campfire_upgraded":3,"timestamp":1521471024,"path_taken":["M","?","M","?","$","R","E","M","T","M","E","M","?","$","R","BOSS","M","?","?","M","?","R","E","R","T","M","E","R","M","E"],"build_version":"2018-03-15v3","purchased_purges":0,"victory":false,"master_deck":["Bash+1","Ghostly Armor","Inflame+1","Flex","Limit Break+1","Headbutt","Pummel","Clothesline","Cleave","Cleave","Dramatic Entrance","Whirlwind","Dark Embrace","Pommel Strike","Second Wind","Havoc","Anger","Power Through","Cleave","Dropkick","Disarm","Pommel Strike","J.A.X.","Flex","Necronomicurse","Infernal Blade+1","Evolve","Berserk","Whirlwind"],"max_hp_per_floor":[80,85,85,85,85,85,85,85,92,92,92,92,92,92,92,92,92,92,92,92,92,92,92,92,92,92,92,92,92,92],"relics":["Burning Blood","NeowsBlessing","Happy Flower","Strawberry","Calipers","Pandora\u0027s Box","Necronomicon","Gambling Chip","Oddly Smooth Stone","Matryoshka"],"card_choices":[{"not_picked":["Armaments","Heavy Blade"],"picked":"Ghostly Armor"},{"not_picked":["Hemokinesis","Sword Boomerang"],"picked":"Inflame"},{"not_picked":["Immolate","Clothesline"],"picked":"Limit Break"},{"not_picked":["Perfected Strike","Body Slam"],"picked":"Headbutt"},{"not_picked":["Sword Boomerang","Armaments"],"picked":"Pummel"},{"not_picked":["Seeing Red","Sword Boomerang"],"picked":"Clothesline"},{"not_picked":["Headbutt","Heavy Blade"],"picked":"Cleave"},{"not_picked":["Havoc","Rage"],"picked":"Cleave"},{"not_picked":["Feed","Juggernaut"],"picked":"Dark Embrace"},{"not_picked":["Sentinel","Warcry"],"picked":"Pommel Strike"},{"not_picked":["Fire Breathing","Clash"],"picked":"Flex"},{"not_picked":["Heavy Blade","Sentinel"],"picked":"Infernal Blade"},{"not_picked":["Disarm","Dual Wield"],"picked":"Evolve"},{"not_picked":["Barricade","Pommel Strike"],"picked":"Berserk"},{"not_picked":["Headbutt","Pommel Strike"],"picked":"Whirlwind"}],"player_experience":468916,"potions_floor_usage":[10,11,18,24,24,28,28,31,31],"damage_taken":[{"damage":0,"enemies":"2 Louse","floor":1,"turns":1},{"damage":0,"enemies":"Small Slimes","floor":3,"turns":1},{"damage":0,"enemies":"Lagavulin","floor":7,"turns":1},{"damage":0,"enemies":"Jaw Worm","floor":8,"turns":3},{"damage":0,"enemies":"2 Fungi Beasts","floor":10,"turns":2},{"damage":8,"enemies":"Gremlin Nob","floor":11,"turns":3},{"damage":0,"enemies":"Gremlin Gang","floor":12,"turns":4},{"damage":4,"enemies":"Blue Slaver","floor":13,"turns":3},{"damage":65,"enemies":"Hexaghost","floor":16,"turns":9},{"damage":2,"enemies":"Shell Parasite","floor":18,"turns":4},{"damage":33,"enemies":"2 Thieves","floor":21,"turns":3},{"damage":32,"enemies":"Gremlin Leader","floor":24,"turns":5},{"damage":15,"enemies":"Centurion and Healer","floor":27,"turns":3},{"damage":35,"enemies":"Book of Stabbing","floor":28,"turns":5},{"damage":22,"enemies":"3 Cultists","floor":30,"turns":5},{"damage":33,"enemies":"Slavers","floor":31,"turns":2}],"event_choices":[{"event_name":"Big Fish","player_choice":"Donut","floor":2,"damage_taken":0},{"event_name":"Purifier","player_choice":"One Purge","floor":4,"damage_taken":0},{"event_name":"Drug Dealer","player_choice":"Got JAXXED","floor":19,"damage_taken":0},{"event_name":"Cursed Tome","player_choice":"Obtained Book","floor":22,"damage_taken":0}],"boss_relics":[{"not_picked":["Ectoplasm","Snecko Eye"],"picked":"Pandora\u0027s Box"}],"potions_floor_spawned":[3,10,11,13,16,24,28,30],"seed_played":"-8555963719508961197","killed_by":"Slavers","ascension_level":0,"is_trial":false}