{"path_per_floor":["M","$","?","?","M","E","M","R","T","M","M","R","?","M","R","B",null,"M","$","?","$","M","R","?","R","T","$","?","M","M","$","R"],"character_chosen":"IRONCLAD","items_purchased":["Bandage Up","Rupture","Panache","Frozen Egg 2","Trip","Flex"],"gold_per_floor":[112,12,262,262,281,321,342,342,423,443,463,463,463,479,479,604,604,620,28,28,28,53,53,53,53,78,33,33,58,74,74,74,74],"floor_reached":33,"campfire_rested":0,"playtime":991,"current_hp_per_floor":[80,80,80,60,66,76,74,74,74,70,69,69,69,75,75,55,80,57,57,57,57,54,54,80,80,80,80,80,66,62,62,62,0],"items_purged":[],"gold":74,"score":270,"play_id":"c6986680-7372-4b82-b81b-224a160cc6d7","local_time":"20180404171245","is_prod":false,"is_daily":false,"is_ascension_mode":false,"campfire_upgraded":6,"timestamp":1522876365,"path_taken":["M","?","?","?","M","E","M","R","T","?","M","R","?","M","R","BOSS","M","$","?","$","M","R","?","R","T","?","?","M","M","?","R","BOSS"],"build_version":"2018-03-29v2","purchased_purges":0,"victory":false,"master_deck":["Strike_R","Strike_R","Strike_R","Strike_R","Strike_R","Defend_R","Defend_R","Defend_R","Defend_R","Bash","Clash","Bandage Up+1","Regret","Spot Weakness+1","Bludgeon+1","Rage+1","Impervious","Seeing Red","Flex","Reaper","Rupture","Panache","Trip+1","Uppercut+1","Flex","Writhe","Clash+1","Infernal Blade+1"],"max_hp_per_floor":[80,80,80,80,80,80,80,80,80,80,80,80,80,80,80,80,80,80,80,80,80,80,80,80,80,80,80,80,80,80,80,80,80],"relics":["Burning Blood","NeowsBlessing","Golden Idol","Champion Belt","Dodecahedron","White Beast Statue","Frozen Egg 2","Blood Vial","Happy Flower"],"card_choices":[{"not_picked":["Intimidate","Flame Barrier"],"picked":"Clash","floor":1},{"not_picked":["Havoc","Heavy Blade"],"picked":"Spot Weakness","floor":5},{"not_picked":["Perfected Strike","Thunderclap"],"picked":"Bludgeon","floor":6},{"not_picked":["Twin Strike","Wild Strike"],"picked":"Rage","floor":7},{"not_picked":["Flex","Wild Strike"],"picked":"Impervious","floor":10},{"not_picked":["Headbutt","Iron Wave"],"picked":"Seeing Red","floor":11},{"not_picked":["Iron Wave","Sword Boomerang"],"picked":"Flex","floor":14},{"not_picked":["Offering","Immolate"],"picked":"Reaper","floor":16},{"not_picked":["Thunderclap","Iron Wave"],"picked":"Uppercut","floor":22},{"not_picked":["Burning Pact","Intimidate"],"picked":"Clash","floor":29},{"not_picked":["Iron Wave","Entrench"],"picked":"Infernal Blade","floor":30}],"player_experience":606553,"potions_floor_usage":[7,10,14,16,18,22,29,33],"damage_taken":[{"damage":0,"enemies":"Cultist","floor":1,"turns":1},{"damage":0,"enemies":"Jaw Worm","floor":5,"turns":1},{"damage":0,"enemies":"Lagavulin","floor":6,"turns":2},{"damage":8,"enemies":"2 Louse","floor":7,"turns":2},{"damage":14,"enemies":"Large Slime","floor":10,"turns":5},{"damage":11,"enemies":"Blue Slaver","floor":11,"turns":3},{"damage":0,"enemies":"Red Slaver","floor":14,"turns":1},{"damage":30,"enemies":"Slime Boss","floor":16,"turns":9},{"damage":29,"enemies":"Shell Parasite","floor":18,"turns":4},{"damage":22,"enemies":"3 Byrds","floor":22,"turns":6},{"damage":27,"enemies":"Cultist and Chosen","floor":29,"turns":6},{"damage":18,"enemies":"Snake Plant","floor":30,"turns":3},{"damage":101,"enemies":"Collector","floor":33,"turns":9}],"event_choices":[{"event_name":"Golden Shrine","player_choice":"Desecrate","floor":3,"damage_taken":0},{"event_name":"Golden Idol","player_choice":"Take Damage","floor":4,"damage_taken":0},{"event_name":"The Lab","player_choice":"Got Potions","floor":13,"damage_taken":0},{"event_name":"Beggar","player_choice":"Ignored","floor":20,"damage_taken":0},{"event_name":"The Library","player_choice":"Heal","floor":24,"damage_taken":0},{"event_name":"The Mausoleum","player_choice":"Yes","floor":28,"damage_taken":0}],"boss_relics":[{"not_picked":["Pandora\u0027s Box","Lizard Tail"],"picked":"White Beast Statue"}],"potions_floor_spawned":[5,6,11,18,22,29,30],"seed_played":"7918420759052885656","killed_by":"Collector","ascension_level":0,"is_trial":false}