{"path_per_floor":["M","?","T","?","M","R","M","?","T","E","M","R","?","?","R","B",null,"M","$","T","M","M","E","M","R","T","R","?","E","M","?","R","B",null,"M","?","M","?","$","E","R","E","T","?","$","M","M","M","R","B",null,"M","M","M","?","?","R","?","$","T","R","?","R","M","$","R","B",null,"M","?","?","M","$","R","E","?","E","R","M","M","R","M","R","B",null,"M","?","?","M","M","E","R","M","E","M","R","M","?","?","R","B",null,"M","?","?","?","?","R","$","M","E","?","R","M","?","M","R","B",null,"M","M","M","$","M","R","M","R","E","?","M","?","R","?","R","B",null,"M","?","$","?","?","R","M","R","E","$","?"],"character_chosen":"IRONCLAD","items_purchased":["Letter Opener","Mummified Hand","Du-Vu Doll","Combust","Trip","Blue Candle","Trip","Feel No Pain","Medical Kit","Singing Bowl","Anchor","Rupture","Strange Spoon","Dual Wield","Kunai","Blood Vial","Feel No Pain","Ghostly Armor","Vajra","Potion Belt","Molten Egg 2"],"gold_per_floor":[10,10,10,10,27,27,46,101,101,128,138,138,138,138,138,240,240,256,15,15,30,40,68,79,79,104,104,104,130,143,143,143,247,247,257,257,273,327,82,112,112,447,447,447,21,31,42,55,55,158,158,169,188,200,375,440,440,440,86,86,86,161,161,181,112,112,238,238,263,178,178,202,10,10,54,54,88,88,104,118,118,133,133,232,232,250,250,0,13,33,68,68,86,111,129,129,139,139,139,139,235,235,245,308,483,483,483,483,182,193,218,218,218,228,228,247,247,342,342,357,375,394,76,87,87,107,107,142,92,107,107,107,107,107,202,202,216,1215,449,449,449,449,464,464,494,91,146,146],"floor_reached":148,"campfire_rested":7,"playtime":6180,"item_purchase_floors":[19,39,45,45,45,59,59,65,73,109,109,123,123,123,139,139,139,139,139,146,146],"current_hp_per_floor":[80,73,73,73,76,76,76,46,60,58,50,50,81,62,62,15,94,94,94,94,94,72,13,17,45,45,45,76,94,67,67,67,43,94,94,82,71,24,24,24,52,58,64,54,54,52,60,71,100,100,100,100,99,100,106,106,106,98,98,104,104,93,93,101,101,101,104,104,104,104,110,110,110,110,110,110,106,106,110,110,110,110,110,103,122,120,120,120,122,122,116,116,104,94,105,105,118,108,108,108,60,134,134,134,140,140,140,140,140,144,145,151,151,156,125,141,162,149,174,173,182,167,167,163,163,176,176,134,134,118,118,177,177,200,212,212,104,121,121,111,127,201,219,219,62,62,33,0],"items_purged":["Normality"],"gold":146,"score":3542,"play_id":"ee5f5789-5316-409e-b828-72a3cb87fdf6","local_time":"20180626043926","is_prod":false,"is_daily":false,"chose_seed":false,"is_ascension_mode":false,"campfire_upgraded":17,"win_rate":0,"timestamp":1530002366,"campfire_choices":[{"data":"Body Slam","floor":6,"key":"SMITH"},{"data":"1","floor":12,"key":"LIFT"},{"data":"2","floor":15,"key":"LIFT"},{"floor":25,"key":"REST"},{"data":"3","floor":27,"key":"LIFT"},{"data":"Flame Barrier","floor":32,"key":"SMITH"},{"floor":41,"key":"REST"},{"floor":49,"key":"REST"},{"data":"Demon Form","floor":57,"key":"SMITH"},{"data":"Magnetism","floor":61,"key":"SMITH"},{"data":"Mind Blast","floor":63,"key":"SMITH"},{"data":"Feel No Pain","floor":66,"key":"SMITH"},{"data":"Limit Break","floor":74,"key":"SMITH"},{"data":"Limit Break","floor":78,"key":"SMITH"},{"data":"Second Wind","floor":81,"key":"SMITH"},{"data":"Trip","floor":83,"key":"SMITH"},{"data":"Barricade","floor":92,"key":"SMITH"},{"data":"Rupture","floor":96,"key":"SMITH"},{"data":"Regret","floor":100,"key":"PURGE"},{"data":"Rupture","floor":108,"key":"SMITH"},{"data":"Barricade","floor":113,"key":"SMITH"},{"floor":117,"key":"REST"},{"data":"Dark Embrace","floor":125,"key":"SMITH"},{"data":"Dual Wield","floor":127,"key":"SMITH"},{"floor":132,"key":"REST"},{"floor":134,"key":"REST"},{"floor":142,"key":"REST"},{"data":"Bandage Up","floor":144,"key":"SMITH"}],"path_taken":["M","?","?","?","M","R","M","?","T","E","M","R","?","?","R","BOSS","M","$","?","M","M","E","M","R","T","R","?","E","M","?","R","BOSS","M","?","M","?","?","E","R","E","T","?","$","M","M","M","R","BOSS","M","M","M","?","?","R","?","$","T","R","?","R","M","$","R","BOSS","M","?","?","M","$","R","E","?","E","R","M","M","R","M","R","BOSS","M","?","?","M","M","E","R","M","E","M","R","M","?","?","R","BOSS","M","?","?","?","?","R","?","M","E","?","R","M","?","M","R","BOSS","M","M","M","$","M","R","M","R","E","?","M","?","R","?","R","BOSS","M","?","$","?","?","R","M","R","E","$","?","M"],"build_version":"2018-06-21","seed_source_timestamp":569702501990686,"purchased_purges":1,"circlet_count":0,"victory":false,"master_deck":["Strike_R","Strike_R","Strike_R","Strike_R","Defend_R","Defend_R","Defend_R","Defend_R","Bash","Limit Break+1","Body Slam","Headbutt+1","Body Slam+1","Inflame","Dual Wield+1","Corruption","Dark Embrace+1","Spot Weakness+1","True Grit","Reaper","Flame Barrier+1","Sever Soul+1","Doubt","Clash+1","Rupture+1","Body Slam+1","Heavy Blade","Clash+1","Rage+1","Impervious","Carnage+1","Clash","Pummel","Offering+1","Dropkick+1","Iron Wave","Madness","Madness","Iron Wave+1","Headbutt+1","Dropkick","Demon Form+1","Body Slam+1","Doubt","Magnetism+1","Mind Blast+1","Secret Weapon","Combust","Trip","Body Slam","Pummel","Flex+1","Flame Barrier+1","Dual Wield","Ghostly Armor","Limit Break+1","Reaper","Clash","Doubt","Trip+1","Writhe","Reaper","Feel No Pain+1","Limit Break+1","Inflame","Writhe","Clash","Clash","Power Through","Clash","Metallicize","Combust+1","Anger","Second Wind+1","Impervious","Dropkick","Parasite","Writhe","Offering+1","Entrench+1","Sword Boomerang+1","Body Slam+1","Barricade+1","Flex+1","Infernal Blade","Iron Wave","Feel No Pain+1","Sever Soul","Metallicize+1","Feel No Pain+1","Infernal Blade","Clash+1","Rage+1","Flash of Steel","Master of Strategy","Flash of Steel","Clumsy","Regret","Barricade+1","Rupture+1","Doubt","Regret","Normality","Doubt","Impervious","Rupture","Dual Wield+1","Dark Embrace+1","Hemokinesis","Rupture","Injury","Clumsy","Impervious","Power Through+1","Normality","Feel No Pain","Ghostly Armor","Bandage Up+1","Panacea","Mind Blast","Normality"],"max_hp_per_floor":[80,80,80,80,80,80,80,80,94,94,94,94,94,94,94,94,94,94,94,94,94,94,94,94,94,94,94,94,94,94,94,94,94,94,94,94,94,94,94,94,94,94,100,100,100,100,100,100,100,100,100,100,100,100,106,106,106,98,98,104,104,104,104,104,104,104,104,104,104,104,110,110,110,110,110,110,110,110,110,110,110,110,110,122,122,122,122,122,122,122,122,122,122,122,122,122,122,122,122,122,134,134,134,134,140,140,140,140,140,144,146,152,152,156,156,160,162,174,174,178,182,186,186,188,188,192,192,194,194,198,198,198,198,200,212,212,214,226,226,226,242,244,248,248,250,250,252,252],"relics":["Burning Blood","Prayer Wheel","Gambling Chip","Peace Pipe","Mango","Girya","Cursed Key","Letter Opener","Shuriken","Bird Faced Urn","Pen Nib","Darkstone Periapt","Runic Cube","Thread and Needle","Mummified Hand","Juzu Bracelet","Old Coin","Ornamental Fan","Du-Vu Doll","White Beast Statue","Dream Catcher","Bloody Idol","Blue Candle","Self Forming Clay","Dodecahedron","Mercury Hourglass","Medical Kit","Red Mask","Singing Bowl","Anchor","Matryoshka","Strange Spoon","Nloth\u0027s Gift","Kunai","Blood Vial","Vajra","Pear","Potion Belt","Molten Egg 2","Ice Cream"],"card_choices":[{"not_picked":["Exhume","Berserk"],"picked":"Limit Break","floor":0},{"not_picked":["Shrug It Off","Spot Weakness"],"picked":"Body Slam","floor":1},{"not_picked":["Shrug It Off","Warcry"],"picked":"Headbutt","floor":5},{"not_picked":["Warcry","Pommel Strike"],"picked":"Body Slam","floor":5},{"not_picked":["Clothesline","Shrug It Off"],"picked":"Inflame","floor":7},{"not_picked":["True Grit","Dropkick"],"picked":"Dual Wield","floor":7},{"not_picked":["Combust","Sword Boomerang"],"picked":"Corruption","floor":8},{"not_picked":["Clash","Heavy Blade"],"picked":"Dark Embrace","floor":10},{"not_picked":["Cleave","Pommel Strike"],"picked":"Spot Weakness","floor":11},{"not_picked":["Perfected Strike","Wild Strike"],"picked":"True Grit","floor":11},{"not_picked":["Berserk","Double Tap"],"picked":"Reaper","floor":16},{"not_picked":["Disarm","Battle Trance+1"],"picked":"Flame Barrier","floor":18},{"not_picked":["Clothesline","Sword Boomerang+1"],"picked":"Sever Soul+1","floor":18},{"not_picked":["Rampage","Armaments"],"picked":"Clash+1","floor":21},{"not_picked":["Havoc","Perfected Strike"],"picked":"Rupture","floor":21},{"not_picked":["Armaments","Seeing Red"],"picked":"Body Slam+1","floor":22},{"not_picked":["Shrug It Off","Havoc+1"],"picked":"Heavy Blade","floor":22},{"not_picked":["Battle Trance+1","Cleave+1"],"picked":"Clash+1","floor":23},{"not_picked":["Clothesline","Anger"],"picked":"Rage+1","floor":24},{"not_picked":["Dual Wield","Twin Strike+1"],"picked":"Impervious","floor":24},{"not_picked":["Searing Blow","Intimidate+1"],"picked":"Carnage+1","floor":29},{"not_picked":["Twin Strike","Cleave"],"picked":"Clash","floor":30},{"not_picked":["Perfected Strike+1","Armaments"],"picked":"Pummel","floor":30},{"not_picked":["Exhume","Berserk"],"picked":"Offering","floor":33},{"not_picked":["Flex","Shrug It Off+1"],"picked":"Dropkick+1","floor":35},{"not_picked":["True Grit+1","Perfected Strike+1"],"picked":"Iron Wave","floor":35},{"not_picked":["Wild Strike+1","Bloodletting"],"picked":"Iron Wave+1","floor":37},{"not_picked":["Whirlwind+1","Sword Boomerang+1"],"picked":"Headbutt+1","floor":37},{"not_picked":["True Grit+1","Flex"],"picked":"Dropkick","floor":38},{"not_picked":["Perfected Strike","Wild Strike"],"picked":"Demon Form","floor":40},{"not_picked":["Fire Breathing","Evolve"],"picked":"Body Slam+1","floor":42},{"not_picked":["Purity","Flash of Steel"],"picked":"Magnetism","floor":44},{"not_picked":["Purity","Madness"],"picked":"Mind Blast","floor":44},{"not_picked":["Master of Strategy","Dramatic Entrance"],"picked":"Secret Weapon","floor":44},{"not_picked":["Twin Strike","Havoc"],"picked":"Body Slam","floor":46},{"not_picked":["Perfected Strike","Armaments"],"picked":"Pummel","floor":46},{"not_picked":["Burning Pact+1","Clothesline+1"],"picked":"Flex+1","floor":47},{"not_picked":["Dual Wield","Havoc"],"picked":"Flame Barrier+1","floor":47},{"not_picked":["Headbutt","Pommel Strike"],"picked":"Dual Wield","floor":48},{"not_picked":["Twin Strike+1","Sword Boomerang+1"],"picked":"Ghostly Armor","floor":48},{"not_picked":["Barricade","Reaper"],"picked":"Limit Break","floor":50},{"not_picked":["Headbutt","Anger"],"picked":"Metallicize","floor":52},{"not_picked":["Heavy Blade","Headbutt","Havoc"],"picked":"SKIP","floor":52},{"not_picked":["Headbutt","Twin Strike"],"picked":"Reaper","floor":53},{"not_picked":["Sword Boomerang","Havoc","Heavy Blade"],"picked":"SKIP","floor":53},{"not_picked":["Shrug It Off","Sword Boomerang"],"picked":"Clash","floor":54},{"not_picked":["Clothesline","Uppercut","Warcry"],"picked":"SKIP","floor":54},{"not_picked":["Wild Strike","Perfected Strike"],"picked":"Reaper","floor":64},{"not_picked":["Cleave","Twin Strike","Reckless Charge"],"picked":"SKIP","floor":64},{"not_picked":["Offering","Berserk"],"picked":"Limit Break","floor":67},{"not_picked":["Headbutt","Pommel Strike+1"],"picked":"Inflame","floor":69},{"not_picked":["Cleave","Reckless Charge","Shrug It Off"],"picked":"SKIP","floor":69},{"not_picked":["Sword Boomerang","Iron Wave"],"picked":"Clash","floor":72},{"not_picked":["Battle Trance","Intimidate"],"picked":"Clash","floor":72},{"not_picked":["Pommel Strike","Heavy Blade"],"picked":"Power Through","floor":75},{"not_picked":["Wild Strike","Armaments"],"picked":"Clash","floor":77},{"not_picked":["Cleave","Clothesline"],"picked":"Metallicize","floor":79},{"not_picked":["Perfected Strike","Sentinel"],"picked":"Combust+1","floor":79},{"not_picked":["Reckless Charge","Flex"],"picked":"Anger","floor":80},{"not_picked":["Flame Barrier","Sever Soul"],"picked":"Second Wind","floor":80},{"not_picked":["Iron Wave","Shrug It Off+1"],"picked":"Impervious","floor":82},{"not_picked":["Evolve","Warcry"],"picked":"Dropkick","floor":82},{"not_picked":["Fiend Fire","Immolate"],"picked":"Offering","floor":84},{"not_picked":["Armaments+1","Evolve"],"picked":"Entrench+1","floor":86},{"not_picked":["Warcry","Clothesline+1"],"picked":"Sword Boomerang+1","floor":86},{"not_picked":["Searing Blow+1","Warcry"],"picked":"Body Slam+1","floor":89},{"not_picked":["Shrug It Off+1","Warcry+1"],"picked":"Barricade","floor":89},{"not_picked":["Pommel Strike+1","Sword Boomerang"],"picked":"Flex+1","floor":90},{"not_picked":["Carnage+1","Bloodletting"],"picked":"Infernal Blade","floor":90},{"not_picked":["Thunderclap","Searing Blow+1"],"picked":"Iron Wave","floor":91},{"not_picked":["True Grit+1","Offering"],"picked":"Feel No Pain+1","floor":93},{"not_picked":["True Grit+1","Spot Weakness"],"picked":"Sever Soul","floor":93},{"not_picked":["Thunderclap+1","Anger"],"picked":"Metallicize+1","floor":94},{"not_picked":["Pummel+1","Evolve+1"],"picked":"Feel No Pain+1","floor":95},{"not_picked":["Warcry+1","Twin Strike+1"],"picked":"Infernal Blade","floor":95},{"not_picked":["Cleave","True Grit"],"picked":"Clash","floor":97},{"not_picked":["Ghostly Armor+1","Perfected Strike"],"picked":"Rage+1","floor":97},{"not_picked":["Deep Breath","Blind"],"picked":"Flash of Steel","floor":98},{"not_picked":["Magnetism","Jack Of All Trades"],"picked":"Master of Strategy","floor":98},{"not_picked":["Jack Of All Trades","Deep Breath"],"picked":"Flash of Steel","floor":98},{"not_picked":["Juggernaut","Berserk"],"picked":"Barricade","floor":101},{"not_picked":["Anger","Iron Wave"],"picked":"Rupture","floor":103},{"not_picked":["Searing Blow","Sword Boomerang","Whirlwind"],"picked":"SKIP","floor":103},{"not_picked":["Armaments","Thunderclap","Body Slam"],"picked":"Singing Bowl","floor":110},{"not_picked":["Perfected Strike","True Grit","Clothesline"],"picked":"Singing Bowl","floor":110},{"not_picked":["Warcry","Sever Soul","Sword Boomerang"],"picked":"Singing Bowl","floor":111},{"not_picked":["Havoc","Offering","Thunderclap"],"picked":"Singing Bowl","floor":114},{"not_picked":["Warcry","Hemokinesis","Second Wind"],"picked":"Singing Bowl","floor":114},{"not_picked":["Corruption","Flame Barrier","Flex"],"picked":"Singing Bowl","floor":116},{"not_picked":["Hemokinesis","Body Slam","Headbutt"],"picked":"Singing Bowl","floor":116},{"not_picked":["Combust","Havoc","Flame Barrier"],"picked":"Singing Bowl","floor":117},{"not_picked":["Barricade","Fiend Fire"],"picked":"Impervious","floor":118},{"not_picked":["Shockwave","Flex","Clothesline+1"],"picked":"Singing Bowl","floor":120},{"not_picked":["Ghostly Armor","Wild Strike","Havoc+1"],"picked":"Singing Bowl","floor":120},{"not_picked":["Clothesline+1","Barricade","Searing Blow+1"],"picked":"Singing Bowl","floor":121},{"not_picked":["Heavy Blade","Perfected Strike","Inflame"],"picked":"Singing Bowl","floor":121},{"not_picked":["True Grit+1","Metallicize","Flex+1"],"picked":"Singing Bowl","floor":122},{"not_picked":["Body Slam","Reckless Charge","Sword Boomerang"],"picked":"Singing Bowl","floor":122},{"not_picked":["Heavy Blade","Carnage","Pommel Strike+1"],"picked":"Singing Bowl","floor":124},{"not_picked":["Wild Strike+1","Heavy Blade+1"],"picked":"Dark Embrace","floor":124},{"not_picked":["Havoc+1","Whirlwind","Anger"],"picked":"Singing Bowl","floor":126},{"not_picked":["Perfected Strike+1","Flex","Clothesline"],"picked":"Singing Bowl","floor":126},{"not_picked":["Metallicize","Berserk","Ghostly Armor"],"picked":"Singing Bowl","floor":128},{"not_picked":["Pommel Strike+1","True Grit","Rage+1"],"picked":"Singing Bowl","floor":130},{"not_picked":["Sword Boomerang+1","Iron Wave","Armaments"],"picked":"Singing Bowl","floor":130},{"not_picked":["Perfected Strike","Spot Weakness+1"],"picked":"Rupture","floor":132},{"not_picked":["Iron Wave+1","Spot Weakness","Carnage+1"],"picked":"Singing Bowl","floor":134},{"not_picked":["Offering","Double Tap"],"picked":"Impervious","floor":135},{"not_picked":["Armaments","Wild Strike","Perfected Strike+1"],"picked":"Singing Bowl","floor":137},{"not_picked":["Sword Boomerang","Battle Trance+1"],"picked":"Power Through+1","floor":137},{"not_picked":["Dark Shackles","Dramatic Entrance"],"picked":"Bandage Up","floor":140},{"not_picked":["Good Instincts","Madness"],"picked":"Panacea","floor":140},{"not_picked":["Madness","Dramatic Entrance"],"picked":"Mind Blast","floor":140},{"not_picked":["Clothesline","Battle Trance+1","Burning Pact"],"picked":"Singing Bowl","floor":142},{"not_picked":["Heavy Blade+1","Burning Pact+1","Barricade"],"picked":"Singing Bowl","floor":143},{"not_picked":["True Grit+1","Iron Wave","Dropkick+1"],"picked":"Singing Bowl","floor":143},{"not_picked":["Immolate","Anger+1","Pommel Strike+1"],"picked":"Singing Bowl","floor":145},{"not_picked":["Warcry+1","Wild Strike+1","Pommel Strike+1"],"picked":"Singing Bowl","floor":147}],"player_experience":343694,"potions_floor_usage":[10,16,18,24,35,48,48,50,64,64,67,67,67,67,67,75,75,77,84,84,89,93,94,95,101,101,110,116,116,118,121,121,122,122,124,128,130,130,135,145,145,145],"damage_taken":[{"damage":2,"enemies":"2 Louse","floor":1,"turns":4},{"damage":3,"enemies":"Small Slimes","floor":5,"turns":4},{"damage":6,"enemies":"Jaw Worm","floor":7,"turns":4},{"damage":36,"enemies":"Lagavulin Event","floor":8,"turns":5},{"damage":8,"enemies":"Gremlin Nob","floor":10,"turns":3},{"damage":14,"enemies":"3 Louse","floor":11,"turns":4},{"damage":53,"enemies":"Hexaghost","floor":16,"turns":6},{"damage":4,"enemies":"Chosen","floor":18,"turns":5},{"damage":5,"enemies":"Spheric Guardian","floor":21,"turns":3},{"damage":28,"enemies":"Centurion and Healer","floor":22,"turns":6},{"damage":65,"enemies":"Book of Stabbing","floor":23,"turns":5},{"damage":22,"enemies":"Chosen and Byrds","floor":24,"turns":5},{"damage":2,"enemies":"Gremlin Leader","floor":29,"turns":7},{"damage":43,"enemies":"Slaver and Parasite","floor":30,"turns":5},{"damage":32,"enemies":"Automaton","floor":33,"turns":6},{"damage":6,"enemies":"Orb Walker","floor":35,"turns":3},{"damage":19,"enemies":"Flame Bruiser 1 Orb","floor":37,"turns":6},{"damage":57,"floor":38,"turns":4},{"damage":10,"enemies":"Nemesis","floor":40,"turns":5},{"damage":4,"enemies":"2 Orb Walkers","floor":42,"turns":3},{"damage":12,"enemies":"3 Darklings","floor":46,"turns":3},{"damage":0,"enemies":"Spire Growth","floor":47,"turns":2},{"damage":1,"enemies":"Transient","floor":48,"turns":5},{"damage":22,"enemies":"Awakened One","floor":50,"turns":6},{"damage":0,"enemies":"2 Louse","floor":52,"turns":1},{"damage":7,"enemies":"Cultist","floor":53,"turns":3},{"damage":0,"enemies":"Jaw Worm","floor":54,"turns":1},{"damage":4,"enemies":"Lagavulin Event","floor":56,"turns":2},{"damage":0,"enemies":"3 Louse","floor":64,"turns":1},{"damage":0,"enemies":"Slime Boss","floor":67,"turns":3},{"damage":0,"enemies":"Spheric Guardian","floor":69,"turns":1},{"damage":0,"enemies":"Chosen","floor":72,"turns":2},{"damage":0,"enemies":"Book of Stabbing","floor":75,"turns":2},{"damage":15,"enemies":"Slavers","floor":77,"turns":2},{"damage":0,"enemies":"Snake Plant","floor":79,"turns":1},{"damage":4,"enemies":"Slaver and Parasite","floor":80,"turns":2},{"damage":1,"enemies":"3 Cultists","floor":82,"turns":2},{"damage":45,"enemies":"Champ","floor":84,"turns":4},{"damage":14,"enemies":"Flame Bruiser 1 Orb","floor":86,"turns":3},{"damage":8,"enemies":"3 Shapes","floor":89,"turns":3},{"damage":0,"enemies":"Sphere and 2 Shapes","floor":90,"turns":1},{"damage":21,"enemies":"Giant Head","floor":91,"turns":3},{"damage":27,"enemies":"Spire Growth","floor":93,"turns":3},{"damage":29,"enemies":"Nemesis","floor":94,"turns":3},{"damage":0,"enemies":"3 Darklings","floor":95,"turns":2},{"damage":0,"enemies":"Sphere and 2 Shapes","floor":97,"turns":1},{"damage":115,"enemies":"Donu and Deca","floor":101,"turns":6},{"damage":6,"enemies":"2 Louse","floor":103,"turns":3},{"damage":7,"enemies":"Small Slimes","floor":110,"turns":2},{"damage":14,"enemies":"Gremlin Nob","floor":111,"turns":3},{"damage":5,"enemies":"Jaw Worm","floor":114,"turns":2},{"damage":3,"enemies":"Gremlin Gang","floor":116,"turns":3},{"damage":42,"enemies":"Slime Boss","floor":118,"turns":4},{"damage":21,"enemies":"2 Thieves","floor":120,"turns":2},{"damage":3,"enemies":"Spheric Guardian","floor":121,"turns":3},{"damage":37,"enemies":"Snake Plant","floor":122,"turns":3},{"damage":23,"enemies":"3 Cultists","floor":124,"turns":6},{"damage":6,"enemies":"Centurion and Healer","floor":126,"turns":2},{"damage":71,"enemies":"Gremlin Leader","floor":128,"turns":7},{"damage":35,"enemies":"Snake Plant","floor":130,"turns":3},{"damage":89,"enemies":"Collector","floor":135,"turns":5},{"damage":124,"enemies":"Flame Bruiser 1 Orb","floor":137,"turns":3},{"damage":7,"enemies":"3 Shapes","floor":143,"turns":4},{"damage":178,"enemies":"Giant Head","floor":145,"turns":7},{"damage":60,"floor":147,"turns":3},{"damage":100,"enemies":"Transient","floor":148,"turns":2}],"relics_obtained":[{"floor":3,"key":"Gambling Chip"},{"floor":8,"key":"Peace Pipe"},{"floor":9,"key":"Mango"},{"floor":10,"key":"Girya"},{"floor":20,"key":"Shuriken"},{"floor":23,"key":"Bird Faced Urn"},{"floor":26,"key":"Pen Nib"},{"floor":29,"key":"Darkstone Periapt"},{"floor":38,"key":"Thread and Needle"},{"floor":40,"key":"Juzu Bracelet"},{"floor":42,"key":"Old Coin"},{"floor":43,"key":"Ornamental Fan"},{"floor":56,"key":"Dream Catcher"},{"floor":60,"key":"Self Forming Clay"},{"floor":147,"key":"Ice Cream"}],"event_choices":[{"event_name":"Scrap Ooze","player_choice":"success","floor":2,"damage_taken":7},{"event_name":"Golden Wing","player_choice":"Ignored","floor":4,"damage_taken":0},{"event_name":"Dead Adventurer","player_choice":"Searched \u00271\u0027 times","floor":8,"damage_taken":0},{"event_name":"Big Fish","player_choice":"Banana","floor":13,"damage_taken":0},{"event_name":"Shining Light","player_choice":"Entered Light","floor":14,"damage_taken":0},{"event_name":"The Library","player_choice":"Heal","floor":28,"damage_taken":0},{"event_name":"Upgrade Shrine","player_choice":"Upgraded","floor":31,"damage_taken":0},{"event_name":"Winding Halls","player_choice":"Embrace Madness","floor":36,"damage_taken":0},{"event_name":"Mysterious Sphere","player_choice":"Fight","floor":38,"damage_taken":0},{"event_name":"SensoryStone","player_choice":"Memory 3","floor":44,"damage_taken":0},{"event_name":"Liars Game","player_choice":"agreed","floor":55,"damage_taken":0},{"event_name":"Dead Adventurer","player_choice":"Searched \u00271\u0027 times","floor":56,"damage_taken":0},{"event_name":"Golden Idol","player_choice":"Lose Max HP","floor":58,"damage_taken":0},{"event_name":"World of Goop","player_choice":"Gather Gold","floor":62,"damage_taken":0},{"event_name":"Addict","player_choice":"Obtained Relic","floor":70,"damage_taken":0},{"event_name":"The Mausoleum","player_choice":"Yes","floor":71,"damage_taken":0},{"event_name":"Forgotten Altar","player_choice":"Gave Idol","floor":76,"damage_taken":0},{"event_name":"Falling","player_choice":"Removed Power","floor":87,"damage_taken":0},{"event_name":"Tomb of Lord Red Mask","player_choice":"Paid","floor":88,"damage_taken":0},{"event_name":"SensoryStone","player_choice":"Memory 3","floor":98,"damage_taken":0},{"event_name":"Accursed Blacksmith","player_choice":"Rummage","floor":99,"damage_taken":0},{"event_name":"Golden Wing","player_choice":"Gained Gold","floor":104,"damage_taken":0},{"event_name":"Liars Game","player_choice":"agreed","floor":105,"damage_taken":0},{"event_name":"Living Wall","player_choice":"Grow","floor":106,"damage_taken":0},{"event_name":"The Woman in Blue","player_choice":"Bought 0 Potions","floor":107,"damage_taken":0},{"event_name":"Big Fish","player_choice":"Box","floor":112,"damage_taken":0},{"event_name":"Shining Light","player_choice":"Entered Light","floor":115,"damage_taken":0},{"event_name":"The Joust","player_choice":"Bet on Murderer","floor":129,"damage_taken":0},{"event_name":"Transmorgrifier","player_choice":"Transform","floor":131,"damage_taken":0},{"event_name":"N\u0027loth","player_choice":"Traded a War Paint","floor":133,"damage_taken":0},{"event_name":"MindBloom","player_choice":"Gold","floor":138,"damage_taken":0},{"event_name":"SensoryStone","player_choice":"Memory 3","floor":140,"damage_taken":0},{"event_name":"Accursed Blacksmith","player_choice":"Rummage","floor":141,"damage_taken":0},{"event_name":"Mysterious Sphere","player_choice":"Fight","floor":147,"damage_taken":0}],"boss_relics":[{"not_picked":["Ectoplasm","Fusion Hammer"],"picked":"Cursed Key"},{"not_picked":["Mark of Pain","Coffee Dripper"],"picked":"Runic Cube"},{"not_picked":["Runic Pyramid","Astrolabe"],"picked":"White Beast Statue"},{"not_picked":["MetallicRebirth"],"picked":"Accursed"},{"not_picked":["GraspOfShadows"],"picked":"TwistingMind"},{"not_picked":["VoidEssence"],"picked":"GraspOfShadows"},{"not_picked":["GraspOfShadows"],"picked":"VoidEssence"},{"not_picked":["GraspOfShadows"],"picked":"TwistingMind"}],"items_purged_floors":[139],"is_endless":true,"potions_floor_spawned":[8,11,16,23,33,40,42,46,48,52,53,54,56,56,64,67,69,72,75,77,79,80,82,84,86,89,90,91,93,94,95,97,101,103,110,111,114,116,118,120,121,122,124,126,128,130,135,137,143,145,147],"seed_played":"3843578884070831595","killed_by":"Transient","ascension_level":0,"potions_obtained":[{"floor":8,"key":"Energy Potion"},{"floor":11,"key":"FearPotion"},{"floor":16,"key":"EssenceOfSteel"},{"floor":23,"key":"Ancient Potion"},{"floor":33,"key":"GamblersBrew"},{"floor":40,"key":"FearPotion"},{"floor":42,"key":"SteroidPotion"},{"floor":46,"key":"SpeedPotion"},{"floor":48,"key":"Regen Potion"},{"floor":52,"key":"Ancient Potion"},{"floor":53,"key":"Fire Potion"},{"floor":56,"key":"EntropicBrew"},{"floor":56,"key":"Fire Potion"},{"floor":64,"key":"Weak Potion"},{"floor":67,"key":"Energy Potion"},{"floor":69,"key":"Strength Potion"},{"floor":72,"key":"GamblersBrew"},{"floor":75,"key":"AttackPotion"},{"floor":77,"key":"BloodPotion"},{"floor":79,"key":"SmokeBomb"},{"floor":80,"key":"LiquidBronze"},{"floor":84,"key":"Block Potion"},{"floor":86,"key":"FearPotion"},{"floor":89,"key":"Dexterity Potion"},{"floor":90,"key":"SteroidPotion"},{"floor":91,"key":"Poison Potion"},{"floor":93,"key":"Energy Potion"},{"floor":94,"key":"SpeedPotion"},{"floor":95,"key":"Weak Potion"},{"floor":101,"key":"GamblersBrew"},{"floor":103,"key":"PowerPotion"},{"floor":110,"key":"Dexterity Potion"},{"floor":116,"key":"Fire Potion"},{"floor":118,"key":"PowerPotion"},{"floor":120,"key":"Poison Potion"},{"floor":121,"key":"FearPotion"},{"floor":122,"key":"Block Potion"},{"floor":124,"key":"EssenceOfSteel"},{"floor":126,"key":"Weak Potion"},{"floor":128,"key":"LiquidBronze"},{"floor":130,"key":"FearPotion"},{"floor":135,"key":"LiquidBronze"},{"floor":137,"key":"Strength Potion"},{"floor":143,"key":"Dexterity Potion"},{"floor":145,"key":"Strength Potion"},{"floor":147,"key":"SpeedPotion"}],"is_trial":false}