{"gold_per_floor":[13,27,43,62,77,77,111,111,111,111,127,127,127,162,162,266,266,279,291,291,291,291,316,328,340,352,364,395,407,437,473,485,602,614,644,656,668,696,718,730],"floor_reached":40,"playtime":1720,"items_purged":[],"score":582,"play_id":"eb267e14-9e70-4000-98e5-7d2fdfc5dc37","local_time":"20190703224029","is_ascension_mode":true,"campfire_choices":[{"data":"Demon Form","floor":6,"key":"SMITH"},{"data":"Flame Barrier","floor":8,"key":"SMITH"},{"floor":10,"key":"RECALL"},{"floor":13,"key":"REST"},{"data":"Anger","floor":15,"key":"SMITH"},{"floor":24,"key":"REST"},{"data":"Double Tap","floor":27,"key":"SMITH"},{"data":"Iron Wave","floor":29,"key":"SMITH"},{"data":"Ghostly Armor","floor":32,"key":"SMITH"}],"neow_cost":"NO_GOLD","seed_source_timestamp":105524595230100,"circlet_count":0,"master_deck":["Strike_R+1","Strike_R+1","Strike_R+1","Strike_R+1","Strike_R+1","Defend_R+1","Defend_R+1","Defend_R+1","Defend_R+1","Bash","Thunderclap","Ghostly Armor+1","Iron Wave+1","Demon Form+1","Flame Barrier+1","Headbutt","Anger+1","Bludgeon","Writhe","Double Tap+1","Feed","Madness","Madness","Rage+1","Parasite"],"relics":["Burning Blood","Incense Burner","Ice Cream","Gremlin Horn","Centennial Puzzle","Lizard Tail","Gambling Chip","MawBank","Pen Nib","Runic Pyramid"],"potions_floor_usage":[3,4,7,14,30,33,33,35,39,40],"damage_taken":[{"damage":2,"enemies":"Small Slimes","floor":1,"turns":4},{"damage":0,"enemies":"Cultist","floor":2,"turns":4},{"damage":12,"enemies":"Jaw Worm","floor":3,"turns":2},{"damage":6,"enemies":"Looter","floor":4,"turns":3},{"damage":2,"enemies":"2 Fungi Beasts","floor":5,"turns":4},{"damage":25,"enemies":"Lagavulin","floor":7,"turns":7},{"damage":1,"enemies":"Large Slime","floor":11,"turns":7},{"damage":5,"enemies":"3 Sentries","floor":14,"turns":4},{"damage":18,"enemies":"Slime Boss","floor":16,"turns":5},{"damage":24,"enemies":"2 Thieves","floor":18,"turns":3},{"damage":22,"enemies":"3 Byrds","floor":19,"turns":6},{"damage":23,"enemies":"Gremlin Leader","floor":23,"turns":7},{"damage":20,"enemies":"Cultist and Chosen","floor":28,"turns":4},{"damage":0,"enemies":"Snecko","floor":30,"turns":2},{"damage":52,"enemies":"Automaton","floor":33,"turns":8},{"damage":23,"enemies":"3 Darklings","floor":35,"turns":3},{"damage":19,"enemies":"Orb Walker","floor":38,"turns":4},{"damage":78,"enemies":"Writhing Mass","floor":39,"turns":10},{"damage":58,"enemies":"Giant Head","floor":40,"turns":6}],"seed_played":"-8211965014464614904","potions_obtained":[{"floor":2,"key":"Fire Potion"},{"floor":3,"key":"Regen Potion"},{"floor":5,"key":"Poison Potion"},{"floor":7,"key":"Block Potion"},{"floor":12,"key":"FairyPotion"},{"floor":12,"key":"Ancient Potion"},{"floor":28,"key":"SteroidPotion"},{"floor":30,"key":"Energy Potion"},{"floor":33,"key":"Strength Potion"},{"floor":38,"key":"Swift Potion"},{"floor":39,"key":"Dexterity Potion"}],"is_trial":false,"path_per_floor":["M","M","M","M","M","R","E","R","T","R","M","?","R","E","R","B",null,"M","M","?","?","?","E","R","?","T","R","M","R","M","T","R","B",null,"M","?","?","M","M","E"],"character_chosen":"IRONCLAD","items_purchased":[],"campfire_rested":2,"item_purchase_floors":[],"current_hp_per_floor":[76,80,74,79,80,80,61,61,61,61,66,66,80,80,80,68,77,59,43,43,69,69,52,76,76,76,76,62,62,68,68,68,22,66,52,52,42,32,29,0],"gold":730,"neow_bonus":"ONE_RARE_RELIC","is_prod":false,"is_daily":false,"chose_seed":false,"campfire_upgraded":6,"win_rate":0,"timestamp":1562208029,"path_taken":["M","M","M","M","M","R","E","R","T","R","M","?","R","E","R","BOSS","M","?","?","?","?","E","R","?","T","R","M","R","M","?","R","BOSS","M","?","?","M","M","E"],"build_version":"2019-06-30","purchased_purges":0,"victory":false,"max_hp_per_floor":[80,80,80,80,80,80,80,80,80,80,80,80,80,80,80,80,80,80,80,80,80,80,80,80,80,80,80,80,80,80,80,80,80,80,83,83,83,86,86,86],"card_choices":[{"not_picked":["Intimidate","Dropkick"],"picked":"Thunderclap","floor":1},{"not_picked":["Reckless Charge","Perfected Strike"],"picked":"Ghostly Armor","floor":2},{"not_picked":["Battle Trance","Sever Soul"],"picked":"Iron Wave","floor":3},{"not_picked":["Clothesline","Pommel Strike","Havoc"],"picked":"SKIP","floor":4},{"not_picked":["Armaments","Power Through"],"picked":"Demon Form","floor":5},{"not_picked":["Clash","Body Slam"],"picked":"Flame Barrier","floor":7},{"not_picked":["Metallicize","Shrug It Off"],"picked":"Headbutt","floor":11},{"not_picked":["Thunderclap","Armaments"],"picked":"Anger","floor":14},{"not_picked":["Berserk","Brutality"],"picked":"Bludgeon","floor":16},{"not_picked":["Hemokinesis","Headbutt","Pommel Strike+1"],"picked":"SKIP","floor":18},{"not_picked":["Sword Boomerang","True Grit","Heavy Blade"],"picked":"SKIP","floor":19},{"not_picked":["Wild Strike","Dropkick"],"picked":"Double Tap","floor":23},{"not_picked":["Searing Blow","Clash","Sword Boomerang"],"picked":"SKIP","floor":28},{"not_picked":["Thunderclap","Armaments","Shrug It Off"],"picked":"SKIP","floor":30},{"not_picked":["Bludgeon","Double Tap"],"picked":"Feed","floor":33},{"not_picked":["Anger+1","Ghostly Armor","Pommel Strike+1"],"picked":"SKIP","floor":35},{"not_picked":["Anger","Wild Strike"],"picked":"Rage+1","floor":38},{"not_picked":["Clash","Hemokinesis+1","Warcry+1"],"picked":"SKIP","floor":39}],"player_experience":1178916,"relics_obtained":[{"floor":7,"key":"Ice Cream"},{"floor":9,"key":"Gremlin Horn"},{"floor":14,"key":"Centennial Puzzle"},{"floor":23,"key":"MawBank"},{"floor":31,"key":"Pen Nib"}],"event_choices":[{"damage_healed":0,"gold_gain":0,"player_choice":"Got Potions","damage_taken":0,"max_hp_gain":0,"max_hp_loss":0,"event_name":"Lab","floor":12,"gold_loss":0},{"damage_healed":0,"gold_gain":0,"player_choice":"Opened","damage_taken":0,"relics_obtained":["Gambling Chip"],"max_hp_gain":0,"max_hp_loss":0,"event_name":"The Mausoleum","floor":20,"gold_loss":0,"cards_obtained":["Writhe"]},{"damage_healed":26,"gold_gain":0,"player_choice":"Heal","damage_taken":0,"max_hp_gain":0,"max_hp_loss":0,"event_name":"The Library","floor":21,"gold_loss":0},{"damage_healed":0,"gold_gain":0,"player_choice":"Ignored","damage_taken":0,"max_hp_gain":0,"max_hp_loss":0,"event_name":"Vampires","floor":22,"gold_loss":0},{"damage_healed":0,"gold_gain":0,"player_choice":"Simplicity","damage_taken":0,"max_hp_gain":0,"max_hp_loss":0,"event_name":"Back to Basics","floor":25,"gold_loss":0,"cards_upgraded":["Strike_R","Strike_R","Strike_R","Strike_R","Strike_R","Defend_R","Defend_R","Defend_R","Defend_R"]},{"damage_healed":0,"gold_gain":0,"player_choice":"Ignored","damage_taken":0,"max_hp_gain":0,"max_hp_loss":0,"event_name":"Tomb of Lord Red Mask","floor":36,"gold_loss":0},{"damage_healed":0,"gold_gain":0,"player_choice":"Embrace Madness","damage_taken":10,"max_hp_gain":0,"max_hp_loss":0,"event_name":"Winding Halls","floor":37,"gold_loss":0,"cards_obtained":["Madness","Madness"]}],"is_beta":true,"boss_relics":[{"not_picked":["Philosopher\u0027s Stone","Orrery"],"picked":"Lizard Tail"},{"not_picked":["Black Blood","Astrolabe"],"picked":"Runic Pyramid"}],"items_purged_floors":[],"is_endless":false,"potions_floor_spawned":[2,3,5,7,28,30,33,38,39],"killed_by":"Giant Head","ascension_level":8}