{"gold_per_floor":[110,110,123,137,151,183,199,199,199,199,199,217,235,265,265,368,368,378,389,400,11,11,11,111,142,227,239,262,274,299,329,341,450,462,490,513,280,280,300,300,320,3,3,18,46,46,46,46,46,46],"floor_reached":50,"playtime":4866,"items_purged":["Strike_R","Strike_R","Strike_R"],"score":581,"play_id":"b71f0c30-c327-4c85-b6c5-5bf8ee595736","local_time":"20190330163610","is_ascension_mode":true,"campfire_choices":[{"data":"Uppercut","floor":8,"key":"SMITH"},{"data":"Bash","floor":10,"key":"SMITH"},{"floor":15,"key":"REST"},{"data":"Clothesline","floor":23,"key":"SMITH"},{"floor":27,"key":"REST"},{"data":"Evolve","floor":29,"key":"SMITH"},{"floor":32,"key":"REST"},{"data":"Armaments","floor":40,"key":"SMITH"},{"data":"Exhume","floor":47,"key":"SMITH"},{"data":"Flex","floor":49,"key":"SMITH"}],"neow_cost":"NONE","seed_source_timestamp":847317683050126,"circlet_count":0,"master_deck":["Defend_R","Defend_R","Defend_R","Defend_R","Bash+1","Evolve+1","Uppercut+1","Headbutt","True Grit","Thunderclap","Wild Strike","Flex+1","Double Tap","Exhume+1","Pommel Strike+1","Inflame","Clothesline+1","Offering","Master of Strategy","Battle Trance+1","Intimidate","Dropkick","Armaments+1","Spot Weakness+1","Whirlwind+1","True Grit","Writhe"],"relics":["Burning Blood","NeowsBlessing","Mercury Hourglass","FaceOfCleric","Meat on the Bone","Mark of Pain","MawBank","Darkstone Periapt","Sozu","PreservedInsect","Lee\u0027s Waffle","Molten Egg 2","Du-Vu Doll"],"potions_floor_usage":[6,6,16,16,28,33,33,33],"damage_taken":[{"damage":0,"enemies":"Cultist","floor":1,"turns":1},{"damage":0,"enemies":"2 Louse","floor":3,"turns":1},{"damage":0,"enemies":"Jaw Worm","floor":4,"turns":1},{"damage":9,"enemies":"Blue Slaver","floor":5,"turns":4},{"damage":12,"enemies":"Gremlin Nob","floor":6,"turns":3},{"damage":5,"enemies":"Gremlin Gang","floor":7,"turns":5},{"damage":2,"enemies":"3 Louse","floor":12,"turns":2},{"damage":4,"enemies":"Red Slaver","floor":13,"turns":3},{"damage":39,"enemies":"Lagavulin","floor":14,"turns":6},{"damage":55,"enemies":"The Guardian","floor":16,"turns":13},{"damage":23,"enemies":"3 Byrds","floor":18,"turns":5},{"damage":17,"enemies":"Spheric Guardian","floor":19,"turns":4},{"damage":15,"enemies":"Snake Plant","floor":20,"turns":3},{"damage":48,"enemies":"Gremlin Leader","floor":25,"turns":5},{"damage":1,"enemies":"Snecko","floor":28,"turns":3},{"damage":6,"enemies":"Cultist and Chosen","floor":30,"turns":4},{"damage":13,"enemies":"Snake Plant","floor":31,"turns":4},{"damage":72,"enemies":"Automaton","floor":33,"turns":11},{"damage":6,"enemies":"3 Shapes","floor":35,"turns":4},{"damage":30,"enemies":"3 Darklings","floor":36,"turns":6},{"damage":18,"enemies":"4 Shapes","floor":39,"turns":4},{"damage":6,"enemies":"Transient","floor":41,"turns":5},{"damage":31,"enemies":"3 Darklings","floor":44,"turns":4},{"damage":21,"enemies":"Nemesis","floor":45,"turns":3},{"damage":102,"enemies":"Awakened One","floor":50,"turns":7}],"seed_played":"-1187501234830508547","potions_obtained":[{"floor":1,"key":"Energy Potion"},{"floor":3,"key":"SteroidPotion"},{"floor":7,"key":"Dexterity Potion"},{"floor":13,"key":"SneckoOil"},{"floor":14,"key":"SpeedPotion"},{"floor":20,"key":"Weak Potion"},{"floor":28,"key":"EssenceOfSteel"},{"floor":30,"key":"BloodPotion"}],"is_trial":false,"path_per_floor":["M","?","M","M","M","E","M","R","T","R","?","M","M","E","R","B",null,"M","M","M","$","?","R","?","E","T","R","M","R","M","M","R","B",null,"M","M","$","?","M","R","M","$","T","M","E","?","R","?","R","B"],"character_chosen":"IRONCLAD","items_purchased":["Offering","Master of Strategy","PreservedInsect","Lee\u0027s Waffle"],"campfire_rested":3,"item_purchase_floors":[21,21,37,42],"current_hp_per_floor":[80,80,80,80,77,71,72,72,72,72,72,77,80,48,72,36,84,68,58,62,62,62,62,62,33,33,59,65,65,66,60,87,43,92,93,70,70,70,59,59,60,103,103,79,65,97,97,97,97,0],"gold":46,"neow_bonus":"THREE_ENEMY_KILL","is_prod":false,"is_daily":false,"chose_seed":false,"campfire_upgraded":7,"win_rate":0,"timestamp":1553978170,"path_taken":["M","?","M","?","M","E","M","R","T","R","?","?","M","E","R","BOSS","M","M","M","$","?","R","?","E","T","R","M","R","M","M","R","BOSS","M","?","$","?","M","R","M","$","T","?","E","?","R","?","R","BOSS"],"build_version":"2019-01-23","purchased_purges":3,"victory":false,"max_hp_per_floor":[80,80,80,80,80,80,80,80,80,80,80,81,82,83,83,84,84,85,86,87,87,87,87,87,88,88,88,89,89,90,91,91,92,92,93,94,94,94,95,95,96,103,103,104,105,111,111,111,111,111],"card_choices":[{"not_picked":["Infernal Blade","Corruption"],"picked":"Evolve","floor":1},{"not_picked":["Iron Wave","Clash"],"picked":"Uppercut","floor":3},{"not_picked":["Iron Wave","Havoc"],"picked":"Headbutt","floor":4},{"not_picked":["Metallicize","Disarm"],"picked":"True Grit","floor":5},{"not_picked":["Rupture","Fire Breathing","Anger"],"picked":"SKIP","floor":6},{"not_picked":["Dual Wield","Warcry"],"picked":"Thunderclap","floor":7},{"not_picked":["Seeing Red","Body Slam"],"picked":"Wild Strike","floor":12},{"not_picked":["Cleave","Body Slam"],"picked":"Flex","floor":13},{"not_picked":["Havoc","Body Slam"],"picked":"Double Tap","floor":14},{"not_picked":["Barricade","Double Tap"],"picked":"Exhume","floor":16},{"not_picked":["Flex","Sentinel"],"picked":"Pommel Strike+1","floor":18},{"not_picked":["Blood for Blood","Pommel Strike"],"picked":"Inflame","floor":19},{"not_picked":["Twin Strike","Heavy Blade"],"picked":"Clothesline","floor":20},{"not_picked":["Wild Strike","Twin Strike"],"picked":"Battle Trance+1","floor":25},{"not_picked":["Inflame","Body Slam","Perfected Strike"],"picked":"SKIP","floor":28},{"not_picked":["Sword Boomerang","Clash+1"],"picked":"Intimidate","floor":30},{"not_picked":["Entrench+1","Bloodletting"],"picked":"Dropkick","floor":31},{"not_picked":["Pummel","Fire Breathing+1"],"picked":"Armaments","floor":35},{"not_picked":["Clothesline+1","Entrench+1","Pummel"],"picked":"SKIP","floor":36},{"not_picked":["Blood for Blood","Sword Boomerang"],"picked":"Spot Weakness+1","floor":39},{"not_picked":["Sword Boomerang","Evolve"],"picked":"Whirlwind+1","floor":41},{"not_picked":["Anger+1","Clothesline+1","Heavy Blade+1"],"picked":"SKIP","floor":44},{"not_picked":["Twin Strike+1","Anger+1"],"picked":"True Grit","floor":45}],"player_experience":93783,"relics_obtained":[{"floor":6,"key":"Mercury Hourglass"},{"floor":14,"key":"Meat on the Bone"},{"floor":25,"key":"MawBank"},{"floor":26,"key":"Darkstone Periapt"},{"floor":43,"key":"Molten Egg 2"},{"floor":45,"key":"Du-Vu Doll"}],"event_choices":[{"cards_removed":["Strike_R"],"damage_healed":0,"gold_gain":0,"player_choice":"Purged","damage_taken":0,"max_hp_gain":0,"max_hp_loss":0,"event_name":"Purifier","floor":2,"gold_loss":0},{"damage_healed":0,"gold_gain":0,"player_choice":"Trade","damage_taken":0,"relics_obtained":["FaceOfCleric"],"max_hp_gain":0,"max_hp_loss":0,"event_name":"FaceTrader","floor":11,"gold_loss":0},{"cards_removed":["Strike_R"],"damage_healed":0,"gold_gain":0,"player_choice":"Elegance","damage_taken":0,"max_hp_gain":0,"max_hp_loss":0,"event_name":"Back to Basics","floor":22,"gold_loss":0},{"damage_healed":0,"gold_gain":100,"player_choice":"Pray","damage_taken":0,"max_hp_gain":0,"max_hp_loss":0,"event_name":"Golden Shrine","floor":24,"gold_loss":0},{"damage_healed":0,"gold_gain":0,"player_choice":"Got Potions","damage_taken":0,"max_hp_gain":0,"max_hp_loss":0,"event_name":"Lab","floor":38,"gold_loss":0},{"damage_healed":26,"gold_gain":0,"player_choice":"Writhe","damage_taken":0,"max_hp_gain":0,"max_hp_loss":0,"event_name":"Winding Halls","floor":46,"gold_loss":0,"cards_obtained":["Writhe"]},{"damage_healed":0,"gold_gain":0,"player_choice":"Ignored","damage_taken":0,"max_hp_gain":0,"max_hp_loss":0,"event_name":"SecretPortal","floor":48,"gold_loss":0}],"is_beta":false,"boss_relics":[{"not_picked":["Runic Dome","Tiny House"],"picked":"Mark of Pain"},{"not_picked":["White Beast Statue","Pandora\u0027s Box"],"picked":"Sozu"}],"items_purged_floors":[21,37,42],"is_endless":false,"potions_floor_spawned":[1,3,7,13,14,20,28,30,31,36,39,45],"killed_by":"Awakened One","ascension_level":1}