{"path_per_floor":["M","M","M","M","?","M","R","M","T","M","M","?","M","M","R","B",null,"M","?","$","M","M","R","?","M","T","M"],"character_chosen":"IRONCLAD","items_purchased":["Mercury Hourglass","War Paint"],"gold_per_floor":[118,129,141,160,160,174,174,194,220,240,259,259,279,297,297,418,418,436,436,37,62,86,86,11,31,31,49],"floor_reached":28,"campfire_rested":1,"playtime":1557,"current_hp_per_floor":[63,64,70,68,50,49,70,68,68,71,64,64,63,70,70,16,72,72,72,72,72,59,59,59,35,35,38],"items_purged":[],"gold":49,"score":246,"play_id":"981ff116-9137-4297-b690-4855d6f47f47","local_time":"20180309152112","is_prod":false,"is_daily":false,"is_ascension_mode":false,"campfire_upgraded":2,"timestamp":1520626872,"path_taken":["M","M","M","M","?","?","R","M","T","M","M","?","M","M","R","BOSS","M","?","$","M","M","R","?","M","T","M","E"],"build_version":"2018-03-01-PROD1","purchased_purges":0,"victory":false,"master_deck":["Defend_R","Defend_R","Defend_R+1","Defend_R","Bash","Bludgeon+1","Body Slam","Ghostly Armor+1","Body Slam","Iron Wave","Exhume","Headbutt","Entrench+1","Pommel Strike","Power Through","Impervious","Decay","Decay","Cleave+1","Bite+1","Bite","Bite","Bite","Bite","Bloodletting+1","Clash+1","Exhume","Wild Strike+1"],"max_hp_per_floor":[72,72,72,72,72,72,72,72,72,72,72,72,72,72,72,72,72,72,72,72,72,72,72,72,72,72,72],"relics":["Burning Blood","Bird Faced Urn","Golden Idol","Calling Bell","Ice Cream","Art of War","Bronze Scales","Mercury Hourglass","War Paint","Dead Branch"],"card_choices":[{"not_picked":["Evolve","Pommel Strike"],"picked":"Bludgeon"},{"not_picked":["Clash","Combust"],"picked":"Body Slam"},{"not_picked":["Havoc","Iron Wave"],"picked":"Ghostly Armor"},{"not_picked":["True Grit","Sword Boomerang"],"picked":"Body Slam"},{"not_picked":["Clothesline","Heavy Blade"],"picked":"Iron Wave"},{"not_picked":["Clash","Infernal Blade"],"picked":"Exhume"},{"not_picked":["Body Slam","Wild Strike"],"picked":"Headbutt"},{"not_picked":["Metallicize","Headbutt"],"picked":"Entrench"},{"not_picked":["Feel No Pain","Anger"],"picked":"Pommel Strike"},{"not_picked":["Dropkick","Pummel"],"picked":"Power Through"},{"not_picked":["Feed","Immolate"],"picked":"Impervious"},{"not_picked":["Headbutt","Shrug It Off"],"picked":"Cleave"},{"not_picked":["Warcry","Anger"],"picked":"Bloodletting"},{"not_picked":["Perfected Strike","Warcry"],"picked":"Clash"},{"not_picked":["Whirlwind","Fire Breathing"],"picked":"Exhume"},{"not_picked":["Fire Breathing","Whirlwind"],"picked":"Wild Strike"}],"player_experience":372124,"potions_floor_usage":[3,10,16,16,16,21,27],"damage_taken":[{"damage":15,"enemies":"Jaw Worm","floor":1,"turns":6},{"damage":5,"enemies":"2 Louse","floor":2,"turns":2},{"damage":0,"enemies":"Cultist","floor":3,"turns":2},{"damage":8,"enemies":"3 Louse","floor":4,"turns":7},{"damage":7,"enemies":"Looter","floor":6,"turns":4},{"damage":8,"enemies":"2 Fungi Beasts","floor":8,"turns":3},{"damage":5,"enemies":"3 Louse","floor":10,"turns":4},{"damage":14,"enemies":"Blue Slaver","floor":11,"turns":3},{"damage":9,"enemies":"2 Fungi Beasts","floor":13,"turns":3},{"damage":1,"enemies":"Large Slime","floor":14,"turns":5},{"damage":74,"enemies":"Hexaghost","floor":16,"turns":13},{"damage":2,"enemies":"Spheric Guardian","floor":18,"turns":4},{"damage":2,"enemies":"Chosen","floor":21,"turns":4},{"damage":22,"enemies":"Centurion and Healer","floor":22,"turns":5},{"damage":39,"enemies":"Slaver and Parasite","floor":25,"turns":5},{"damage":5,"enemies":"Chosen and Byrds","floor":27,"turns":5},{"damage":46,"enemies":"Slavers","floor":28,"turns":3}],"event_choices":[{"event_name":"Golden Idol","player_choice":"Take Damage","floor":5,"damage_taken":0},{"event_name":"Living Wall","player_choice":"Grow","floor":12,"damage_taken":0},{"event_name":"Vampires","player_choice":"Became a vampire (Vial)","floor":19,"damage_taken":0},{"event_name":"Beggar","player_choice":"Gave Gold","floor":24,"damage_taken":0}],"boss_relics":[{"not_picked":["Runic Pyramid","Black Star"],"picked":"Calling Bell"}],"potions_floor_spawned":[2,4,6,11,14,18,25],"seed_played":"-88253011143136551","killed_by":"Slavers","ascension_level":0,"is_trial":false}