{"gold_per_floor":[114,114,14,24,24,59,59,87,110,110,125,125,136,147,147,248,248,268,268,183,183,183,183,183],"floor_reached":24,"playtime":1413,"items_purged":["Defend_G"],"score":341,"play_id":"3c56aa6a-fbee-4657-b1ce-9267502a6232","local_time":"20190627230526","is_ascension_mode":true,"campfire_choices":[{"data":"Neutralize","floor":7.0,"key":"SMITH"},{"data":"Dash","floor":12.0,"key":"SMITH"},{"floor":15,"key":"REST"},{"data":"Storm of Steel","floor":23,"key":"SMITH"}],"neow_cost":"NONE","seed_source_timestamp":6302354842193659,"circlet_count":0,"master_deck":["AscendersBane","Defend_G","Defend_G","Defend_G","Defend_G","Strike_G","Strike_G","Survivor","Neutralize+1","Dash+1","Backflip","Cloak And Dagger","Blade Dance","A Thousand Cuts","Acrobatics","Storm of Steel+1","Blur+1","Malaise","Heel Hook"],"special_seed":0,"relics":["Ring of the Snake","NeowsBlessing","Juzu Bracelet","Lantern","Eternal Feather","Mango","Nloth\u0027s Gift"],"potions_floor_usage":[16,16,16],"damage_taken":[{"damage":0.0,"enemies":"2 Louse","floor":1.0,"turns":1.0},{"damage":0.0,"enemies":"Cultist","floor":4.0,"turns":1.0},{"damage":0.0,"enemies":"3 Sentries","floor":6.0,"turns":1.0},{"damage":24.0,"enemies":"Lagavulin","floor":8.0,"turns":16.0},{"damage":0.0,"enemies":"Jaw Worm","floor":11.0,"turns":2.0},{"damage":5,"enemies":"Large Slime","floor":13,"turns":8},{"damage":0,"enemies":"2 Fungi Beasts","floor":14,"turns":2},{"damage":32,"enemies":"Hexaghost","floor":16,"turns":16},{"damage":27,"enemies":"Shell Parasite","floor":18,"turns":8},{"damage":49,"enemies":"Gremlin Leader","floor":24,"turns":4}],"seed_played":"-356874494267839418","potions_obtained":[{"floor":6.0,"key":"Swift Potion"},{"floor":11.0,"key":"Regen Potion"},{"floor":13,"key":"Energy Potion"},{"floor":16,"key":"Fire Potion"}],"is_trial":false,"path_per_floor":["M","?","$","M","$","E","R","E","T","?","M","R","M","M","R","B",null,"M","?","?","?","?","R","E"],"character_chosen":"THE_SILENT","items_purchased":["Backflip"],"campfire_rested":1,"item_purchase_floors":[3],"current_hp_per_floor":[63,63,63,63,63,63,63,39,39,39,39,39,34,34,55,23,58,31,31,45,37,37,46,0],"gold":183,"neow_bonus":"THREE_ENEMY_KILL","is_prod":false,"is_daily":false,"chose_seed":false,"campfire_upgraded":3,"win_rate":0,"timestamp":1561694726,"path_taken":["M","?","?","M","$","E","R","E","T","?","M","R","M","M","R","BOSS","M","?","?","?","?","R","E"],"build_version":"2019-01-23","purchased_purges":1,"victory":false,"max_hp_per_floor":[70,70,70,70,70,70,70,70,70,70,70,70,70,70,70,70,70,70,70,84,84,84,84,84],"card_choices":[{"not_picked":["Deflect","Poisoned Stab"],"picked":"Dash","floor":1.0},{"not_picked":["Prepared","Poisoned Stab"],"picked":"Cloak And Dagger","floor":4.0},{"not_picked":["Flying Knee","Calculated Gamble","Skewer"],"picked":"SKIP","floor":6.0},{"not_picked":["Caltrops","Distraction"],"picked":"Blade Dance","floor":8.0},{"not_picked":["Dagger Spray","Sucker Punch","Tactician"],"picked":"SKIP","floor":11.0},{"not_picked":["Poisoned Stab","Backstab"],"picked":"A Thousand Cuts","floor":13},{"not_picked":["Distraction","Concentrate"],"picked":"Acrobatics","floor":14},{"not_picked":["Bullet Time","Envenom"],"picked":"Storm of Steel","floor":16},{"not_picked":["Caltrops","Well Laid Plans+1"],"picked":"Blur+1","floor":18}],"player_experience":214402,"relics_obtained":[{"floor":6.0,"key":"Bag of Marbles"},{"floor":8.0,"key":"Juzu Bracelet"},{"floor":9.0,"key":"Lantern"}],"event_choices":[{"cards_removed":["Strike_G"],"damage_healed":0.0,"max_hp_gain":0.0,"max_hp_loss":0.0,"gold_gain":0.0,"event_name":"Purifier","player_choice":"Purged","floor":2.0,"gold_loss":0.0,"damage_taken":0.0},{"damage_healed":0.0,"max_hp_gain":0.0,"max_hp_loss":0.0,"gold_gain":0.0,"event_name":"Liars Game","player_choice":"Ignored","floor":10.0,"gold_loss":0.0,"damage_taken":0.0},{"damage_healed":0,"gold_gain":0,"cards_transformed":["Strike_G","Strike_G"],"player_choice":"Became Test Subject","damage_taken":0,"max_hp_gain":0,"max_hp_loss":0,"event_name":"Drug Dealer","floor":19,"gold_loss":0,"cards_obtained":["Malaise","Heel Hook"]},{"damage_healed":0,"gold_gain":0,"player_choice":"Obtained Relic","damage_taken":0,"relics_obtained":["Mango"],"max_hp_gain":0,"max_hp_loss":0,"event_name":"Addict","floor":20,"gold_loss":85},{"damage_healed":0,"gold_gain":0,"player_choice":"","damage_taken":8,"max_hp_gain":0,"max_hp_loss":0,"event_name":"Knowing Skull","floor":21,"potions_obtained":[],"gold_loss":0,"cards_obtained":[]},{"damage_healed":0,"gold_gain":0,"player_choice":"Traded Relic","damage_taken":0,"relics_obtained":["Nloth\u0027s Gift"],"max_hp_gain":0,"max_hp_loss":0,"event_name":"N\u0027loth","floor":22,"relics_lost":["Bag of Marbles"],"gold_loss":0}],"is_beta":false,"boss_relics":[{"not_picked":["Black Star","Fusion Hammer"],"picked":"Eternal Feather"}],"items_purged_floors":[3],"is_endless":false,"potions_floor_spawned":[6,11,13,16],"killed_by":"Gremlin Leader","ascension_level":10}