{"gold_per_floor":[114,114,126,137,14,45,45,45,72,102,102,114,126,142,142,238,238,254,254,60,60,60,60,60,85,111,145,162,162,179,199,199,296,296,313,331,348,348,362,362,362,362,387,400,135,154,2,21,21,21],"floor_reached":51,"playtime":4506,"items_purged":["Strike_R"],"score":724,"play_id":"b5c1257a-5740-4648-8e34-2585cb199be1","local_time":"20190616175850","is_ascension_mode":false,"campfire_choices":[{"floor":7,"key":"REST"},{"data":"True Grit","floor":11,"key":"SMITH"},{"data":"Bash","floor":15,"key":"SMITH"},{"data":"Brutality","floor":23,"key":"SMITH"},{"data":"Seeing Red","floor":29,"key":"SMITH"},{"data":"Corruption","floor":32,"key":"SMITH"},{"data":"Dark Embrace","floor":40,"key":"SMITH"},{"data":"Searing Blow+2","floor":42,"key":"SMITH"},{"data":"Seeing Red","floor":49,"key":"SMITH"}],"neow_cost":"NONE","seed_source_timestamp":337270576711446,"circlet_count":0,"master_deck":["Defend_R","Defend_R","Defend_R","Defend_R","Bash+1","Sentinel","Searing Blow+3","Inflame","Cleave","Feel No Pain","True Grit+1","Shockwave+1","Seeing Red+1","Battle Trance","Flex","Brutality+1","Havoc+1","Warcry","Pummel","Bite","Bite","Bite","Bite","Bite","Heavy Blade+1","Intimidate+1","Blood for Blood+1","Impervious","Corruption+1","Dark Embrace+1","Inflame","Reckless Charge+1","Disarm+1","Madness","Madness","Ghostly Armor+1","Bloodletting","Seeing Red+1","Corruption+1","Burning Pact+1"],"relics":["Burning Blood","Ancient Tea Set","Bag of Marbles","Pear","Runic Cube","Prayer Wheel","Orichalcum","Charon\u0027s Ashes","Mark of Pain","Centennial Puzzle","OrangePellets","Omamori"],"potions_floor_usage":[6,13,16,16,27,30,33,50,50,50],"damage_taken":[{"damage":11,"enemies":"Jaw Worm","floor":1,"turns":4},{"damage":6,"enemies":"Cultist","floor":3,"turns":3},{"damage":5,"enemies":"2 Louse","floor":4,"turns":4},{"damage":29,"enemies":"Gremlin Nob","floor":6,"turns":5},{"damage":20,"enemies":"3 Sentries","floor":10,"turns":7},{"damage":0,"enemies":"Exordium Wildlife","floor":12,"turns":1},{"damage":0,"enemies":"Looter","floor":13,"turns":2},{"damage":0,"enemies":"2 Fungi Beasts","floor":14,"turns":4},{"damage":82,"enemies":"Hexaghost","floor":16,"turns":13},{"damage":19,"enemies":"3 Byrds","floor":18,"turns":5},{"damage":40,"enemies":"Book of Stabbing","floor":25,"turns":6},{"damage":33,"enemies":"Slavers","floor":27,"turns":5},{"damage":6,"enemies":"Chosen","floor":28,"turns":3},{"damage":6,"enemies":"3 Cultists","floor":30,"turns":3},{"damage":2,"enemies":"Snake Plant","floor":31,"turns":3},{"damage":26,"enemies":"Collector","floor":33,"turns":5},{"damage":5,"enemies":"Orb Walker","floor":35,"turns":3},{"damage":3,"enemies":"3 Shapes","floor":36,"turns":3},{"damage":7,"enemies":"Maw","floor":37,"turns":5},{"damage":11,"enemies":"Sphere and 2 Shapes","floor":39,"turns":4},{"damage":3,"enemies":"4 Shapes","floor":44,"turns":4},{"damage":2,"enemies":"3 Darklings","floor":46,"turns":3},{"damage":9,"enemies":"Spire Growth","floor":48,"turns":4},{"damage":20,"enemies":"Donu and Deca","floor":50,"turns":4}],"seed_played":"1953967132592641991","potions_obtained":[{"floor":4,"key":"Swift Potion"},{"floor":10,"key":"Ancient Potion"},{"floor":12,"key":"Energy Potion"},{"floor":13,"key":"Strength Potion"},{"floor":25,"key":"Ancient Potion"},{"floor":27,"key":"Explosive Potion"},{"floor":30,"key":"SkillPotion"},{"floor":37,"key":"LiquidBronze"},{"floor":44,"key":"Ancient Potion"},{"floor":46,"key":"Energy Potion"}],"is_trial":false,"path_per_floor":["M","?","M","M","$","E","R","?","T","E","R","M","M","M","R","B",null,"M","?","$","?","?","R","?","E","T","E","M","R","M","M","R","B",null,"M","M","M","?","M","R","?","R","T","M","$","M","$","M","R","B",null],"character_chosen":"IRONCLAD","items_purchased":["Feel No Pain","True Grit","Warcry","Pummel","OrangePellets","Seeing Red","Omamori"],"campfire_rested":1,"item_purchase_floors":[5,5,20,20,45,45,47],"current_hp_per_floor":[75,75,75,76,76,53,77,61,61,59,59,67,75,83,83,9,90,77,77,77,77,77,77,77,63,63,46,54,54,60,68,68,54,90,90,90,90,79,82,82,82,82,82,90,90,90,90,89,89,87],"gold":21,"neow_bonus":"RANDOM_COMMON_RELIC","is_prod":false,"is_daily":false,"chose_seed":false,"campfire_upgraded":8,"win_rate":0,"timestamp":1560722330,"path_taken":["M","?","M","M","?","E","R","?","T","E","R","?","M","M","R","BOSS","M","?","$","?","?","R","?","E","T","E","M","R","M","?","R","BOSS","M","M","M","?","M","R","?","R","T","M","$","M","$","M","R","BOSS"],"build_version":"2019-01-23","purchased_purges":1,"victory":true,"max_hp_per_floor":[80,80,80,80,80,80,80,80,80,90,90,90,90,90,90,90,90,90,90,90,90,90,90,90,90,90,90,90,90,90,90,90,90,90,90,90,90,90,90,90,90,90,90,90,90,90,90,90,90,90],"card_choices":[{"not_picked":["Wild Strike","Flame Barrier"],"picked":"Sentinel","floor":1},{"not_picked":["Armaments","Metallicize"],"picked":"Inflame","floor":3},{"not_picked":["Whirlwind","Intimidate"],"picked":"Cleave","floor":4},{"not_picked":["Flex","Warcry"],"picked":"Shockwave","floor":6},{"not_picked":["Wild Strike","Flame Barrier"],"picked":"Seeing Red","floor":10},{"not_picked":["Iron Wave","Twin Strike","Pommel Strike"],"picked":"SKIP","floor":12},{"not_picked":["Spot Weakness","Blood for Blood"],"picked":"Battle Trance","floor":13},{"not_picked":["Iron Wave","Carnage"],"picked":"Flex","floor":14},{"not_picked":["Barricade","Berserk"],"picked":"Brutality","floor":16},{"not_picked":["Shrug It Off","Hemokinesis"],"picked":"Havoc+1","floor":18},{"not_picked":["Uppercut","Wild Strike"],"picked":"Heavy Blade+1","floor":25},{"not_picked":["Thunderclap","Clash"],"picked":"Intimidate+1","floor":27},{"not_picked":["Anger","Fire Breathing"],"picked":"Blood for Blood+1","floor":28},{"not_picked":["Iron Wave","Clothesline+1","Spot Weakness"],"picked":"SKIP","floor":28},{"not_picked":["Hemokinesis","Rupture"],"picked":"Impervious","floor":30},{"not_picked":["Thunderclap","Sentinel","Heavy Blade"],"picked":"SKIP","floor":30},{"not_picked":["Flex","Clash"],"picked":"Corruption","floor":31},{"not_picked":["Evolve","Perfected Strike","Clash"],"picked":"SKIP","floor":31},{"not_picked":["Limit Break","Exhume"],"picked":"Dark Embrace","floor":33},{"not_picked":["Clothesline","Sword Boomerang"],"picked":"Inflame","floor":35},{"not_picked":["Perfected Strike+1","Clothesline+1","Body Slam"],"picked":"SKIP","floor":35},{"not_picked":["Shrug It Off","Armaments+1"],"picked":"Reckless Charge+1","floor":36},{"not_picked":["Perfected Strike","Battle Trance+1","Body Slam"],"picked":"SKIP","floor":36},{"not_picked":["Feel No Pain+1","Sentinel"],"picked":"Disarm+1","floor":37},{"not_picked":["Feel No Pain+1","Entrench+1","Thunderclap+1"],"picked":"SKIP","floor":37},{"not_picked":["Pommel Strike","Exhume"],"picked":"Ghostly Armor+1","floor":39},{"not_picked":["Twin Strike","Clash+1","Cleave"],"picked":"SKIP","floor":39},{"not_picked":["Twin Strike","Clash+1","Cleave"],"picked":"SKIP","floor":39},{"not_picked":["Iron Wave+1","Seeing Red"],"picked":"Bloodletting","floor":44},{"not_picked":["Whirlwind","Heavy Blade","Clash+1"],"picked":"SKIP","floor":44},{"not_picked":["Ghostly Armor","Impervious"],"picked":"Corruption+1","floor":46},{"not_picked":["Sword Boomerang+1","Spot Weakness+1","Wild Strike"],"picked":"SKIP","floor":46},{"not_picked":["Heavy Blade","Blood for Blood"],"picked":"Burning Pact+1","floor":48},{"not_picked":["Power Through","Body Slam","Seeing Red"],"picked":"SKIP","floor":48}],"player_experience":135711,"relics_obtained":[{"floor":6,"key":"Bag of Marbles"},{"floor":9,"key":"Blood Vial"},{"floor":10,"key":"Pear"},{"floor":25,"key":"Prayer Wheel"},{"floor":26,"key":"Orichalcum"},{"floor":27,"key":"Charon\u0027s Ashes"},{"floor":43,"key":"Centennial Puzzle"}],"event_choices":[{"damage_healed":0,"gold_gain":0,"cards_transformed":["Strike_R"],"player_choice":"Transformed","damage_taken":0,"max_hp_gain":0,"max_hp_loss":0,"event_name":"Transmorgrifier","floor":2,"gold_loss":0,"cards_obtained":["Searing Blow"]},{"damage_healed":0,"gold_gain":0,"player_choice":"Entered Light","damage_taken":16,"max_hp_gain":0,"max_hp_loss":0,"event_name":"Shining Light","floor":8,"gold_loss":0,"cards_upgraded":["Shockwave","Searing Blow"]},{"damage_healed":0,"gold_gain":0,"player_choice":"Ignored","damage_taken":0,"max_hp_gain":0,"max_hp_loss":0,"event_name":"Cursed Tome","floor":19,"gold_loss":0},{"damage_healed":0,"gold_gain":0,"player_choice":"Became a vampire (Vial)","damage_taken":0,"max_hp_gain":0,"max_hp_loss":0,"event_name":"Vampires","floor":21,"relics_lost":["Blood Vial"],"gold_loss":0,"cards_obtained":["Bite","Bite","Bite","Bite","Bite"]},{"damage_healed":0,"gold_gain":0,"player_choice":"Ignored","damage_taken":0,"max_hp_gain":0,"max_hp_loss":0,"event_name":"Beggar","floor":22,"gold_loss":0},{"damage_healed":0,"gold_gain":0,"player_choice":"Ignored","damage_taken":0,"max_hp_gain":0,"max_hp_loss":0,"event_name":"The Mausoleum","floor":24,"gold_loss":0},{"damage_healed":0,"gold_gain":0,"player_choice":"Embrace Madness","damage_taken":11,"max_hp_gain":0,"max_hp_loss":0,"event_name":"Winding Halls","floor":38,"gold_loss":0,"cards_obtained":["Madness","Madness"]},{"damage_healed":0,"gold_gain":0,"player_choice":"Upgraded","damage_taken":0,"max_hp_gain":0,"max_hp_loss":0,"event_name":"Upgrade Shrine","floor":41,"gold_loss":0,"cards_upgraded":["Searing Blow"]}],"is_beta":false,"boss_relics":[{"not_picked":["Orrery","Runic Pyramid"],"picked":"Runic Cube"},{"not_picked":["Fusion Hammer","Runic Dome"],"picked":"Mark of Pain"}],"items_purged_floors":[20],"is_endless":false,"potions_floor_spawned":[4,10,12,13,25,27,30,37,44,46],"ascension_level":0}