{"gold_per_floor":[118,118,68,23,34,34,34,34,34,34,64,64,75,91,91,195,195,212,228,228,228,248,248,278,290,351,378,239,239,271,291,291,394,394,410,410,410,422,438,438,438,438,486,521,521,521,536,546,546,546],"floor_reached":51,"playtime":2717,"items_purged":["Strike_B"],"score":832,"play_id":"eeafc570-d1f1-40f5-918b-ec8051c5d994","local_time":"20180904232800","is_ascension_mode":true,"campfire_choices":[{"data":"Gash","floor":6,"key":"SMITH"},{"data":"Gash","floor":8,"key":"SMITH"},{"data":"Skim","floor":12,"key":"SMITH"},{"data":"Self Repair","floor":15,"key":"SMITH"},{"data":"Beam Cell","floor":23,"key":"SMITH"},{"data":"Beam Cell","floor":29,"key":"SMITH"},{"data":"Reboot","floor":32,"key":"SMITH"},{"floor":40,"key":"DIG"},{"floor":42,"key":"DIG"},{"floor":49,"key":"DIG"}],"neow_cost":"NONE","seed_source_timestamp":721228260421855,"circlet_count":0,"master_deck":["Defend_B+1","Zap","Dualcast","Gash+1","Gash+1","Beam Cell+1","Skim+1","Self Repair+1","Hello World","Machine Learning","Gash","Melter","Self Repair+1","Gash","Beam Cell+1","Doom and Gloom","Redo+1","Reboot+1","Echo Form","Skim+1","Beam Cell+1","Coolheaded","Good Instincts","Master of Strategy","Magnetism","Consume+1","Glacier+1","Leap"],"relics":["Cracked Core","Pocketwatch","Dream Catcher","Lizard Tail","MutagenicStrength","MawBank","War Paint","Bag of Preparation","Empty Cage","Shovel","Cables","The Courier","Regal Pillow","Bag of Marbles","Lantern","Blue Candle"],"potions_floor_usage":[11,14,22,24,30,30,31,37,48,50],"damage_taken":[{"damage":10,"enemies":"Small Slimes","floor":1,"turns":4},{"damage":0,"enemies":"Cultist","floor":5,"turns":3},{"damage":21,"enemies":"Lagavulin","floor":11,"turns":5},{"damage":0,"enemies":"2 Louse","floor":13,"turns":1},{"damage":0,"enemies":"Blue Slaver","floor":14,"turns":2},{"damage":24,"enemies":"The Guardian","floor":16,"turns":11},{"damage":11,"enemies":"Spheric Guardian","floor":18,"turns":3},{"damage":17,"enemies":"Shell Parasite","floor":19,"turns":4},{"damage":24,"enemies":"Snake Plant","floor":22,"turns":3},{"damage":0,"enemies":"Gremlin Leader","floor":24,"turns":5},{"damage":15,"enemies":"Centurion and Healer","floor":27,"turns":4},{"damage":42,"enemies":"Slavers","floor":30,"turns":4},{"damage":0,"enemies":"Snecko","floor":31,"turns":3},{"damage":69,"enemies":"Collector","floor":33,"turns":8},{"damage":16,"enemies":"Orb Walker","floor":35,"turns":2},{"damage":30,"enemies":"Mind Bloom Boss Battle","floor":37,"turns":4},{"damage":32,"enemies":"3 Darklings","floor":38,"turns":3},{"damage":5,"enemies":"Maw","floor":39,"turns":4},{"damage":87,"enemies":"Nemesis","floor":44,"turns":5},{"damage":16,"enemies":"Transient","floor":47,"turns":5},{"damage":8,"enemies":"Reptomancer","floor":48,"turns":5},{"damage":37,"enemies":"Awakened One","floor":50,"turns":11}],"seed_played":"-3095745107836901864","potions_obtained":[{"floor":5,"key":"LiquidBronze"},{"floor":13,"key":"Block Potion"},{"floor":16,"key":"Regen Potion"},{"floor":18,"key":"Ancient Potion"},{"floor":19,"key":"Explosive Potion"},{"floor":27,"key":"Regen Potion"},{"floor":30,"key":"Explosive Potion"},{"floor":33,"key":"FocusPotion"},{"floor":44,"key":"Regen Potion"},{"floor":48,"key":"PowerPotion"}],"is_trial":false,"path_per_floor":["M","?","?","$","M","R","?","R","T","?","E","R","M","M","R","B",null,"M","M","?","?","M","R","E","?","T","M","$","R","E","M","R","B",null,"M","?","?","M","M","R","?","R","T","E","T","?","M","M","R","B"],"character_chosen":"DEFECT","items_purchased":["Gash","Doom and Gloom"],"campfire_rested":0,"item_purchase_floors":[4,28],"current_hp_per_floor":[65,65,65,65,65,65,65,65,65,65,44,44,44,51,51,27,75,74,67,67,67,53,53,73,73,73,75,75,75,62,72,72,23,75,59,59,59,37,62,62,52,52,52,6,6,66,60,61,61,24],"gold":546,"neow_bonus":"REMOVE_CARD","is_prod":false,"is_daily":false,"chose_seed":false,"campfire_upgraded":7,"win_rate":0,"timestamp":1536118080,"path_taken":["M","?","?","$","M","R","?","R","T","?","E","R","M","M","R","BOSS","M","M","?","?","M","R","E","?","T","?","$","R","E","M","R","BOSS","M","?","?","?","?","R","?","R","T","E","?","?","M","M","R","BOSS"],"build_version":"2018-09-03","purchased_purges":1,"victory":true,"max_hp_per_floor":[75,75,75,75,75,75,75,75,75,75,75,75,75,75,75,75,75,75,75,75,75,75,75,75,75,75,75,75,75,75,75,75,75,75,75,75,75,75,75,75,75,75,75,75,75,66,66,66,66,66],"card_choices":[{"not_picked":["Stack","Genetic Algorithm"],"picked":"Gash","floor":1},{"not_picked":["Force Field","Compile Driver","Sweeping Beam"],"picked":"SKIP","floor":5},{"not_picked":["Storm","Tempest"],"picked":"Skim","floor":11},{"not_picked":["Heatsinks","Hologram"],"picked":"Self Repair","floor":13},{"not_picked":["Steam","Rebound"],"picked":"Hello World","floor":14},{"not_picked":["Fission","Electrodynamics"],"picked":"Machine Learning","floor":16},{"not_picked":["Go for the Eyes","Cold Snap"],"picked":"Gash","floor":18},{"not_picked":["Coolheaded","Steam"],"picked":"Melter","floor":19},{"not_picked":["Steam","Compile Driver"],"picked":"Self Repair+1","floor":22},{"not_picked":["Fission","Aggregate"],"picked":"Fusion+1","floor":24},{"not_picked":["Barrage+1","Sweeping Beam"],"picked":"Beam Cell","floor":27},{"not_picked":["Coolheaded","Darkness"],"picked":"Redo+1","floor":30},{"not_picked":["Rebound","Leap"],"picked":"Reboot","floor":31},{"not_picked":["Multi-Cast","Meteor Strike"],"picked":"Echo Form","floor":33},{"not_picked":["Streamline","Rip and Tear+1"],"picked":"Skim+1","floor":35},{"not_picked":["Rebound","Compile Driver"],"picked":"Beam Cell+1","floor":37},{"not_picked":["Skim+1","Tempest+1","Conserve Battery"],"picked":"SKIP","floor":38},{"not_picked":["Ball Lightning","Recycle"],"picked":"Coolheaded","floor":39},{"not_picked":["Forethought","Secret Technique"],"picked":"Good Instincts","floor":41},{"not_picked":["Apotheosis","Good Instincts"],"picked":"Master of Strategy","floor":41},{"not_picked":["HandOfGreed","Swift Strike"],"picked":"Magnetism","floor":41},{"not_picked":["Rip and Tear","Streamline"],"picked":"Consume+1","floor":44},{"not_picked":["Compile Driver","Hello World+1"],"picked":"Glacier+1","floor":47},{"not_picked":["Reinforced Body+1","Steam"],"picked":"Leap","floor":48}],"player_experience":562097,"relics_obtained":[{"floor":9,"key":"Pocketwatch"},{"floor":11,"key":"Dream Catcher"},{"floor":24,"key":"MawBank"},{"floor":26,"key":"War Paint"},{"floor":30,"key":"Bag of Preparation"},{"floor":37,"key":"Shovel"},{"floor":40,"key":"Cables"},{"floor":42,"key":"The Courier"},{"floor":43,"key":"Regal Pillow"},{"floor":44,"key":"Bag of Marbles"},{"floor":45,"key":"Lantern"},{"floor":49,"key":"Blue Candle"}],"event_choices":[{"event_name":"Bonfire Elementals","player_choice":"BASIC","floor":2,"damage_taken":0},{"event_name":"The Cleric","player_choice":"Card Removal","floor":3,"damage_taken":0},{"event_name":"Living Wall","player_choice":"Change","floor":7,"damage_taken":0},{"event_name":"Liars Game","player_choice":"disagreed","floor":10,"damage_taken":0},{"event_name":"Back to Basics","player_choice":"Elegance","floor":20,"damage_taken":0},{"event_name":"Drug Dealer","player_choice":"Inject Mutagens","floor":21,"damage_taken":0},{"event_name":"The Library","player_choice":"Read","floor":25,"damage_taken":0},{"event_name":"Tomb of Lord Red Mask","player_choice":"Ignored","floor":36,"damage_taken":0},{"event_name":"MindBloom","player_choice":"Fight","floor":37,"damage_taken":0},{"event_name":"SensoryStone","player_choice":"Memory 3","floor":41,"damage_taken":0},{"event_name":"The Moai Head","player_choice":"Heal","floor":46,"damage_taken":0}],"is_beta":true,"boss_relics":[{"not_picked":["Astrolabe","Philosopher\u0027s Stone"],"picked":"Lizard Tail"},{"not_picked":["White Beast Statue","Black Star"],"picked":"Empty Cage"}],"items_purged_floors":[28],"is_endless":false,"potions_floor_spawned":[5,13,16,18,19,27,30,33,44,48],"ascension_level":2}