{"path_per_floor":["M","?","?","?","M","R","E","R","T","T","?","M","?","E","R","B",null,"M","M","$","?","M"],"character_chosen":"IRONCLAD","items_purchased":["Centennial Puzzle","Red Skull"],"gold_per_floor":[365,315,285,285,298,298,330,330,330,377,377,391,391,420,420,525,525,541,558,5,5,22,22],"floor_reached":23,"campfire_rested":1,"playtime":1018,"item_purchase_floors":[20,20],"current_hp_per_floor":[71,71,71,71,63,63,62,62,62,62,55,61,47,53,72,70,72,52,22,22,22,10,0],"items_purged":[],"gold":22,"score":244,"play_id":"abe490c9-3f58-4305-8b9a-385e43b8c556","local_time":"20180610221747","is_prod":false,"is_daily":false,"chose_seed":false,"is_ascension_mode":true,"campfire_upgraded":2,"win_rate":0,"timestamp":1528683467,"campfire_choices":[{"data":"Rage","floor":6,"key":"SMITH"},{"data":"Flame Barrier","floor":8,"key":"SMITH"},{"floor":15,"key":"REST"}],"path_taken":["M","?","?","?","?","R","E","R","T","?","?","?","?","E","R","BOSS","M","M","$","?","?","E"],"build_version":"2018-06-08","seed_source_timestamp":188946560189982,"purchased_purges":0,"victory":false,"master_deck":["Strike_R","Strike_R+1","Strike_R+1","Strike_R","Strike_R","Defend_R+1","Defend_R+1","Bash","Armaments+1","Rage+1","Flame Barrier+1","Dual Wield","Cleave","Clash","Barricade+1","Uppercut+1","Iron Wave"],"max_hp_per_floor":[72,72,72,72,72,72,72,72,72,72,72,72,72,72,72,72,72,72,72,72,72,72,72],"relics":["Burning Blood","Frozen Egg 2","Dream Catcher","War Paint","Bag of Preparation","White Beast Statue","Centennial Puzzle","Red Skull"],"card_choices":[{"not_picked":["Flex","Sword Boomerang"],"picked":"Armaments","floor":1},{"not_picked":["Spot Weakness","Cleave"],"picked":"Rage","floor":5},{"not_picked":["Shrug It Off","Impervious"],"picked":"Flame Barrier","floor":7},{"not_picked":["Shrug It Off","Wild Strike"],"picked":"Dual Wield","floor":12},{"not_picked":["Twin Strike","Heavy Blade"],"picked":"Cleave","floor":14},{"not_picked":["Flex","Clothesline"],"picked":"Clash","floor":15},{"not_picked":["Juggernaut+1","Immolate"],"picked":"Barricade+1","floor":16},{"not_picked":["Perfected Strike","Armaments+1"],"picked":"Uppercut","floor":18},{"not_picked":["Flex","Perfected Strike+1","Headbutt"],"picked":"SKIP","floor":19},{"not_picked":["True Grit","Thunderclap"],"picked":"Iron Wave","floor":22}],"player_experience":336892,"potions_floor_usage":[7,7,14,18,19,19,22,23],"damage_taken":[{"damage":7,"enemies":"Jaw Worm","floor":1,"turns":3},{"damage":14,"enemies":"2 Louse","floor":5,"turns":3},{"damage":7,"enemies":"Gremlin Nob","floor":7,"turns":4},{"damage":0,"enemies":"Cultist","floor":12,"turns":4},{"damage":0,"enemies":"Lagavulin","floor":14,"turns":6},{"damage":8,"enemies":"The Guardian","floor":16,"turns":10},{"damage":26,"enemies":"2 Thieves","floor":18,"turns":5},{"damage":36,"enemies":"Shell Parasite","floor":19,"turns":6},{"damage":33,"enemies":"Sentry and Sphere","floor":22,"turns":7},{"damage":14,"enemies":"Slavers","floor":23,"turns":2}],"relics_obtained":[{"floor":7,"key":"Frozen Egg 2"},{"floor":9,"key":"Dream Catcher"},{"floor":10,"key":"War Paint"},{"floor":14,"key":"Bag of Preparation"}],"event_choices":[{"event_name":"The Cleric","player_choice":"Card Removal","floor":2,"damage_taken":0},{"event_name":"The Woman in Blue","player_choice":"Bought 2 Potions","floor":3,"damage_taken":0},{"event_name":"Upgrade Shrine","player_choice":"Upgraded","floor":4,"damage_taken":0},{"event_name":"Golden Wing","player_choice":"Card Removal","floor":11,"damage_taken":0},{"event_name":"Shining Light","player_choice":"Entered Light","floor":13,"damage_taken":0},{"event_name":"Upgrade Shrine","player_choice":"Upgraded","floor":21,"damage_taken":0}],"boss_relics":[{"not_picked":["Tiny House","Eternal Feather"],"picked":"White Beast Statue"}],"items_purged_floors":[],"potions_floor_spawned":[1,12,16,18,19,22],"seed_played":"-8949621920861187372","killed_by":"Slavers","ascension_level":2,"potions_obtained":[{"floor":1,"key":"EssenceOfSteel"},{"floor":3,"key":"Weak Potion"},{"floor":3,"key":"SteroidPotion"},{"floor":12,"key":"AttackPotion"},{"floor":16,"key":"LiquidBronze"},{"floor":18,"key":"SteroidPotion"},{"floor":19,"key":"Regen Potion"},{"floor":22,"key":"EssenceOfSteel"}],"is_trial":false}