{"gold_per_floor":[116,133,133,145,161,161,186,198,222,240,250,280,280,298,298,394,394,408,422,148,167,180,211,211,246,269,184,184,184,201,233,233,330,330],"floor_reached":34,"playtime":1199,"items_purged":["Strike_B"],"score":474,"play_id":"d4589ab2-3cf9-460e-9437-2b7dc830abad","local_time":"20181229194916","is_ascension_mode":true,"campfire_choices":[{"data":"Streamline","floor":6.0,"key":"SMITH"},{"data":"Sunder","floor":13,"key":"SMITH"},{"data":"Defragment","floor":15,"key":"SMITH"},{"data":"Buffer","floor":24,"key":"SMITH"},{"floor":29,"key":"RECALL"},{"data":"Electrodynamics","floor":32,"key":"SMITH"}],"neow_cost":"NONE","seed_source_timestamp":837859816637990,"circlet_count":0,"master_deck":["Strike_B","Strike_B","Strike_B","Defend_B","Defend_B","Defend_B","Defend_B","Zap","Dualcast","Coolheaded","Streamline+1","Cold Snap","Electrodynamics+1","Sunder+1","Leap","Go for the Eyes+1","Defragment+1","Buffer+1","Coolheaded","Conserve Battery+1","Defragment+1","Compile Driver+1","Biased Cognition"],"special_seed":0,"relics":["Cracked Core","Anchor","Regal Pillow","Art of War","Ancient Tea Set","Sozu","Runic Capacitor","Blood Vial","Strawberry","Bag of Marbles","Gremlin Horn","Letter Opener","Orrery"],"potions_floor_usage":[7,16,16],"damage_taken":[{"damage":0.0,"enemies":"Cultist","floor":1.0,"turns":4.0},{"damage":1.0,"enemies":"Jaw Worm","floor":2.0,"turns":4.0},{"damage":1.0,"enemies":"2 Louse","floor":4.0,"turns":2.0},{"damage":0.0,"enemies":"Exordium Thugs","floor":5.0,"turns":4.0},{"damage":18,"enemies":"Lagavulin","floor":7,"turns":6},{"damage":0,"enemies":"2 Fungi Beasts","floor":8,"turns":3},{"damage":0,"enemies":"Blue Slaver","floor":10,"turns":3},{"damage":8,"enemies":"Exordium Thugs","floor":11,"turns":4},{"damage":0,"enemies":"3 Sentries","floor":12,"turns":3},{"damage":0,"enemies":"3 Louse","floor":14,"turns":1},{"damage":11,"enemies":"Hexaghost","floor":16,"turns":8},{"damage":0,"enemies":"3 Byrds","floor":18,"turns":2},{"damage":0,"enemies":"Chosen","floor":19,"turns":5},{"damage":6,"enemies":"Snake Plant","floor":21,"turns":4},{"damage":0,"enemies":"Snecko","floor":22,"turns":5},{"damage":9,"enemies":"Book of Stabbing","floor":23,"turns":6},{"damage":7,"enemies":"Slavers","floor":25,"turns":2},{"damage":0,"enemies":"Shelled Parasite and Fungi","floor":30,"turns":6},{"damage":8,"enemies":"Book of Stabbing","floor":31,"turns":6},{"damage":7,"enemies":"Champ","floor":33,"turns":11}],"seed_played":"6566369446048579264","potions_obtained":[{"floor":2.0,"key":"Poison Potion"},{"floor":4.0,"key":"Poison Potion"},{"floor":7,"key":"Poison Potion"},{"floor":12,"key":"Dexterity Potion"},{"floor":14,"key":"Weak Potion"}],"is_trial":false,"path_per_floor":["M","M","?","M","M","R","E","M","T","M","M","E","R","M","R","B",null,"M","M","$","M","M","E","R","E","T","?","?","R","M","E","R","B",null],"character_chosen":"DEFECT","items_purchased":["Runic Capacitor"],"campfire_rested":0,"item_purchase_floors":[20],"current_hp_per_floor":[82,81,81,80,80,80,62,62,62,62,54,54,54,54,54,43,82,82,82,82,76,76,67,67,69,69,69,69,69,71,65,65,60,60],"gold":330,"neow_bonus":"TEN_PERCENT_HP_BONUS","is_prod":false,"is_daily":false,"chose_seed":false,"campfire_upgraded":5,"win_rate":0,"timestamp":1546138156,"path_taken":["M","M","?","?","M","R","E","M","T","M","M","E","R","M","R","BOSS","M","M","$","?","M","E","R","E","T","?","?","R","?","E","R","BOSS"],"build_version":"2018-12-20","purchased_purges":1,"victory":false,"max_hp_per_floor":[82,82,82,82,82,82,82,82,82,82,82,82,82,82,82,82,82,82,82,82,82,82,82,82,89,89,89,89,89,89,89,89,89,89],"card_choices":[{"not_picked":["Steam","Turbo"],"picked":"Coolheaded","floor":1.0},{"not_picked":["White Noise","Turbo"],"picked":"Streamline","floor":2.0},{"not_picked":["Loop","Darkness"],"picked":"Cold Snap","floor":4.0},{"not_picked":["Leap","Gash","Stack"],"picked":"SKIP","floor":5.0},{"not_picked":["Lockon","Tempest"],"picked":"Electrodynamics","floor":7},{"not_picked":["Beam Cell","Skim"],"picked":"Sunder","floor":8},{"not_picked":["Turbo","Auto Shields","Rebound"],"picked":"SKIP","floor":10},{"not_picked":["Hello World","Aggregate"],"picked":"Leap","floor":11},{"not_picked":["Undo","Sweeping Beam"],"picked":"Go for the Eyes","floor":12},{"not_picked":["Sunder","Doom and Gloom"],"picked":"Defragment","floor":14},{"not_picked":["Fission","Meteor Strike"],"picked":"Buffer","floor":16},{"not_picked":["Consume","Stack"],"picked":"Coolheaded","floor":18},{"not_picked":["Fusion+1","Barrage"],"picked":"Conserve Battery+1","floor":19},{"not_picked":["Leap","Streamline+1","Ball Lightning"],"picked":"SKIP","floor":21},{"not_picked":["Sweeping Beam","Double Energy","Beam Cell"],"picked":"SKIP","floor":22},{"not_picked":["Compile Driver+1","Storm"],"picked":"Defragment+1","floor":23},{"not_picked":["Go for the Eyes","Ball Lightning+1"],"picked":"Compile Driver+1","floor":25},{"not_picked":["FTL","Beam Cell","Go for the Eyes"],"picked":"SKIP","floor":30},{"not_picked":["Reprogram","Leap","Cold Snap"],"picked":"SKIP","floor":31},{"not_picked":["Machine Learning","Reboot"],"picked":"Biased Cognition","floor":33}],"player_experience":680053,"relics_obtained":[{"floor":7,"key":"Regal Pillow"},{"floor":9,"key":"Art of War"},{"floor":12,"key":"Ancient Tea Set"},{"floor":23,"key":"Blood Vial"},{"floor":25,"key":"Strawberry"},{"floor":26,"key":"Bag of Marbles"},{"floor":31,"key":"Letter Opener"}],"event_choices":[{"damage_healed":0.0,"max_hp_gain":0.0,"max_hp_loss":0.0,"gold_gain":0.0,"event_name":"WeMeetAgain","player_choice":"Gave Potion","floor":3.0,"gold_loss":0.0,"damage_taken":0.0,"relics_obtained":["Anchor"]},{"damage_healed":0,"gold_gain":0,"player_choice":"Obtained Relic","damage_taken":0,"relics_obtained":["Gremlin Horn"],"max_hp_gain":0,"max_hp_loss":0,"event_name":"Addict","floor":27,"gold_loss":85},{"damage_healed":0,"gold_gain":0,"player_choice":"Forge","damage_taken":0,"max_hp_gain":0,"max_hp_loss":0,"event_name":"Accursed Blacksmith","floor":28,"gold_loss":0,"cards_upgraded":["Go for the Eyes"]}],"is_beta":false,"boss_relics":[{"not_picked":["Pandora\u0027s Box","Fusion Hammer"],"picked":"Sozu"},{"not_picked":["Eternal Feather","Calling Bell"],"picked":"Orrery"}],"items_purged_floors":[20],"is_endless":false,"potions_floor_spawned":[2,4,7,12,14,19,21,31],"ascension_level":1}