{"path_per_floor":["M","$","M","?","?","R","M","?","T","R","M","?","M","M","R","B",null,"M","?","?","M","$","R"],"character_chosen":"DEFECT","items_purchased":["Loop","Blizzard","Juzu Bracelet","Trip"],"gold_per_floor":[113,74,94,169,169,169,179,179,234,234,247,247,261,272,272,374,374,394,394,394,405,100,100,100],"floor_reached":24,"campfire_rested":2,"playtime":1098,"current_hp_per_floor":[73,73,71,60,60,60,57,62,62,62,60,53,53,45,69,55,80,13,39,39,17,17,41,0],"items_purged":[],"gold":100,"score":186,"play_id":"a009ea9d-fe8c-41f2-8726-faf6b407e91c","local_time":"20180516085403","is_prod":false,"is_daily":false,"chose_seed":false,"is_ascension_mode":false,"campfire_upgraded":2,"timestamp":1526475243,"path_taken":["M","$","M","?","?","R","M","?","T","R","?","?","M","M","R","BOSS","M","?","?","M","$","R","E"],"build_version":"2018-05-15","seed_source_timestamp":237150433634512,"purchased_purges":0,"victory":false,"master_deck":["Strike_B","Strike_B","Strike_B","Strike_B","Defend_B","Defend_B","Defend_B","Defend_B","Zap","Dualcast","Go for the Eyes","Loop+1","Conserve Battery+1","Cold Snap+1","Glacier","White Noise","Chill","Meteor Strike","Meteor Strike","Defragment","Blizzard","Trip"],"max_hp_per_floor":[75,75,75,75,75,75,75,80,80,80,80,80,80,80,80,80,80,80,80,80,80,80,80,80],"relics":["Runic Pyramid","Potion Belt","Orichalcum","Nuclear Battery","Juzu Bracelet"],"card_choices":[{"not_picked":["Turbo","Static Discharge"],"picked":"Go for the Eyes","floor":1},{"not_picked":["Hello World","Turbo"],"picked":"Conserve Battery","floor":3},{"not_picked":["Steam","Chaos"],"picked":"Cold Snap","floor":7},{"not_picked":["Ball Lightning","Static Discharge"],"picked":"Glacier","floor":11},{"not_picked":["Axe Kick","Rebound"],"picked":"White Noise","floor":13},{"not_picked":["Steam","Turbo"],"picked":"Chill","floor":14},{"not_picked":["Rainbow","Thunder Strike"],"picked":"Meteor Strike","floor":16},{"not_picked":["Leap","Scrape","Auto Shields"],"picked":"SKIP","floor":18},{"not_picked":["Coolheaded+1","Undo"],"picked":"Defragment","floor":21}],"player_experience":274702,"potions_floor_usage":[13,14,16,24],"damage_taken":[{"damage":2,"enemies":"2 Louse","floor":1,"turns":2},{"damage":2,"enemies":"Cultist","floor":3,"turns":4},{"damage":3,"enemies":"Small Slimes","floor":7,"turns":3},{"damage":2,"enemies":"2 Fungi Beasts","floor":11,"turns":5},{"damage":0,"enemies":"Large Slime","floor":13,"turns":7},{"damage":8,"enemies":"3 Louse","floor":14,"turns":4},{"damage":14,"enemies":"The Guardian","floor":16,"turns":18},{"damage":67,"enemies":"Chosen","floor":18,"turns":9},{"damage":22,"enemies":"2 Thieves","floor":21,"turns":4},{"damage":42,"enemies":"Gremlin Leader","floor":24,"turns":9}],"relics_obtained":[{"floor":9,"key":"Potion Belt"}],"event_choices":[{"event_name":"World of Goop","player_choice":"Gather Gold","floor":4,"damage_taken":0},{"event_name":"Living Wall","player_choice":"Grow","floor":5,"damage_taken":0},{"event_name":"Big Fish","player_choice":"Donut","floor":8,"damage_taken":0},{"event_name":"Scrap Ooze","player_choice":"success","floor":12,"damage_taken":7},{"event_name":"The Library","player_choice":"Heal","floor":19,"damage_taken":0},{"event_name":"Duplicator","player_choice":"One dupe","floor":20,"damage_taken":0}],"boss_relics":[{"not_picked":["White Beast Statue","Velvet Choker"],"picked":"Nuclear Battery"}],"potions_floor_spawned":[3,7,13,21],"seed_played":"-3081495693957829811","killed_by":"Gremlin Leader","ascension_level":0,"potions_obtained":[{"floor":3,"key":"Swift Potion"},{"floor":7,"key":"FearPotion"},{"floor":13,"key":"Poison Potion"},{"floor":21,"key":"SteroidPotion"}],"is_trial":false}