{"path_per_floor":["M","M","M","?","M","E","M","R","T","E","$","R","M","M","R","B",null,"M","?","M","?","M","E","R","M","T","M","$","R","M","M","R"],"character_chosen":"IRONCLAD","items_purchased":["Limit Break","Barricade","Shrug It Off","Armaments"],"gold_per_floor":[15,32,51,51,68,97,116,116,142,167,21,21,41,61,61,163,163,179,179,197,197,207,234,234,250,318,338,50,50,60,78,78,78],"floor_reached":33,"campfire_rested":4,"playtime":3945,"item_purchase_floors":[11,28,28,28],"current_hp_per_floor":[78,80,80,73,66,64,53,53,53,35,35,59,62,54,78,66,80,77,77,71,56,47,18,43,38,38,60,60,60,53,33,58,0],"items_purged":["Strike_R"],"gold":78,"score":297,"play_id":"3344cbde-65d7-4c27-9a69-6debe5027206","local_time":"20180519172409","is_prod":false,"is_daily":false,"chose_seed":false,"is_ascension_mode":true,"campfire_upgraded":2,"timestamp":1526765049,"campfire_choices":[{"data":"Rampage","floor":8,"key":"SMITH"},{"floor":12,"key":"REST"},{"floor":15,"key":"REST"},{"floor":24,"key":"REST"},{"data":"Limit Break","floor":29,"key":"SMITH"},{"floor":32,"key":"REST"}],"path_taken":["M","M","M","?","M","E","M","R","T","E","?","R","M","M","R","BOSS","M","?","M","?","M","E","R","?","T","?","$","R","M","M","R","BOSS"],"build_version":"2018-05-18","seed_source_timestamp":0,"purchased_purges":1,"victory":false,"master_deck":["Strike_R","Strike_R","Strike_R","Defend_R","Defend_R","Defend_R","Defend_R","Bash","Shockwave","Combust","Demon Form","Dual Wield","Inflame","Rampage+1","Shrug It Off","Limit Break+1","Havoc","Warcry","Offering","Blood for Blood","Feel No Pain+1","Feel No Pain","Warcry","Heavy Blade","Blood for Blood+1","Barricade","Shrug It Off","Armaments","Pummel","Intimidate+1"],"max_hp_per_floor":[80,80,80,80,80,80,80,80,80,80,80,80,80,80,80,80,80,80,80,80,85,85,85,85,85,85,85,85,85,85,85,85,85],"relics":["Burning Blood","Dead Branch","Bronze Scales","Oddly Smooth Stone","Orichalcum","Runic Cube","Art of War","Gremlin Horn"],"card_choices":[{"not_picked":["Bloodletting","Anger"],"picked":"Shockwave","floor":1},{"not_picked":["Evolve","Perfected Strike"],"picked":"Combust","floor":2},{"not_picked":["Shrug It Off","Body Slam"],"picked":"Demon Form","floor":3},{"not_picked":["Pommel Strike","Infernal Blade"],"picked":"Dual Wield","floor":5},{"not_picked":["Armaments","Juggernaut"],"picked":"Inflame","floor":6},{"not_picked":["Dual Wield","Whirlwind"],"picked":"Rampage","floor":7},{"not_picked":["Thunderclap","Spot Weakness"],"picked":"Shrug It Off","floor":10},{"not_picked":["Wild Strike","Body Slam"],"picked":"Havoc","floor":13},{"not_picked":["Clash","Iron Wave"],"picked":"Warcry","floor":14},{"not_picked":["Double Tap","Demon Form"],"picked":"Offering","floor":16},{"not_picked":["Spot Weakness+1","Flame Barrier"],"picked":"Blood for Blood","floor":18},{"not_picked":["Clothesline+1","Anger"],"picked":"Feel No Pain+1","floor":20},{"not_picked":["Infernal Blade","Sever Soul"],"picked":"Feel No Pain","floor":22},{"not_picked":["Sword Boomerang","Fire Breathing"],"picked":"Warcry","floor":23},{"not_picked":["Iron Wave","Thunderclap"],"picked":"Heavy Blade","floor":25},{"not_picked":["Wild Strike+1","Iron Wave"],"picked":"Blood for Blood+1","floor":27},{"not_picked":["Perfected Strike","Cleave"],"picked":"Pummel","floor":30},{"not_picked":["Twin Strike+1","Flex"],"picked":"Intimidate+1","floor":31}],"player_experience":303795,"potions_floor_usage":[6,6,10,14,16,25,27,30],"damage_taken":[{"damage":8.0,"enemies":"Jaw Worm","floor":1.0,"turns":6.0},{"damage":1,"enemies":"Cultist","floor":2,"turns":4},{"damage":0,"enemies":"Large Slime","floor":3,"turns":5},{"damage":13,"enemies":"2 Fungi Beasts","floor":5,"turns":5},{"damage":8,"enemies":"Lagavulin","floor":6,"turns":6},{"damage":17,"enemies":"Exordium Thugs","floor":7,"turns":6},{"damage":24,"enemies":"Gremlin Nob","floor":10,"turns":4},{"damage":3,"enemies":"Large Slime","floor":13,"turns":6},{"damage":14,"enemies":"Exordium Wildlife","floor":14,"turns":4},{"damage":18,"enemies":"Slime Boss","floor":16,"turns":7},{"damage":9,"enemies":"3 Byrds","floor":18,"turns":4},{"damage":12,"enemies":"2 Thieves","floor":20,"turns":4},{"damage":15,"enemies":"Centurion and Healer","floor":22,"turns":5},{"damage":35,"enemies":"Gremlin Leader","floor":23,"turns":5},{"damage":19,"enemies":"Sentry and Sphere","floor":25,"turns":4},{"damage":4,"enemies":"Chosen and Byrds","floor":27,"turns":6},{"damage":13,"enemies":"Snake Plant","floor":30,"turns":5},{"damage":26,"enemies":"Slaver and Parasite","floor":31,"turns":7},{"damage":68,"enemies":"Automaton","floor":33,"turns":10}],"relics_obtained":[{"floor":6,"key":"Bronze Scales"},{"floor":9,"key":"Oddly Smooth Stone"},{"floor":10,"key":"Orichalcum"},{"floor":23,"key":"Art of War"},{"floor":26,"key":"Gremlin Horn"}],"event_choices":[{"event_name":"Golden Wing","player_choice":"Card Removal","floor":4,"damage_taken":0},{"event_name":"Ghosts","player_choice":"Ignored","floor":19,"damage_taken":0},{"event_name":"Forgotten Altar","player_choice":"Shed Blood","floor":21,"damage_taken":0}],"boss_relics":[{"not_picked":["Runic Pyramid","Calling Bell"],"picked":"Runic Cube"}],"items_purged_floors":[28],"potions_floor_spawned":[1,2,5,13,14,23,25,27],"seed_played":"7860080484773301254","killed_by":"Automaton","ascension_level":1,"potions_obtained":[{"floor":1,"key":"Block Potion"},{"floor":2,"key":"FearPotion"},{"floor":5,"key":"SkillPotion"},{"floor":13,"key":"SkillPotion"},{"floor":14,"key":"Dexterity Potion"},{"floor":23,"key":"BloodPotion"},{"floor":25,"key":"AttackPotion"},{"floor":27,"key":"GamblersBrew"}],"is_trial":false}