{"path_per_floor":["M","?","M","M","M","E","?","$","T","R","M","R","M","M","R","B",null,"M","$","M","?","$","R","?","R","T"],"character_chosen":"DEFECT","items_purchased":["Blind","Melter","Dramatic Entrance"],"gold_per_floor":[13,13,26,49,69,113,113,38,38,38,62,62,81,102,102,228,228,242,115,134,134,32,32,32,32,59,59],"floor_reached":27,"campfire_rested":4,"playtime":1032,"current_hp_per_floor":[72,54,52,52,38,12,12,12,12,34,34,56,51,51,73,31,75,51,51,39,39,39,61,61,61,61,0],"items_purged":["Decay"],"gold":59,"score":213,"play_id":"8fd82396-7fe9-4b9d-8fd3-7448bc5de85f","local_time":"20180504171743","is_prod":false,"is_daily":false,"chose_seed":false,"is_ascension_mode":false,"campfire_upgraded":1,"timestamp":1525468663,"path_taken":["M","?","?","M","M","E","?","$","T","R","M","R","M","?","R","BOSS","M","?","M","?","?","R","?","R","T","E"],"build_version":"2018-05-03","seed_source_timestamp":1638901101050273,"purchased_purges":1,"victory":false,"master_deck":["Strike_B","Strike_B","Strike_B","Strike_B","Defend_B","Defend_B","Defend_B","Defend_B","Zap","Dualcast","All For One","Beam Cell","Lockon","Blizzard","Aggregate+1","Redo+1","Streamline","FTL","Redo","BootSequence","Beam Cell","Conserve Battery","Buffer","Creative AI","Consume+1","Blind","Melter","Conserve Battery","Dramatic Entrance"],"max_hp_per_floor":[75,75,75,75,75,75,75,75,75,75,75,75,75,75,75,75,75,75,75,75,75,75,75,75,75,75,75],"relics":["Cracked Core","Golden Idol","Toolbox","Gremlin Horn","Orrery","Omamori"],"card_choices":[{"not_picked":["Multi-Cast","Meteor Strike"],"picked":"All For One","floor":0},{"not_picked":["Skim","Turbo"],"picked":"Beam Cell","floor":1},{"not_picked":["Chaos","Cold Snap"],"picked":"Lockon","floor":3},{"not_picked":["Coolheaded","Cold Snap"],"picked":"Blizzard","floor":4},{"not_picked":["Tempest","Axe Kick"],"picked":"Aggregate","floor":6},{"not_picked":["Axe Kick","Aggregate"],"picked":"Redo","floor":11},{"not_picked":["Skim","Barrage"],"picked":"Streamline","floor":13},{"not_picked":["Leap","Reinforced Body"],"picked":"FTL","floor":14},{"not_picked":["Reboot","All For One"],"picked":"Redo","floor":16},{"not_picked":["Go for the Eyes","Leap"],"picked":"BootSequence","floor":17},{"not_picked":["Skim","Stack"],"picked":"Beam Cell","floor":17},{"not_picked":["Sweeping Beam","Hologram"],"picked":"Conserve Battery","floor":17},{"not_picked":["Melter","Cold Snap"],"picked":"Buffer","floor":17},{"not_picked":["Stack","Undo"],"picked":"Creative AI","floor":17},{"not_picked":["Axe Kick","Hello World"],"picked":"Consume","floor":18},{"not_picked":["Coolheaded","Cold Snap"],"picked":"Conserve Battery","floor":20}],"player_experience":140784,"potions_floor_usage":[6,6,14,16],"damage_taken":[{"damage":3,"enemies":"Small Slimes","floor":1,"turns":3},{"damage":2,"enemies":"2 Louse","floor":3,"turns":2},{"damage":0,"enemies":"Cultist","floor":4,"turns":2},{"damage":14,"enemies":"Blue Slaver","floor":5,"turns":4},{"damage":26,"enemies":"Lagavulin","floor":6,"turns":4},{"damage":0,"enemies":"Gremlin Gang","floor":11,"turns":3},{"damage":5,"enemies":"Lots of Slimes","floor":13,"turns":2},{"damage":0,"enemies":"3 Louse","floor":14,"turns":1},{"damage":42,"enemies":"The Guardian","floor":16,"turns":6},{"damage":24,"enemies":"3 Byrds","floor":18,"turns":4},{"damage":12,"enemies":"2 Thieves","floor":20,"turns":3},{"damage":67,"enemies":"Slavers","floor":27,"turns":5}],"event_choices":[{"event_name":"Golden Idol","player_choice":"Take Damage","floor":2,"damage_taken":0},{"event_name":"Wheel of Change","player_choice":"Curse","floor":7,"damage_taken":0},{"event_name":"Drug Dealer","player_choice":"Ignored","floor":21,"damage_taken":0},{"event_name":"Upgrade Shrine","player_choice":"Upgraded","floor":24,"damage_taken":0}],"boss_relics":[{"not_picked":["White Beast Statue","Astrolabe"],"picked":"Orrery"}],"potions_floor_spawned":[3,5,13,14],"seed_played":"-9139343291452821634","killed_by":"Slavers","ascension_level":0,"is_trial":false}