{"gold_per_floor":[114,114,289,302,150,162,204,216,251,273,535,558,580,592],"floor_reached":14,"playtime":357,"items_purged":[],"score":113,"play_id":"2f10bcb2-2dff-487f-8fbf-9e26376a3c7e","local_time":"20180724044821","is_ascension_mode":true,"campfire_choices":[{"data":"Rupture","floor":6,"key":"SMITH"},{"data":"Combust","floor":8,"key":"SMITH"}],"neow_cost":"NONE","seed_source_timestamp":1301204128589806,"circlet_count":0,"master_deck":["Strike_R","Strike_R","Strike_R","Strike_R","Strike_R","Defend_R","Defend_R","Defend_R","Defend_R","Bash+1","Rupture+1","Doubt","Bloodletting","Combust+1","Twin Strike","Regret","Uppercut","Infernal Blade"],"relics":["Burning Blood","MawBank","Mango","Blood Vial"],"potions_floor_usage":[4,7,12],"damage_taken":[{"damage":9,"enemies":"Jaw Worm","floor":1,"turns":4},{"damage":12,"enemies":"2 Louse","floor":4,"turns":2},{"damage":24,"enemies":"Gremlin Nob","floor":7,"turns":4},{"damage":5,"enemies":"Cultist","floor":10,"turns":3},{"damage":44,"enemies":"Large Slime","floor":12,"turns":5},{"damage":19,"enemies":"Red Slaver","floor":13,"turns":3},{"damage":42,"enemies":"Gremlin Gang","floor":14,"turns":3}],"seed_played":"7078712185056551232","potions_obtained":[{"floor":1,"key":"SkillPotion"},{"floor":4,"key":"Weak Potion"},{"floor":10,"key":"BloodPotion"}],"is_trial":false,"path_per_floor":["M","$","?","M","$","R","E","R","T","M","?","M","M"],"character_chosen":"IRONCLAD","items_purchased":["MawBank"],"campfire_rested":0,"item_purchase_floors":[5],"current_hp_per_floor":[77,77,77,71,71,71,67,67,67,70,70,43,32,0],"gold":592,"neow_bonus":"UPGRADE_CARD","is_prod":false,"is_daily":false,"chose_seed":false,"campfire_upgraded":2,"win_rate":0,"timestamp":1532422101,"path_taken":["M","$","?","M","$","R","E","R","T","?","?","M","M","M"],"build_version":"2018-07-23","purchased_purges":0,"victory":false,"max_hp_per_floor":[80,80,80,80,80,80,94,94,94,94,94,94,94,94],"card_choices":[{"not_picked":["Infernal Blade","Headbutt"],"picked":"Rupture","floor":1},{"not_picked":["Cleave","Body Slam"],"picked":"Bloodletting","floor":4},{"not_picked":["Pommel Strike","Headbutt"],"picked":"Combust","floor":7},{"not_picked":["Reckless Charge","True Grit"],"picked":"Twin Strike","floor":10},{"not_picked":["Burning Pact","Thunderclap"],"picked":"Uppercut","floor":12},{"not_picked":["Iron Wave","Perfected Strike"],"picked":"Infernal Blade","floor":13}],"player_experience":490069,"relics_obtained":[{"floor":7,"key":"Mango"},{"floor":9,"key":"Blood Vial"}],"event_choices":[{"event_name":"Liars Game","player_choice":"agreed","floor":3,"damage_taken":0},{"event_name":"Golden Shrine","player_choice":"Desecrate","floor":11,"damage_taken":0}],"is_beta":true,"boss_relics":[],"items_purged_floors":[],"is_endless":false,"potions_floor_spawned":[1,4,10],"killed_by":"Gremlin Gang","ascension_level":5}