{"gold_per_floor":[110,110,125,137,137,137,87,87,87,87,116,133,133,144,144,247,247,187,187,203,32,32,32,32],"floor_reached":24,"playtime":1044,"items_purged":[],"score":211,"play_id":"cda51aca-daf1-4bfa-8cca-eceb155cd7a1","local_time":"20180829140551","is_ascension_mode":true,"campfire_choices":[{"data":"Go for the Eyes","floor":6,"key":"SMITH"},{"data":"Chill","floor":10,"key":"SMITH"},{"floor":13,"key":"REST"},{"data":"Ball Lightning","floor":15,"key":"SMITH"},{"data":"Rainbow","floor":23,"key":"SMITH"}],"neow_cost":"","seed_source_timestamp":170786676533400,"circlet_count":0,"master_deck":["Strike_B","Strike_B","Strike_B","Defend_B","Defend_B","Defend_B","Defend_B","Zap","Dualcast","Reinforced Body","Chill+1","Go for the Eyes+1","Leap","Steam","Coolheaded","Ball Lightning+1","Rainbow+1","Sunder+1","Sunder+1","Coolheaded"],"relics":["Cracked Core","Omamori","Bottled Flame","Pen Nib","Inserter","Anchor","Dream Catcher"],"potions_floor_usage":[4,16,16,20,20],"damage_taken":[{"damage":0,"enemies":"Small Slimes","floor":1,"turns":2},{"damage":0,"enemies":"Cultist","floor":3,"turns":3},{"damage":0,"enemies":"2 Louse","floor":4,"turns":2},{"damage":45,"enemies":"Gremlin Nob","floor":11,"turns":7},{"damage":1,"enemies":"2 Fungi Beasts","floor":12,"turns":5},{"damage":0,"enemies":"Exordium Thugs","floor":14,"turns":6},{"damage":36,"enemies":"Hexaghost","floor":16,"turns":16},{"damage":11,"enemies":"2 Thieves","floor":18,"turns":4},{"damage":9,"enemies":"Chosen","floor":20,"turns":6},{"damage":65,"enemies":"Gremlin Leader","floor":24,"turns":7}],"seed_played":"4162346957827510174","potions_obtained":[{"floor":1,"key":"SpeedPotion"},{"floor":11,"key":"SpeedPotion"},{"floor":14,"key":"SkillPotion"},{"floor":16,"key":"SteroidPotion"},{"floor":19,"key":"Fruit Juice"},{"floor":19,"key":"Fruit Juice"},{"floor":20,"key":"Dexterity Potion"}],"is_trial":false,"path_per_floor":["M","?","M","M","?","R","$","?","T","R","E","M","R","M","R","B",null,"M","?","M","$","?","R"],"character_chosen":"DEFECT","items_purchased":["Leap","Coolheaded","Anchor"],"campfire_rested":1,"item_purchase_floors":[7,21,21],"current_hp_per_floor":[75,75,75,75,50,50,50,75,75,75,30,29,51,51,51,15,75,64,64,65,65,65,65,0],"gold":32,"neow_bonus":"","is_prod":false,"is_daily":false,"chose_seed":false,"campfire_upgraded":4,"win_rate":0,"timestamp":1535565951,"path_taken":["M","?","M","M","?","R","?","?","T","R","E","M","R","M","R","BOSS","M","?","?","?","?","R","E"],"build_version":"2018-08-28","purchased_purges":0,"victory":false,"max_hp_per_floor":[75,75,75,75,75,75,75,75,75,75,75,75,75,75,75,75,75,75,75,85,85,85,85,85],"card_choices":[{"not_picked":["Go for the Eyes","Rebound"],"picked":"Reinforced Body","floor":1},{"not_picked":["Lockon","Redo"],"picked":"Chill","floor":3},{"not_picked":["Auto Shields","FTL"],"picked":"Go for the Eyes","floor":4},{"not_picked":["Beam Cell","Turbo"],"picked":"Steam","floor":11},{"not_picked":["Go for the Eyes","Compile Driver"],"picked":"Coolheaded","floor":12},{"not_picked":["Hyperbeam","Beam Cell"],"picked":"Ball Lightning","floor":14},{"not_picked":["Fission","Amplify"],"picked":"Rainbow","floor":16},{"not_picked":["Coolheaded","Chaos"],"picked":"Sunder+1","floor":18},{"not_picked":["Storm","Go for the Eyes"],"picked":"Sunder+1","floor":20}],"player_experience":545358,"relics_obtained":[{"floor":9,"key":"Bottled Flame"},{"floor":11,"key":"Pen Nib"}],"event_choices":[{"event_name":"Wheel of Change","player_choice":"Card Removal","floor":2,"damage_taken":0},{"event_name":"Scrap Ooze","player_choice":"success","floor":5,"damage_taken":25},{"event_name":"Big Fish","player_choice":"Banana","floor":8,"damage_taken":0},{"event_name":"The Lab","player_choice":"Got Potions","floor":19,"damage_taken":0},{"event_name":"The Mausoleum","player_choice":"Yes","floor":22,"damage_taken":0}],"is_beta":true,"boss_relics":[{"not_picked":["Lizard Tail","Astrolabe"],"picked":"Inserter"}],"items_purged_floors":[],"is_endless":false,"potions_floor_spawned":[1,11,14,16,20],"killed_by":"Gremlin Leader","ascension_level":2}