{"gold_per_floor":[115,290,290,302,313,313,338,338,391,408,408,426,4,4,4,104,104,121,121,137,3,102,102],"floor_reached":23,"playtime":792,"items_purged":["Decay"],"score":236,"play_id":"d4774db9-8270-4dca-9222-725544e7c701","local_time":"20190610041436","is_ascension_mode":true,"campfire_choices":[{"data":"Streamline","floor":6,"key":"SMITH"},{"floor":8,"key":"REST"},{"data":"Defragment","floor":11,"key":"SMITH"},{"floor":15,"key":"REST"}],"neow_cost":"NONE","seed_source_timestamp":1679286282220600,"circlet_count":0,"master_deck":["Strike_B","Strike_B","Strike_B+1","Strike_B","Defend_B","Defend_B","Defend_B","Defend_B","Zap+1","Dualcast","Gash+1","Doubt","Genetic Algorithm","Streamline+1","Defragment+1","Go for the Eyes","Go for the Eyes","Apotheosis","Rip and Tear","Biased Cognition","Decay","Clumsy","White Noise","Consume","Gash+1","Bandage Up"],"relics":["Cracked Core","NeowsBlessing","DataDisk","Bag of Preparation","Strawberry","Calling Bell","Vajra","The Courier","Unceasing Top"],"potions_floor_usage":[7,10,12,16],"damage_taken":[{"damage":0,"enemies":"2 Louse","floor":1,"turns":1},{"damage":0,"enemies":"Small Slimes","floor":4,"turns":1},{"damage":0,"enemies":"Cultist","floor":5,"turns":1},{"damage":36,"enemies":"Lagavulin","floor":7,"turns":6},{"damage":0,"enemies":"Gremlin Gang","floor":10,"turns":2},{"damage":16,"enemies":"Large Slime","floor":12,"turns":5},{"damage":33,"enemies":"Hexaghost","floor":16,"turns":9},{"damage":20,"enemies":"Chosen","floor":18,"turns":5},{"damage":32,"enemies":"Spheric Guardian","floor":20,"turns":4},{"damage":18,"enemies":"Book of Stabbing","floor":23,"turns":1}],"seed_played":"-38122609629848662","potions_obtained":[{"floor":1,"key":"Explosive Potion"},{"floor":5,"key":"Dexterity Potion"},{"floor":10,"key":"PowerPotion"},{"floor":12,"key":"Strength Potion"}],"is_trial":false,"path_per_floor":["M","?","?","M","M","R","E","R","T","M","R","M","$","?","R","B",null,"M","?","M","$","?","E"],"character_chosen":"DEFECT","items_purchased":["Apotheosis","Strawberry","Rip and Tear","Bandage Up"],"campfire_rested":2,"item_purchase_floors":[13,13,13,21],"current_hp_per_floor":[75,75,75,75,75,75,39,61,61,61,61,45,52,36,60,27,68,48,48,16,16,16,0],"gold":102,"neow_bonus":"THREE_ENEMY_KILL","is_prod":false,"is_daily":false,"chose_seed":false,"campfire_upgraded":2,"win_rate":0,"timestamp":1560154476,"path_taken":["M","?","?","M","?","R","E","R","T","M","R","?","$","?","R","BOSS","M","?","M","$","?","E"],"build_version":"2019-06-07","purchased_purges":1,"victory":false,"max_hp_per_floor":[75,75,75,75,75,75,75,75,75,75,75,75,82,82,82,82,82,82,82,82,82,82,82],"card_choices":[{"not_picked":["Heatsinks","Chill"],"picked":"Gash","floor":1},{"not_picked":["Static Discharge","Turbo"],"picked":"Genetic Algorithm","floor":4},{"not_picked":["Heatsinks","Turbo"],"picked":"Streamline","floor":5},{"not_picked":["Self Repair","Sweeping Beam"],"picked":"Defragment","floor":7},{"not_picked":["Ball Lightning","Turbo"],"picked":"Go for the Eyes","floor":10},{"not_picked":["Barrage","Coolheaded"],"picked":"Go for the Eyes","floor":12},{"not_picked":["Seek","Creative AI"],"picked":"Biased Cognition","floor":16},{"not_picked":["Beam Cell","Fusion"],"picked":"White Noise","floor":18},{"not_picked":["BootSequence","Loop"],"picked":"Gash+1","floor":20}],"player_experience":1017194,"relics_obtained":[{"floor":7,"key":"DataDisk"},{"floor":9,"key":"Bag of Preparation"},{"floor":17,"key":"Vajra"},{"floor":17,"key":"The Courier"},{"floor":17,"key":"Unceasing Top"}],"event_choices":[{"damage_healed":0,"gold_gain":175,"player_choice":"AGREE","damage_taken":0,"max_hp_gain":0,"max_hp_loss":0,"event_name":"Liars Game","floor":2,"gold_loss":0,"cards_obtained":["Doubt"]},{"damage_healed":0,"gold_gain":0,"player_choice":"Upgraded","damage_taken":0,"max_hp_gain":0,"max_hp_loss":0,"event_name":"Upgrade Shrine","floor":3,"gold_loss":0,"cards_upgraded":["Zap"]},{"damage_healed":0,"gold_gain":0,"player_choice":"Entered Light","damage_taken":16,"max_hp_gain":0,"max_hp_loss":0,"event_name":"Shining Light","floor":14,"gold_loss":0,"cards_upgraded":["Gash","Strike_B"]},{"damage_healed":0,"gold_gain":0,"player_choice":"Read","damage_taken":0,"max_hp_gain":0,"max_hp_loss":0,"event_name":"The Library","floor":19,"gold_loss":0,"cards_obtained":["Consume"]},{"damage_healed":0,"gold_gain":99,"player_choice":"Stole From Cult","damage_taken":0,"max_hp_gain":0,"max_hp_loss":0,"event_name":"Nest","floor":22,"gold_loss":0}],"is_beta":true,"boss_relics":[{"not_picked":["Orrery","Sozu"],"picked":"Calling Bell"}],"items_purged_floors":[21],"is_endless":false,"potions_floor_spawned":[1,5,10,12],"killed_by":"Book of Stabbing","ascension_level":5}