{"gold_per_floor":[113,126,137,151,25,25,52,70,70,82,92,92,112,131,131,234,234,253,153,28,28,41,41,41,41,41,41,73,73,90,101,101,199,199,219,69,89,103,103,122,156,156,203,203,217,243,39,58,58,58],"floor_reached":50,"playtime":4204,"items_purged":["Strike_R","Strike_R","Strike_R","Defend_R"],"score":553,"play_id":"fcb96542-75de-4e5f-8952-04d65119a7be","local_time":"20190616164301","is_ascension_mode":false,"campfire_choices":[{"data":"Armaments","floor":6.0,"key":"SMITH"},{"data":"Bash","floor":12.0,"key":"SMITH"},{"floor":15.0,"key":"REST"},{"data":"Clothesline","floor":23,"key":"SMITH"},{"data":"Flex","floor":25,"key":"SMITH"},{"floor":29,"key":"REST"},{"data":"Seeing Red","floor":32,"key":"SMITH"},{"data":"Double Tap","floor":44,"key":"SMITH"},{"floor":49,"key":"REST"}],"neow_cost":"NONE","seed_source_timestamp":0,"circlet_count":0,"master_deck":["Strike_R+1","Defend_R","Defend_R","Defend_R","Bash+1","Heavy Blade+1","Thunderclap","Armaments+1","Clash","Flex+1","Clothesline+1","Rampage","Battle Trance","Clash","Immolate","Clash+1","Shrug It Off","Seeing Red+1","Flex+1","Flame Barrier","Double Tap+1","Iron Wave+1","Heavy Blade+1","Anger","Armaments"],"special_seed":0,"relics":["Burning Blood","Pen Nib","Whetstone","Blue Candle","Philosopher\u0027s Stone","Bag of Marbles","Bag of Preparation","Black Star","Nunchaku","Vajra","Red Skull","Mango","Molten Egg 2"],"potions_floor_usage":[28,30,40,45,45,50,50,50],"damage_taken":[{"damage":6.0,"enemies":"Cultist","floor":1.0,"turns":3.0},{"damage":7.0,"enemies":"Small Slimes","floor":2.0,"turns":2.0},{"damage":13.0,"enemies":"2 Louse","floor":3.0,"turns":2.0},{"damage":14.0,"enemies":"Large Slime","floor":4.0,"turns":7.0},{"damage":24.0,"enemies":"3 Sentries","floor":7.0,"turns":5.0},{"damage":14.0,"enemies":"Lots of Slimes","floor":8.0,"turns":4.0},{"damage":0.0,"enemies":"Blue Slaver","floor":10.0,"turns":2.0},{"damage":0.0,"enemies":"Large Slime","floor":11.0,"turns":2.0},{"damage":11.0,"enemies":"Exordium Wildlife","floor":13.0,"turns":4.0},{"damage":7.0,"enemies":"Exordium Thugs","floor":14.0,"turns":3.0},{"damage":21.0,"enemies":"Slime Boss","floor":16.0,"turns":8.0},{"damage":22,"enemies":"Spheric Guardian","floor":18,"turns":4},{"damage":1,"enemies":"Shell Parasite","floor":22,"turns":3},{"damage":24,"enemies":"Book of Stabbing","floor":28,"turns":5},{"damage":2,"enemies":"Chosen and Byrds","floor":30,"turns":3},{"damage":0,"enemies":"Cultist and Chosen","floor":31,"turns":3},{"damage":75,"enemies":"Automaton","floor":33,"turns":10},{"damage":14,"enemies":"3 Shapes","floor":35,"turns":2},{"damage":0,"enemies":"Orb Walker","floor":37,"turns":2},{"damage":1,"enemies":"Writhing Mass","floor":38,"turns":4},{"damage":32,"enemies":"Transient","floor":40,"turns":5},{"damage":9,"enemies":"Nemesis","floor":41,"turns":3},{"damage":0,"enemies":"Spire Growth","floor":45,"turns":3},{"damage":26,"enemies":"Reptomancer","floor":46,"turns":5},{"damage":29,"enemies":"4 Shapes","floor":48,"turns":4},{"damage":77,"enemies":"Time Eater","floor":50,"turns":5}],"seed_played":"3952727941944241645","potions_obtained":[{"floor":2.0,"key":"Swift Potion"},{"floor":3.0,"key":"Dexterity Potion"},{"floor":4.0,"key":"GamblersBrew"},{"floor":8.0,"key":"Swift Potion"},{"floor":13.0,"key":"PowerPotion"},{"floor":22,"key":"Ancient Potion"},{"floor":28,"key":"BloodPotion"},{"floor":35,"key":"Explosive Potion"},{"floor":40,"key":"Dexterity Potion"},{"floor":41,"key":"Regen Potion"},{"floor":48,"key":"SkillPotion"}],"is_trial":false,"path_per_floor":["M","M","M","M","$","R","E","M","T","M","M","R","M","M","R","B",null,"M","$","$","?","M","R","?","R","T","?","E","R","M","M","R","B",null,"M","$","M","M","?","M","E","?","T","R","M","E","$","M","R","B"],"character_chosen":"IRONCLAD","items_purchased":["Flex","PowerPotion","AttackPotion","SteroidPotion","Armaments"],"campfire_rested":3,"item_purchase_floors":[5,47,47,47,47],"current_hp_per_floor":[80,79,72,64,64,64,46,38,38,44,50,50,45,44,68,53,80,64,64,64,64,69,69,54,54,54,54,36,61,73,79,79,10,85,77,77,83,85,82,56,53,53,53,53,68,62,62,39,67,0],"gold":58,"neow_bonus":"RANDOM_COMMON_RELIC","is_prod":false,"is_daily":false,"chose_seed":false,"campfire_upgraded":6,"win_rate":0,"timestamp":1560717781,"path_taken":["M","M","M","M","$","R","E","M","T","M","M","R","M","M","R","BOSS","M","?","$","?","M","R","?","R","T","?","E","R","M","M","R","BOSS","M","$","M","M","?","?","E","?","T","R","M","E","$","?","R","BOSS"],"build_version":"2019-01-23","purchased_purges":4,"victory":false,"max_hp_per_floor":[80,80,80,80,80,80,80,80,80,80,80,80,80,80,80,80,80,80,80,80,80,80,80,85,85,85,85,85,85,85,85,85,85,85,85,85,85,85,82,82,82,82,82,82,82,96,96,96,96,96],"card_choices":[{"not_picked":["Wild Strike","Disarm"],"picked":"Heavy Blade","floor":1.0},{"not_picked":["True Grit","Clash"],"picked":"Thunderclap","floor":2.0},{"not_picked":["Pommel Strike","Perfected Strike"],"picked":"Armaments","floor":3.0},{"not_picked":["Body Slam","Fiend Fire"],"picked":"Clash","floor":4.0},{"not_picked":["Rupture","Body Slam"],"picked":"Clothesline","floor":7.0},{"not_picked":["Power Through","Perfected Strike","Body Slam"],"picked":"SKIP","floor":8.0},{"not_picked":["Flame Barrier","Iron Wave"],"picked":"Rampage","floor":10.0},{"not_picked":["Headbutt","Twin Strike"],"picked":"Battle Trance","floor":11.0},{"not_picked":["Pommel Strike","Warcry","Flame Barrier"],"picked":"SKIP","floor":13.0},{"not_picked":["Rampage","Perfected Strike"],"picked":"Clash","floor":14.0},{"not_picked":["Limit Break","Exhume"],"picked":"Immolate","floor":16.0},{"not_picked":["Wild Strike","Bloodletting+1"],"picked":"Clash+1","floor":18},{"not_picked":["Heavy Blade","Corruption","Twin Strike+1"],"picked":"SKIP","floor":22},{"not_picked":["Sword Boomerang","Berserk"],"picked":"Seeing Red","floor":28},{"not_picked":["Uppercut+1","Rupture"],"picked":"Flex+1","floor":30},{"not_picked":["Fire Breathing+1","Twin Strike"],"picked":"Flame Barrier","floor":31},{"not_picked":["Offering","Bludgeon"],"picked":"Double Tap","floor":33},{"not_picked":["Twin Strike","Anger+1","Wild Strike"],"picked":"SKIP","floor":35},{"not_picked":["Pommel Strike+1","Twin Strike"],"picked":"Iron Wave+1","floor":37},{"not_picked":["Sword Boomerang+1","Burning Pact","Entrench+1"],"picked":"SKIP","floor":38},{"not_picked":["Shockwave+1","Clothesline+1"],"picked":"Heavy Blade+1","floor":40},{"not_picked":["Entrench","Power Through","Pommel Strike+1"],"picked":"SKIP","floor":41},{"not_picked":["Body Slam","Pummel+1","Perfected Strike+1"],"picked":"SKIP","floor":45},{"not_picked":["Searing Blow","Double Tap","Cleave"],"picked":"SKIP","floor":46},{"not_picked":["Anger+1","Body Slam+1","Intimidate+1"],"picked":"SKIP","floor":48}],"player_experience":131507,"relics_obtained":[{"floor":7.0,"key":"Whetstone"},{"floor":9.0,"key":"Blue Candle"},{"floor":26,"key":"Bag of Marbles"},{"floor":28,"key":"Bag of Preparation"},{"floor":41,"key":"Nunchaku"},{"floor":41,"key":"Vajra"},{"floor":43,"key":"Red Skull"},{"floor":46,"key":"Mango"},{"floor":46,"key":"Molten Egg 2"}],"event_choices":[{"damage_healed":0,"gold_gain":0,"player_choice":"Ignored","damage_taken":0,"max_hp_gain":0,"max_hp_loss":0,"event_name":"Ghosts","floor":21,"gold_loss":0},{"damage_healed":0,"gold_gain":0,"player_choice":"Shed Blood","damage_taken":20,"max_hp_gain":5,"max_hp_loss":0,"event_name":"Forgotten Altar","floor":24,"gold_loss":0},{"damage_healed":0,"gold_gain":0,"player_choice":"Read","damage_taken":0,"max_hp_gain":0,"max_hp_loss":0,"event_name":"The Library","floor":27,"gold_loss":0,"cards_obtained":["Shrug It Off"]},{"cards_removed":["Parasite"],"damage_healed":0,"gold_gain":0,"player_choice":"Purged","damage_taken":0,"max_hp_gain":0,"max_hp_loss":0,"event_name":"Purifier","floor":39,"gold_loss":0},{"damage_healed":0,"gold_gain":0,"cards_transformed":["Strike_R"],"player_choice":"Transformed","damage_taken":0,"max_hp_gain":0,"max_hp_loss":0,"event_name":"Transmorgrifier","floor":42,"gold_loss":0,"cards_obtained":["Anger"]}],"is_beta":false,"boss_relics":[{"not_picked":["Astrolabe","Ectoplasm"],"picked":"Philosopher\u0027s Stone"},{"not_picked":["Snecko Eye","White Beast Statue"],"picked":"Black Star"}],"items_purged_floors":[5,19,20,36],"is_endless":false,"potions_floor_spawned":[2,3,4,8,13,22,28,35,40,41,48],"killed_by":"Time Eater","ascension_level":0}