{"gold_per_floor":[110,130,149,99,152,179,179,206,230,261,272,343,343,243,243,344,344,355,373,29,45,45,45,75,75,75,93,109,109],"floor_reached":29,"playtime":735,"items_purged":[],"score":360,"play_id":"254d7b0e-8234-4ed0-a94c-71c609d9b1e8","local_time":"20190530023934","is_ascension_mode":true,"campfire_choices":[{"data":"Infernal Blade","floor":7,"key":"SMITH"},{"data":"Immolate","floor":13,"key":"SMITH"},{"floor":15,"key":"REST"},{"data":"Offering","floor":23,"key":"SMITH"}],"neow_cost":"NONE","seed_source_timestamp":723328930336900,"circlet_count":0,"master_deck":["Strike_R","Strike_R","Strike_R","Strike_R","Defend_R+1","Defend_R+1","Defend_R","Defend_R","Bash","Twin Strike","Clothesline","Twin Strike","Infernal Blade+1","Immolate+1","Thunderclap","Dual Wield","Offering+1","Wild Strike+1","Disarm","Panache","Body Slam","Wild Strike","Demon Form","Clumsy","Normality","Twin Strike+1","Shrug It Off+1"],"relics":["Burning Blood","Regal Pillow","Bag of Preparation","Ancient Tea Set","Paper Frog","Bottled Flame","War Paint","Cursed Key","Tiny Chest","Oddly Smooth Stone","Happy Flower","Art of War"],"potions_floor_usage":[6,10,16,27],"damage_taken":[{"damage":6,"enemies":"Cultist","floor":1,"turns":3},{"damage":3,"enemies":"Small Slimes","floor":2,"turns":3},{"damage":12,"enemies":"Jaw Worm","floor":3,"turns":2},{"damage":38,"enemies":"3 Sentries","floor":6,"turns":10},{"damage":18,"enemies":"Gremlin Nob","floor":8,"turns":4},{"damage":3,"enemies":"3 Sentries","floor":10,"turns":4},{"damage":9,"enemies":"Blue Slaver","floor":11,"turns":2},{"damage":15,"enemies":"Slime Boss","floor":16,"turns":6},{"damage":19,"enemies":"2 Thieves","floor":18,"turns":2},{"damage":6,"enemies":"3 Byrds","floor":19,"turns":1},{"damage":6,"enemies":"Centurion and Healer","floor":21,"turns":2},{"damage":6,"enemies":"Slavers","floor":24,"turns":1},{"damage":26,"enemies":"Chosen and Byrds","floor":27,"turns":5},{"damage":18,"enemies":"Snecko","floor":28,"turns":3},{"damage":43,"enemies":"Snake Plant","floor":29,"turns":4}],"seed_played":"-4347432347179116664","potions_obtained":[{"floor":3,"key":"EssenceOfSteel"},{"floor":8,"key":"Dexterity Potion"},{"floor":11,"key":"BloodPotion"},{"floor":24,"key":"AttackPotion"}],"is_trial":false,"path_per_floor":["M","M","M","?","?","E","R","E","T","E","M","T","R","?","R","B",null,"M","M","$","M","?","R","E","T","T","M","M","M"],"character_chosen":"IRONCLAD","items_purchased":["Panache","Tiny Chest","Body Slam"],"campfire_rested":1,"item_purchase_floors":[20,20,20],"current_hp_per_floor":[88,88,82,82,82,50,50,38,38,41,38,38,38,38,79,78,86,73,73,73,73,73,73,73,73,73,53,41,0],"gold":109,"neow_bonus":"TEN_PERCENT_HP_BONUS","is_prod":false,"is_daily":false,"chose_seed":false,"campfire_upgraded":3,"win_rate":0,"timestamp":1559198374,"path_taken":["M","?","M","?","?","E","R","E","T","E","M","?","R","?","R","BOSS","M","?","$","M","?","R","E","?","T","M","M","M"],"build_version":"2019-05-28","purchased_purges":0,"victory":false,"max_hp_per_floor":[88,88,88,88,88,88,88,88,88,88,88,88,88,88,88,88,88,88,88,88,88,88,88,88,88,88,88,88,88],"card_choices":[{"not_picked":["Shrug It Off","Intimidate"],"picked":"Twin Strike","floor":1},{"not_picked":["Sentinel","Armaments"],"picked":"Clothesline","floor":2},{"not_picked":["Cleave","True Grit"],"picked":"Twin Strike","floor":3},{"not_picked":["Cleave","Clothesline"],"picked":"Infernal Blade","floor":6},{"not_picked":["Headbutt","Sentinel"],"picked":"Immolate","floor":8},{"not_picked":["Headbutt","Corruption"],"picked":"Thunderclap","floor":10},{"not_picked":["Warcry","Perfected Strike"],"picked":"Dual Wield","floor":11},{"not_picked":["Berserk","Impervious"],"picked":"Offering","floor":16},{"not_picked":["Iron Wave","Sword Boomerang"],"picked":"Wild Strike+1","floor":18},{"not_picked":["True Grit","Shrug It Off"],"picked":"Disarm","floor":19},{"not_picked":["Anger+1","Heavy Blade"],"picked":"Wild Strike","floor":21},{"not_picked":["Ghostly Armor","Flex+1"],"picked":"Demon Form","floor":24},{"not_picked":["Cleave","Havoc"],"picked":"Twin Strike+1","floor":27},{"not_picked":["Cleave","Entrench"],"picked":"Shrug It Off+1","floor":28}],"player_experience":919238,"relics_obtained":[{"floor":6,"key":"Regal Pillow"},{"floor":8,"key":"Bag of Preparation"},{"floor":9,"key":"Ancient Tea Set"},{"floor":10,"key":"Paper Frog"},{"floor":12,"key":"Bottled Flame"},{"floor":24,"key":"Oddly Smooth Stone"},{"floor":25,"key":"Happy Flower"},{"floor":26,"key":"Art of War"}],"event_choices":[{"cards_removed":["Strike_R"],"damage_healed":0,"gold_gain":0,"player_choice":"Card Removal","damage_taken":0,"max_hp_gain":0,"max_hp_loss":0,"event_name":"The Cleric","floor":4,"gold_loss":50},{"damage_healed":0,"gold_gain":53,"player_choice":"Gained Gold","damage_taken":0,"max_hp_gain":0,"max_hp_loss":0,"event_name":"Golden Wing","floor":5,"gold_loss":0},{"damage_healed":0,"gold_gain":0,"player_choice":"Paid Gold","damage_taken":0,"relics_obtained":["War Paint"],"max_hp_gain":0,"max_hp_loss":0,"event_name":"WeMeetAgain","floor":14,"gold_loss":100},{"damage_healed":0,"gold_gain":0,"player_choice":"Ignored","damage_taken":0,"max_hp_gain":0,"max_hp_loss":0,"event_name":"Beggar","floor":22,"gold_loss":0}],"is_beta":true,"boss_relics":[{"not_picked":["Black Star","Tiny House"],"picked":"Cursed Key"}],"items_purged_floors":[],"is_endless":false,"potions_floor_spawned":[3,8,11,24],"killed_by":"Snake Plant","ascension_level":5}