{"gold_per_floor":[115,290,310,326,94,94,125,125,150,175,232,232,248,248,248,352,352,363,382,400,350,4,4,24,40,94,94,94,108,128,128,128,128],"floor_reached":33,"playtime":1308,"items_purged":[],"score":407,"play_id":"dcf0a055-0971-4473-a9f9-aaeb13aeef1e","local_time":"20180718033713","daily_mods":["Draft"],"is_ascension_mode":false,"campfire_choices":[{"data":"Sever Soul","floor":6,"key":"SMITH"},{"data":"Perfected Strike","floor":8,"key":"SMITH"},{"data":"Fiend Fire","floor":15,"key":"SMITH"},{"data":"Mind Blast","floor":23,"key":"SMITH"},{"data":"Demon Form","floor":27,"key":"SMITH"},{"floor":32,"key":"REST"}],"neow_cost":"","seed_source_timestamp":775843141592367,"circlet_count":0,"master_deck":["Infernal Blade","Twin Strike","Sword Boomerang","Carnage","Perfected Strike+1","Sword Boomerang","Twin Strike","Iron Wave","Twin Strike","Twin Strike","Iron Wave","Flex","Iron Wave","Iron Wave","Cleave","Twin Strike","Doubt","Inflame","Inflame","Sever Soul+1","Pommel Strike","Disarm","Fiend Fire+1","Normality","Demon Form+1","Shrug It Off+1","Rampage","Havoc+1","Mind Blast+1","Perfected Strike","Flex+1","Mind Blast+1","Dual Wield+1","Perfected Strike+1"],"relics":["Burning Blood","Strange Spoon","Strawberry","Art of War","Bag of Marbles","Juzu Bracelet","Eternal Feather","Question Card","Oddly Smooth Stone","Enchiridion"],"potions_floor_usage":[10,13,16,16,18,19,25],"damage_taken":[{"damage":8,"enemies":"Small Slimes","floor":1,"turns":2},{"damage":0,"enemies":"2 Louse","floor":3,"turns":2},{"damage":11,"enemies":"Jaw Worm","floor":4,"turns":2},{"damage":14,"enemies":"Gremlin Nob","floor":7,"turns":3},{"damage":3,"enemies":"3 Sentries","floor":10,"turns":3},{"damage":0,"enemies":"Blue Slaver","floor":13,"turns":1},{"damage":49,"enemies":"Hexaghost","floor":16,"turns":7},{"damage":10,"enemies":"Spheric Guardian","floor":18,"turns":3},{"damage":5,"enemies":"2 Thieves","floor":19,"turns":3},{"damage":21,"enemies":"Snake Plant","floor":20,"turns":2},{"damage":21,"enemies":"3 Cultists","floor":24,"turns":4},{"damage":6,"enemies":"Sentry and Sphere","floor":25,"turns":4},{"damage":9,"enemies":"Cultist and Chosen","floor":29,"turns":4},{"damage":6,"enemies":"3 Cultists","floor":30,"turns":3},{"damage":101,"enemies":"Collector","floor":33,"turns":8}],"seed_played":"-7058349019957168733","potions_obtained":[{"floor":1,"key":"Ancient Potion"},{"floor":7,"key":"AttackPotion"},{"floor":12,"key":"Energy Potion"},{"floor":12,"key":"Explosive Potion"},{"floor":16,"key":"SteroidPotion"},{"floor":18,"key":"Block Potion"},{"floor":24,"key":"Block Potion"}],"is_trial":true,"path_per_floor":["M","?","M","M","$","R","E","R","T","E","?","?","M","?","R","B",null,"M","M","M","?","$","R","M","M","T","R","?","M","M","?","R"],"character_chosen":"IRONCLAD","items_purchased":["Strange Spoon","Sever Soul","Mind Blast","Question Card"],"campfire_rested":1,"item_purchase_floors":[5,5,22,22],"current_hp_per_floor":[78,78,80,75,75,75,74,74,74,87,87,87,87,87,87,44,87,83,84,69,69,69,79,64,64,64,76,76,73,76,60,90,0],"gold":128,"neow_bonus":"","is_prod":false,"is_daily":false,"chose_seed":false,"campfire_upgraded":5,"win_rate":0,"timestamp":1531899433,"path_taken":["M","?","M","M","$","R","E","R","T","E","?","?","?","?","R","BOSS","M","M","M","?","$","R","M","M","T","R","?","M","M","?","R","BOSS"],"build_version":"2018-07-16","purchased_purges":0,"victory":false,"max_hp_per_floor":[80,80,80,80,80,80,87,87,87,87,87,87,87,87,87,87,87,87,87,87,87,87,87,87,87,87,87,87,87,90,90,90,90],"card_choices":[{"not_picked":["Twin Strike","Body Slam"],"picked":"Infernal Blade","floor":0},{"not_picked":["Combust","Intimidate"],"picked":"Twin Strike","floor":0},{"not_picked":["Intimidate","Dropkick"],"picked":"Sword Boomerang","floor":0},{"not_picked":["Body Slam","Rupture"],"picked":"Carnage","floor":0},{"not_picked":["Cleave","Iron Wave"],"picked":"Perfected Strike","floor":0},{"not_picked":["Spot Weakness","Dropkick"],"picked":"Sword Boomerang","floor":0},{"not_picked":["Havoc","Iron Wave"],"picked":"Twin Strike","floor":0},{"not_picked":["Headbutt","Clash"],"picked":"Iron Wave","floor":0},{"not_picked":["True Grit","Armaments"],"picked":"Twin Strike","floor":0},{"not_picked":["Sever Soul","True Grit"],"picked":"Twin Strike","floor":0},{"not_picked":["Clothesline","Dual Wield"],"picked":"Iron Wave","floor":0},{"not_picked":["Combust","Warcry"],"picked":"Flex","floor":0},{"not_picked":["Entrench","Disarm"],"picked":"Iron Wave","floor":0},{"not_picked":["Battle Trance","Sever Soul"],"picked":"Iron Wave","floor":0},{"not_picked":["Heavy Blade","Second Wind"],"picked":"Cleave","floor":0},{"not_picked":["Battle Trance","Searing Blow"],"picked":"Twin Strike","floor":1},{"not_picked":["Sever Soul","Anger"],"picked":"Inflame","floor":3},{"not_picked":["Sword Boomerang","Headbutt"],"picked":"Inflame","floor":4},{"not_picked":["Shrug It Off","Bloodletting"],"picked":"Pommel Strike","floor":7},{"not_picked":["Heavy Blade","Hemokinesis"],"picked":"Disarm","floor":10},{"not_picked":["Warcry","Clothesline"],"picked":"Fiend Fire","floor":13},{"not_picked":["Reaper","Brutality"],"picked":"Demon Form","floor":16},{"not_picked":["True Grit","Thunderclap+1"],"picked":"Shrug It Off+1","floor":18},{"not_picked":["Shrug It Off","Sever Soul"],"picked":"Rampage","floor":19},{"not_picked":["Anger","Clothesline"],"picked":"Havoc+1","floor":20},{"not_picked":["Armaments+1","Twin Strike","Dual Wield"],"picked":"Perfected Strike","floor":24},{"not_picked":["Corruption","Pommel Strike","Pummel+1"],"picked":"Flex+1","floor":25},{"not_picked":["Carnage","Combust","Power Through+1"],"picked":"Dual Wield+1","floor":29},{"not_picked":["Heavy Blade+1","Headbutt","Cleave"],"picked":"Perfected Strike+1","floor":30}],"player_experience":456636,"relics_obtained":[{"floor":7,"key":"Strawberry"},{"floor":9,"key":"Art of War"},{"floor":10,"key":"Bag of Marbles"},{"floor":26,"key":"Oddly Smooth Stone"},{"floor":31,"key":"Enchiridion"}],"event_choices":[{"event_name":"Liars Game","player_choice":"agreed","floor":2,"damage_taken":0},{"event_name":"Golden Wing","player_choice":"Gained Gold","floor":11,"damage_taken":0},{"event_name":"The Lab","player_choice":"Got Potions","floor":12,"damage_taken":0},{"event_name":"Accursed Blacksmith","player_choice":"Rummage","floor":14,"damage_taken":0},{"event_name":"The Joust","player_choice":"Bet on Murderer","floor":21,"damage_taken":0},{"event_name":"Duplicator","player_choice":"One dupe","floor":28,"damage_taken":0},{"event_name":"Cursed Tome","player_choice":"Obtained Book","floor":31,"damage_taken":0}],"boss_relics":[{"not_picked":["Busted Crown","Black Star"],"picked":"Eternal Feather"}],"items_purged_floors":[],"is_endless":true,"potions_floor_spawned":[1,7,16,18,24],"killed_by":"Collector","ascension_level":0}