{"gold_per_floor":[114,114,114,129,144,144,174,174,199,199,214,10,60,75,75,175,175,190,50,65,15,30,30,45,45,70,70,100,115,115,475,475,575,575,590,151,166,181,211,211,241,241,266,313,340,352,379,406,418,430],"floor_reached":50,"playtime":1942,"items_purged":["Pain","Pain"],"score":744,"play_id":"d9eaa956-21ae-437f-93da-e999c5623705","local_time":"20180920014954","daily_mods":["Heirloom","Cursed Run","Time Dilation"],"is_ascension_mode":false,"campfire_choices":[{"data":"Endless Agony","floor":6,"key":"SMITH"},{"data":"Bouncing Flask","floor":8,"key":"SMITH"},{"data":"Magnetism","floor":15,"key":"SMITH"},{"floor":23,"key":"REST"},{"data":"Catalyst","floor":25,"key":"SMITH"},{"data":"Burst","floor":27,"key":"SMITH"},{"floor":30,"key":"REST"},{"floor":32,"key":"REST"},{"data":"HandOfGreed","floor":40,"key":"SMITH"},{"data":"Bouncing Flask","floor":42,"key":"SMITH"},{"floor":46,"key":"REST"},{"floor":49,"key":"REST"}],"neow_cost":"","seed_source_timestamp":0,"circlet_count":0,"master_deck":["Defend_G","Defend_G","Defend_G","Defend_G","Defend_G","Strike_G","Strike_G","Strike_G","Survivor","Neutralize","Endless Agony+1","Wraith Form v2","Bouncing Flask+1","Deadly Poison","Catalyst+1","Parasite","Cloak And Dagger","Magnetism+1","Noxious Fumes","Writhe","Burst+1","Bane","Bane","Finisher","Backstab","Endless Agony","Blade Dance","Catalyst","Deadly Poison","Blade Dance","Cloak And Dagger","Injury","Bouncing Flask","Doubt","Malaise","Dagger Spray+1","Backstab","HandOfGreed+1","Cloak And Dagger","Dash","Skewer+1","Bouncing Flask+1","Writhe","Deadly Poison+1","After Image","Cloak And Dagger+1"],"special_seed":17794,"relics":["Cursed Key","Darkstone Periapt","Du-Vu Doll","Unceasing Top","WarpedTongs","Vajra","Centennial Puzzle","Smiling Mask","Orrery","Regal Pillow","Art of War","Eternal Feather","Snake Skull","Turnip","Strawberry","MawBank"],"potions_floor_usage":[5,7,16,20,28,29,37,39,48,48],"damage_taken":[{"damage":0,"enemies":"Small Slimes","floor":1,"turns":3},{"damage":3,"enemies":"2 Louse","floor":4,"turns":3},{"damage":6,"enemies":"Jaw Worm","floor":5,"turns":1},{"damage":16,"enemies":"Gremlin Nob","floor":7,"turns":4},{"damage":0,"enemies":"Gremlin Gang","floor":11,"turns":5},{"damage":2,"enemies":"Blue Slaver","floor":14,"turns":1},{"damage":35,"enemies":"The Guardian","floor":16,"turns":8},{"damage":40,"enemies":"3 Byrds","floor":18,"turns":4},{"damage":5,"enemies":"2 Thieves","floor":20,"turns":2},{"damage":9,"enemies":"Cultist and Chosen","floor":22,"turns":4},{"damage":6,"enemies":"3 Cultists","floor":24,"turns":3},{"damage":8,"enemies":"Book of Stabbing","floor":28,"turns":2},{"damage":9,"enemies":"Shelled Parasite and Fungi","floor":29,"turns":2},{"damage":60,"enemies":"Champ","floor":33,"turns":6},{"damage":2,"enemies":"Orb Walker","floor":35,"turns":2},{"damage":34,"enemies":"Mysterious Sphere","floor":37,"turns":3},{"damage":0,"enemies":"3 Shapes","floor":38,"turns":3},{"damage":14,"enemies":"Jaw Worm Horde","floor":39,"turns":3},{"damage":27,"enemies":"Giant Head","floor":41,"turns":7},{"damage":15,"enemies":"Reptomancer","floor":44,"turns":4},{"damage":29,"enemies":"Maw","floor":45,"turns":5},{"damage":49,"enemies":"4 Shapes","floor":47,"turns":3},{"damage":20,"enemies":"Reptomancer","floor":48,"turns":3},{"damage":119,"enemies":"Awakened One","floor":50,"turns":12}],"seed_played":"1139054497184590397","potions_obtained":[{"floor":1,"key":"Weak Potion"},{"floor":4,"key":"AttackPotion"},{"floor":7,"key":"Ancient Potion"},{"floor":11,"key":"Poison Potion"},{"floor":18,"key":"Explosive Potion"},{"floor":24,"key":"SteroidPotion"},{"floor":28,"key":"EssenceOfSteel"},{"floor":35,"key":"Swift Potion"},{"floor":38,"key":"Fire Potion"},{"floor":47,"key":"LiquidBronze"}],"is_trial":false,"path_per_floor":["M","?","?","M","M","R","E","R","T","?","M","$","T","M","R","B",null,"M","$","M","$","M","R","M","R","T","R","E","M","R","?","R","B",null,"M","$","?","M","M","R","E","R","T","M","M","R","M","M","R"],"character_chosen":"THE_SILENT","items_purchased":["Magnetism","Catalyst","Deadly Poison","Snake Skull","Backstab","HandOfGreed"],"campfire_rested":5,"item_purchase_floors":[12,19,19,36,36,36],"current_hp_per_floor":[70,70,76,73,67,67,51,51,57,57,57,57,63,61,61,32,94,54,54,49,49,40,68,62,62,68,68,60,51,96,46,91,37,106,104,104,70,70,56,80,60,84,90,75,46,119,70,50,119,0],"gold":430,"neow_bonus":"","is_prod":false,"is_daily":true,"chose_seed":false,"campfire_upgraded":7,"win_rate":0,"timestamp":1537422594,"path_taken":["M","?","?","M","M","R","E","R","T","?","?","$","?","M","R","BOSS","M","$","?","?","?","R","M","R","T","R","E","M","R","?","R","BOSS","M","$","?","M","?","R","E","R","T","M","M","R","M","?","R","BOSS"],"build_version":"2018-09-18v3","purchased_purges":2,"victory":false,"max_hp_per_floor":[70,70,76,76,76,76,76,76,82,82,82,82,88,88,88,94,94,94,94,94,94,94,94,94,94,100,100,100,100,100,100,100,106,106,106,106,106,106,106,106,113,113,119,119,119,119,119,119,119,119],"card_choices":[{"not_picked":["Escape Plan","Underhanded Strike"],"picked":"Endless Agony","floor":1},{"not_picked":["Deadly Poison","Blade Dance"],"picked":"Bouncing Flask","floor":4},{"not_picked":["Dagger Spray","Cloak And Dagger"],"picked":"Deadly Poison","floor":5},{"not_picked":["Doppelganger","Accuracy"],"picked":"Catalyst","floor":7},{"not_picked":["Underhanded Strike","Outmaneuver"],"picked":"Cloak And Dagger","floor":11},{"not_picked":["All Out Attack","Sucker Punch"],"picked":"Noxious Fumes","floor":14},{"not_picked":["Bullet Time","Storm of Steel"],"picked":"Burst","floor":16},{"not_picked":["Prepared","Terror"],"picked":"Bane","floor":17},{"not_picked":["Deflect","Outmaneuver"],"picked":"Bane","floor":17},{"not_picked":["Quick Slash","Caltrops"],"picked":"Finisher","floor":17},{"not_picked":["Endless Agony","Blur"],"picked":"Backstab","floor":17},{"not_picked":["Prepared","After Image"],"picked":"Endless Agony","floor":17},{"not_picked":["Flying Knee","Accuracy"],"picked":"Blade Dance","floor":18},{"not_picked":["Outmaneuver","Tactician","Expertise"],"picked":"SKIP","floor":20},{"not_picked":["Acrobatics+1","Quick Slash"],"picked":"Blade Dance","floor":22},{"not_picked":["Quick Slash","A Thousand Cuts"],"picked":"Cloak And Dagger","floor":24},{"not_picked":["Terror","Backflip"],"picked":"Bouncing Flask","floor":28},{"not_picked":["Underhanded Strike","Flying Knee","Backflip"],"picked":"SKIP","floor":29},{"not_picked":["Die Die Die","Unload"],"picked":"Malaise","floor":33},{"not_picked":["Well Laid Plans+1","Dagger Throw+1"],"picked":"Dagger Spray+1","floor":35},{"not_picked":["Endless Agony+1","Outmaneuver+1"],"picked":"Cloak And Dagger","floor":37},{"not_picked":["Acrobatics+1","Dagger Throw"],"picked":"Dash","floor":38},{"not_picked":["Accuracy","Acrobatics+1"],"picked":"Skewer+1","floor":39},{"not_picked":["Dagger Spray+1","PiercingWail"],"picked":"Bouncing Flask","floor":41},{"not_picked":["Eviscerate+1","Underhanded Strike+1","Acrobatics"],"picked":"SKIP","floor":44},{"not_picked":["Calculated Gamble","Dagger Throw"],"picked":"Deadly Poison+1","floor":45},{"not_picked":["Prepared","Skewer+1"],"picked":"After Image","floor":47},{"not_picked":["Dodge and Roll+1","Leg Sweep"],"picked":"Cloak And Dagger+1","floor":48}],"player_experience":691422,"relics_obtained":[{"floor":7,"key":"Vajra"},{"floor":9,"key":"Centennial Puzzle"},{"floor":13,"key":"Smiling Mask"},{"floor":26,"key":"Regal Pillow"},{"floor":28,"key":"Art of War"},{"floor":37,"key":"Turnip"},{"floor":41,"key":"Strawberry"},{"floor":43,"key":"MawBank"}],"event_choices":[{"event_name":"Living Wall","player_choice":"Change","floor":2,"damage_taken":0},{"event_name":"Accursed Blacksmith","player_choice":"Rummage","floor":3,"damage_taken":0},{"event_name":"Purifier","player_choice":"One Purge","floor":10,"damage_taken":0},{"event_name":"Knowing Skull","player_choice":"GOLD GOLD GOLD GOLD ","floor":31,"damage_taken":0},{"event_name":"Mysterious Sphere","player_choice":"Fight","floor":37,"damage_taken":0}],"is_beta":true,"boss_relics":[{"not_picked":["Empty Cage","Runic Pyramid"],"picked":"Orrery"},{"not_picked":["HoveringKite","White Beast Statue"],"picked":"Eternal Feather"}],"items_purged_floors":[19,21],"is_endless":false,"potions_floor_spawned":[1,4,7,11,18,24,28,35,38,47],"killed_by":"Awakened One","ascension_level":0}