{"gold_per_floor":[118,131,15,26,201,230,248,281,308,308,308,308],"floor_reached":12,"playtime":390,"items_purged":[],"score":110,"play_id":"d9533178-ae28-49a7-8d6c-71fa7e502034","local_time":"20190701031854","is_ascension_mode":true,"campfire_choices":[{"floor":10,"key":"REST"}],"neow_cost":"NONE","seed_source_timestamp":304260232605000,"circlet_count":0,"master_deck":["Strike_B","Strike_B","Strike_B","Strike_B","Defend_B","Defend_B","Defend_B","Defend_B","Zap","Dualcast","Hologram","Genetic Algorithm","Melter","Melter","Glacier","Capacitor","Static Discharge"],"relics":["Cracked Core","NeowsBlessing","Dodecahedron","Anchor"],"potions_floor_usage":[6,6,7,8,12],"damage_taken":[{"damage":0,"enemies":"Cultist","floor":1,"turns":1},{"damage":0,"enemies":"Small Slimes","floor":2,"turns":1},{"damage":0,"enemies":"2 Louse","floor":4,"turns":1},{"damage":37,"enemies":"Lagavulin","floor":6,"turns":5},{"damage":16,"enemies":"Exordium Thugs","floor":7,"turns":5},{"damage":15,"enemies":"3 Sentries","floor":8,"turns":8},{"damage":35,"enemies":"Lagavulin","floor":12,"turns":6}],"seed_played":"-1787454324405929257","potions_obtained":[{"floor":2,"key":"SneckoOil"},{"floor":6,"key":"FearPotion"},{"floor":7,"key":"AttackPotion"},{"floor":8,"key":"EssenceOfSteel"}],"is_trial":false,"path_per_floor":["M","M","$","M","?","E","M","E","T","R","?","E"],"character_chosen":"DEFECT","items_purchased":["Melter","Energy Potion"],"campfire_rested":1,"item_purchase_floors":[3,3],"current_hp_per_floor":[75,75,75,75,75,38,22,7,7,29,29,0],"gold":308,"neow_bonus":"THREE_ENEMY_KILL","is_prod":false,"is_daily":false,"chose_seed":false,"campfire_upgraded":0,"win_rate":0,"timestamp":1561965534,"path_taken":["M","M","$","?","?","E","M","E","T","R","?","E"],"build_version":"2019-06-29","purchased_purges":0,"victory":false,"max_hp_per_floor":[75,75,75,75,75,75,75,75,75,75,75,75],"card_choices":[{"not_picked":["Coolheaded","Go for the Eyes"],"picked":"Hologram","floor":1},{"not_picked":["Cold Snap","FTL"],"picked":"Genetic Algorithm","floor":2},{"not_picked":["Storm","Redo"],"picked":"Melter","floor":4},{"not_picked":["Fission","Chill"],"picked":"Glacier","floor":6},{"not_picked":["Redo","Go for the Eyes"],"picked":"Capacitor","floor":7},{"not_picked":["Steam","Multi-Cast"],"picked":"Static Discharge","floor":8}],"player_experience":1167409,"relics_obtained":[{"floor":6,"key":"Dodecahedron"},{"floor":8,"key":"Anchor"}],"event_choices":[{"damage_healed":0,"gold_gain":175,"player_choice":"AGREE","damage_taken":0,"max_hp_gain":0,"max_hp_loss":0,"event_name":"Liars Game","floor":5,"gold_loss":0,"cards_obtained":["Doubt"]},{"cards_removed":["Doubt"],"damage_healed":0,"gold_gain":0,"player_choice":"Removed Curses","damage_taken":0,"max_hp_gain":0,"max_hp_loss":0,"event_name":"Fountain of Cleansing","floor":11,"gold_loss":0}],"is_beta":true,"boss_relics":[],"items_purged_floors":[],"is_endless":false,"potions_floor_spawned":[2,6,7,8],"killed_by":"Lagavulin","ascension_level":5}