{"gold_per_floor":[117,192,192,207,225,225,256,267,267,267,279,279,244,1,1,1],"floor_reached":16,"playtime":388,"items_purged":[],"score":125,"play_id":"74976549-11bf-4f88-8fa1-6c00b42c87c4","local_time":"20190610034458","is_ascension_mode":true,"campfire_choices":[{"data":"Zap","floor":6,"key":"SMITH"},{"floor":10,"key":"REST"},{"data":"Core Surge","floor":15,"key":"SMITH"}],"neow_cost":"CURSE","seed_source_timestamp":1677913110534000,"circlet_count":0,"master_deck":["Strike_B+1","Strike_B","Strike_B","Strike_B+1","Defend_B","Defend_B","Defend_B","Defend_B","Zap+1","Dualcast","Electrodynamics","Gash","Conserve Battery","Core Surge+1","FTL","Rebound"],"relics":["Cracked Core","Bag of Marbles","Mummified Hand"],"potions_floor_usage":[7,8],"damage_taken":[{"damage":0,"enemies":"Small Slimes","floor":1,"turns":3},{"damage":2,"enemies":"2 Louse","floor":4,"turns":2},{"damage":0,"enemies":"Jaw Worm","floor":5,"turns":3},{"damage":25,"enemies":"3 Sentries","floor":7,"turns":4},{"damage":0,"enemies":"2 Fungi Beasts","floor":8,"turns":2},{"damage":0,"enemies":"Exordium Wildlife","floor":11,"turns":2},{"damage":59,"enemies":"The Guardian","floor":16,"turns":8}],"seed_played":"-4817421418030702946","potions_obtained":[{"floor":4,"key":"LiquidBronze"},{"floor":7,"key":"AttackPotion"}],"is_trial":false,"path_per_floor":["M","?","?","M","M","R","E","M","T","R","M","?","?","$","R","B"],"character_chosen":"DEFECT","items_purchased":["Mummified Hand"],"campfire_rested":1,"item_purchase_floors":[14],"current_hp_per_floor":[75,64,57,55,55,55,30,30,30,52,52,37,55,55,55,0],"gold":1,"neow_bonus":"THREE_RARE_CARDS","is_prod":false,"is_daily":false,"chose_seed":false,"campfire_upgraded":2,"win_rate":0,"timestamp":1560152698,"path_taken":["M","?","?","M","M","R","E","M","T","R","M","?","?","?","R","BOSS"],"build_version":"2019-06-07","purchased_purges":0,"victory":false,"max_hp_per_floor":[75,75,75,75,75,75,75,75,75,75,75,75,75,75,75,75],"card_choices":[{"not_picked":["Seek","Buffer"],"picked":"Electrodynamics","floor":0},{"not_picked":["Rip and Tear","Self Repair"],"picked":"Gash","floor":1},{"not_picked":["Beam Cell","Cold Snap"],"picked":"Conserve Battery","floor":4},{"not_picked":["Sweeping Beam","Force Field","Go for the Eyes"],"picked":"SKIP","floor":5},{"not_picked":["Turbo","Gash"],"picked":"Core Surge","floor":7},{"not_picked":["Barrage","Rip and Tear"],"picked":"FTL","floor":8},{"not_picked":["Barrage","Redo"],"picked":"Rebound","floor":11}],"player_experience":1015854,"relics_obtained":[{"floor":7,"key":"Bag of Marbles"}],"event_choices":[{"damage_healed":0,"gold_gain":75,"player_choice":"Gather Gold","damage_taken":11,"max_hp_gain":0,"max_hp_loss":0,"event_name":"World of Goop","floor":2,"gold_loss":0},{"cards_removed":["Doubt"],"damage_healed":0,"gold_gain":0,"player_choice":"Card Removal","damage_taken":7,"max_hp_gain":0,"max_hp_loss":0,"event_name":"Golden Wing","floor":3,"gold_loss":0},{"damage_healed":0,"gold_gain":0,"player_choice":"Entered Light","damage_taken":15,"max_hp_gain":0,"max_hp_loss":0,"event_name":"Shining Light","floor":12,"gold_loss":0,"cards_upgraded":["Strike_B","Strike_B"]},{"damage_healed":18,"gold_gain":0,"player_choice":"Healed","damage_taken":0,"max_hp_gain":0,"max_hp_loss":0,"event_name":"The Cleric","floor":13,"gold_loss":35}],"is_beta":true,"boss_relics":[],"items_purged_floors":[],"is_endless":false,"potions_floor_spawned":[4,7],"killed_by":"The Guardian","ascension_level":5}