{"gold_per_floor":[213,85,95,95,20,54,88,88,88,100,112,168,195,207,219,231],"floor_reached":16,"playtime":349,"items_purged":["Strike_G"],"score":212,"play_id":"4453a831-bd33-4775-bfcd-dfc3d9703b5d","local_time":"20190610210911","is_ascension_mode":true,"campfire_choices":[{"floor":8,"key":"REST"},{"floor":15,"key":"REST"}],"neow_cost":"NONE","seed_source_timestamp":2312427723026003,"circlet_count":0,"master_deck":["AscendersBane","Defend_G","Defend_G","Defend_G","Defend_G","Defend_G","Strike_G","Strike_G","Strike_G","Survivor","Neutralize","Quick Slash","Dagger Spray+1","Dash","Backflip","Flying Knee","Well Laid Plans"],"relics":["Ring of the Snake","Golden Idol","Sundial","Odd Mushroom","MawBank","Unceasing Top"],"potions_floor_usage":[7,12,12],"damage_taken":[{"damage":0,"enemies":"2 Louse","floor":1,"turns":3},{"damage":0,"enemies":"Jaw Worm","floor":3,"turns":6},{"damage":40,"enemies":"Gremlin Nob","floor":6,"turns":6},{"damage":0,"enemies":"The Mushroom Lair","floor":7,"turns":3},{"damage":21,"enemies":"Lagavulin","floor":12,"turns":6},{"damage":2,"enemies":"Small Slimes","floor":13,"turns":3},{"damage":46,"enemies":"Slime Boss","floor":16,"turns":8}],"seed_played":"-4238518549565667250","potions_obtained":[{"floor":3,"key":"Explosive Potion"},{"floor":6,"key":"SteroidPotion"},{"floor":7,"key":"Strength Potion"}],"is_trial":false,"path_per_floor":["M","$","M","?","?","E","?","R","T","?","?","E","M","$","R","B"],"character_chosen":"THE_SILENT","items_purchased":["Dagger Spray"],"campfire_rested":2,"item_purchase_floors":[2],"current_hp_per_floor":[59,59,59,59,59,19,19,37,37,42,42,21,19,19,38,0],"gold":231,"neow_bonus":"HUNDRED_GOLD","is_prod":false,"is_daily":false,"chose_seed":false,"campfire_upgraded":0,"win_rate":0,"timestamp":1560226151,"path_taken":["M","$","M","?","?","E","?","R","T","?","?","E","M","$","R","BOSS"],"build_version":"2019-01-23","purchased_purges":1,"victory":false,"max_hp_per_floor":[66,66,66,60,60,60,60,60,60,65,65,65,65,65,65,65],"card_choices":[{"not_picked":["Outmaneuver","Underhanded Strike"],"picked":"Quick Slash","floor":1},{"not_picked":["Calculated Gamble","Poisoned Stab"],"picked":"Dash","floor":3},{"not_picked":["Deflect","Dagger Throw"],"picked":"Backflip","floor":6},{"not_picked":["All Out Attack","Concentrate"],"picked":"Flying Knee","floor":12},{"not_picked":["Dash","Backflip"],"picked":"Well Laid Plans","floor":13}],"player_experience":790915,"relics_obtained":[{"floor":6,"key":"Sundial"},{"floor":7,"key":"Odd Mushroom"},{"floor":9,"key":"MawBank"},{"floor":12,"key":"Unceasing Top"}],"event_choices":[{"damage_healed":0,"gold_gain":0,"player_choice":"Lose Max HP","damage_taken":0,"relics_obtained":["Golden Idol"],"max_hp_gain":0,"max_hp_loss":6,"event_name":"Golden Idol","floor":4,"gold_loss":0},{"cards_removed":["Strike_G"],"damage_healed":0,"gold_gain":0,"player_choice":"Card Removal","damage_taken":0,"max_hp_gain":0,"max_hp_loss":0,"event_name":"The Cleric","floor":5,"gold_loss":75},{"damage_healed":0,"gold_gain":0,"player_choice":"Fought Mushrooms","damage_taken":0,"max_hp_gain":0,"max_hp_loss":0,"event_name":"Mushrooms","floor":7,"gold_loss":0},{"damage_healed":0,"gold_gain":0,"player_choice":"Donut","damage_taken":0,"max_hp_gain":5,"max_hp_loss":0,"event_name":"Big Fish","floor":10,"gold_loss":0},{"damage_healed":0,"gold_gain":0,"player_choice":"Grow","damage_taken":0,"max_hp_gain":0,"max_hp_loss":0,"event_name":"Living Wall","floor":11,"gold_loss":0,"cards_upgraded":["Dagger Spray"]}],"is_beta":false,"boss_relics":[],"items_purged_floors":[2],"is_endless":false,"potions_floor_spawned":[3,6,7],"killed_by":"Slime Boss","ascension_level":20}