{"path_per_floor":["M","?","?","M","?","R","E","R","T","$","M","E","$","M","R","B",null,"M","?","?","$","?","E","M","?","T","M","R","M","?","M","R"],"character_chosen":"DEFECT","items_purchased":["Apotheosis","Trip","Self Repair","Omamori"],"gold_per_floor":[20,20,20,35,285,285,323,323,323,58,76,107,35,50,50,178,178,193,193,193,48,76,111,123,123,123,143,143,161,161,172,172,172],"floor_reached":33,"campfire_rested":2,"playtime":1380,"current_hp_per_floor":[73,73,69,68,68,68,49,71,71,71,65,57,57,47,69,56,76,76,76,76,76,76,29,24,24,24,31,31,31,31,35,35,0],"items_purged":[],"gold":172,"score":298,"play_id":"2a8b7058-b17a-4f5c-b232-f22c0d995599","local_time":"20180507153021","is_prod":false,"is_daily":false,"chose_seed":false,"is_ascension_mode":false,"campfire_upgraded":3,"timestamp":1525721421,"path_taken":["M","?","?","?","?","R","E","R","T","?","M","E","$","M","R","BOSS","M","?","?","$","?","E","?","?","T","M","R","M","?","M","R","BOSS"],"build_version":"2018-05-03","seed_source_timestamp":1891296995868190,"purchased_purges":0,"victory":false,"master_deck":["Strike_B","Strike_B","Strike_B","Strike_B","Defend_B","Defend_B","Defend_B","Defend_B","Zap","Dualcast","Amplify+1","Regret","Sunder+1","Apotheosis+1","Trip","Biased Cognition","Melter","Self Repair","Biased Cognition","Rebound+1","Writhe","Buffer","Ghostly","Ghostly","Ghostly","Ghostly","Ghostly","Buffer","Auto Shields","Static Discharge"],"max_hp_per_floor":[75,75,69,69,69,69,76,76,76,76,76,76,76,76,76,76,76,76,76,76,76,76,76,76,38,38,38,38,38,38,38,38,38],"relics":["Cracked Core","Bloody Idol","Strawberry","Toolbox","DataDisk","Lizard Tail","Bag of Marbles","Omamori","Red Mask","Regal Pillow","Bottled Flame"],"card_choices":[{"not_picked":["Reboot","Multi-Cast"],"picked":"Amplify","floor":0},{"not_picked":["Skim","Reinforced Body"],"picked":"Sunder","floor":7},{"not_picked":["Hologram","Streamline"],"picked":"Biased Cognition","floor":11},{"not_picked":["Impulse","Ball Lightning"],"picked":"Melter","floor":12},{"not_picked":["Seek","Creative AI"],"picked":"Biased Cognition","floor":16},{"not_picked":["Streamline","Sweeping Beam"],"picked":"Rebound","floor":18},{"not_picked":["Gash","Rip and Tear"],"picked":"Buffer","floor":22},{"not_picked":["Conserve Battery","Leap"],"picked":"Buffer","floor":27},{"not_picked":["Leap","Axe Kick"],"picked":"Static Discharge","floor":31}],"player_experience":166099,"potions_floor_usage":[7,11,16,22,22,23,31,31,33],"damage_taken":[{"damage":2,"enemies":"2 Louse","floor":1,"turns":3},{"damage":1,"enemies":"Jaw Worm","floor":4,"turns":4},{"damage":26,"enemies":"3 Sentries","floor":7,"turns":6},{"damage":6,"enemies":"Small Slimes","floor":11,"turns":3},{"damage":8,"enemies":"Gremlin Nob","floor":12,"turns":3},{"damage":10,"enemies":"Gremlin Gang","floor":14,"turns":3},{"damage":23,"enemies":"The Guardian","floor":16,"turns":7},{"damage":8,"enemies":"Shell Parasite","floor":18,"turns":4},{"damage":3,"enemies":"Masked Bandits","floor":22,"turns":2},{"damage":59,"enemies":"Gremlin Leader","floor":23,"turns":9},{"damage":24,"enemies":"3 Byrds","floor":24,"turns":5},{"damage":24,"enemies":"Snake Plant","floor":27,"turns":5},{"damage":12,"enemies":"Centurion and Healer","floor":29,"turns":6},{"damage":11,"enemies":"Chosen and Byrds","floor":31,"turns":7},{"damage":42,"enemies":"Automaton","floor":33,"turns":10}],"event_choices":[{"event_name":"The Cleric","player_choice":"Leave","floor":2,"damage_taken":0},{"event_name":"Golden Idol","player_choice":"Lose Max HP","floor":3,"damage_taken":0},{"event_name":"Golden Shrine","player_choice":"Desecrate","floor":5,"damage_taken":0},{"event_name":"Forgotten Altar","player_choice":"Gave Idol","floor":19,"damage_taken":0},{"event_name":"The Mausoleum","player_choice":"Yes","floor":20,"damage_taken":0},{"event_name":"Masked Bandits","player_choice":"Fought over 48 gold","floor":22,"damage_taken":0},{"event_name":"Ghosts","player_choice":"Became a Ghost","floor":25,"damage_taken":0},{"event_name":"The Library","player_choice":"Read","floor":30,"damage_taken":0}],"boss_relics":[{"not_picked":["Tiny House","Black Star"],"picked":"Lizard Tail"}],"potions_floor_spawned":[4,7,11,16,18,22,23,29,31],"seed_played":"-7467211748561411866","killed_by":"Automaton","ascension_level":0,"is_trial":false}