{"path_per_floor":["M","M","?","M","?","R","M","R","T","M","?","?","$","M","R"],"character_chosen":"DEFECT","items_purchased":["Symbiotic Virus","Toolbox","Bag of Preparation"],"gold_per_floor":[369,379,379,395,570,570,589,589,614,626,701,758,113,126,126,126],"floor_reached":16,"campfire_rested":2,"playtime":500,"current_hp_per_floor":[69,68,68,62,62,62,41,63,63,54,43,22,22,22,44,0],"items_purged":[],"gold":126,"score":92,"play_id":"4fab9c68-5093-4085-b833-6ae381790e96","local_time":"20180430135246","is_prod":false,"is_daily":false,"chose_seed":false,"is_ascension_mode":false,"campfire_upgraded":1,"timestamp":1525110766,"path_taken":["M","M","?","?","?","R","M","R","T","M","?","?","?","M","R","BOSS"],"build_version":"2018-04-27v3","seed_source_timestamp":1281538358256566,"purchased_purges":0,"victory":false,"master_deck":["Strike_B","Strike_B","Strike_B","Strike_B","Defend_B","Defend_B","Defend_B","Defend_B","Zap","Dualcast","Clumsy","Defragment+1","Undo+1","Injury","Doubt","Tempest","Coolheaded","Double Energy","Hyperbeam","Tempest"],"max_hp_per_floor":[75,75,75,75,75,75,75,75,75,75,75,75,75,75,75,75],"relics":["Cracked Core","Anchor","Dream Catcher","Symbiotic Virus","Toolbox","Bag of Preparation"],"card_choices":[{"not_picked":["Stack","Coolheaded"],"picked":"Defragment","floor":1},{"not_picked":["Streamline","Coolheaded"],"picked":"Undo","floor":2},{"not_picked":["Hologram","Barrage"],"picked":"Tempest","floor":7},{"not_picked":["Capacitor","Sweeping Beam"],"picked":"Coolheaded","floor":10},{"not_picked":["Barrage","Axe Kick"],"picked":"Double Energy","floor":12},{"not_picked":["Go for the Eyes","Darkness"],"picked":"Hyperbeam","floor":14},{"not_picked":["Reinforced Body","Streamline"],"picked":"Tempest","floor":15}],"player_experience":94250,"potions_floor_usage":[7,12,12,14,14],"damage_taken":[{"damage":6,"enemies":"Jaw Worm","floor":1,"turns":3},{"damage":1,"enemies":"Cultist","floor":2,"turns":3},{"damage":7,"enemies":"2 Louse","floor":4,"turns":3},{"damage":28,"enemies":"Exordium Thugs","floor":7,"turns":4},{"damage":9,"enemies":"2 Fungi Beasts","floor":10,"turns":3},{"damage":21,"enemies":"Lagavulin Event","floor":12,"turns":5},{"damage":0,"enemies":"Looter","floor":14,"turns":2},{"damage":49,"enemies":"The Guardian","floor":16,"turns":6}],"event_choices":[{"event_name":"Accursed Blacksmith","player_choice":"Forge","floor":3,"damage_taken":0},{"event_name":"Liars Game","player_choice":"agreed","floor":5,"damage_taken":0},{"event_name":"World of Goop","player_choice":"Gather Gold","floor":11,"damage_taken":0},{"event_name":"Dead Adventurer","player_choice":"Searched \u00272\u0027 times","floor":12,"damage_taken":0}],"boss_relics":[],"potions_floor_spawned":[2,4,7,12,12],"seed_played":"-3909923088978882487","killed_by":"The Guardian","ascension_level":0,"is_trial":false}