{"path_per_floor":["M","M","M","?","M","R","?","M","T","M","E","M","R","M","R","B",null,"M","?","?","?","?"],"character_chosen":"IRONCLAD","items_purchased":[],"gold_per_floor":[144,189,234,184,229,229,229,274,274,319,409,454,454,499,499,799,799,844,844,844,844,759,759],"floor_reached":23,"campfire_rested":3,"playtime":985,"current_hp_per_floor":[80,80,78,78,70,80,80,59,59,42,37,41,66,63,87,48,90,62,102,81,81,81,0],"items_purged":[],"gold":759,"score":243,"play_id":"47b81af8-db2e-45be-af26-e61d0a0daa86","local_time":"20180331205055","daily_mods":["Diverse","Midas","Elite Swarm"],"is_prod":false,"is_daily":true,"is_ascension_mode":false,"campfire_upgraded":0,"timestamp":1522543855,"path_taken":["M","M","M","?","M","R","?","M","T","?","E","?","R","M","R","BOSS","M","?","?","?","?","E"],"build_version":"2018-03-29v2","purchased_purges":0,"victory":false,"master_deck":["Strike_R","Strike_R","Strike_R","Strike_R","Strike_R","Defend_R","Bash","Blade Dance","Malaise","Clash","Evolve","Reckless Charge","Carnage","Feed","Bludgeon"],"max_hp_per_floor":[80,80,80,80,80,80,80,80,80,80,80,85,85,87,87,90,90,92,102,107,107,107,110],"relics":["Black Blood","Sundial","Singing Bowl","Prayer Wheel"],"card_choices":[{"not_picked":["Sword Boomerang","Perfected Strike"],"picked":"Clash","floor":1},{"not_picked":["Sever Soul","Second Wind"],"picked":"Berserk","floor":3},{"not_picked":["Searing Blow","Armaments"],"picked":"Evolve","floor":5},{"not_picked":["Twin Strike","Havoc"],"picked":"Reckless Charge","floor":8},{"not_picked":["Seeing Red","Pummel"],"picked":"Carnage","floor":10},{"not_picked":["Berserk","Fiend Fire"],"picked":"Feed","floor":11},{"not_picked":["Demon Form","Double Tap"],"picked":"Bludgeon","floor":16}],"player_experience":572379,"potions_floor_usage":[8,11,11,18],"damage_taken":[{"damage":1,"enemies":"2 Louse","floor":1,"turns":3},{"damage":6,"enemies":"Jaw Worm","floor":2,"turns":3},{"damage":8,"enemies":"Small Slimes","floor":3,"turns":3},{"damage":14,"enemies":"Blue Slaver","floor":5,"turns":3},{"damage":39,"enemies":"Exordium Thugs","floor":8,"turns":6},{"damage":23,"enemies":"Lots of Slimes","floor":10,"turns":3},{"damage":11,"enemies":"Gremlin Nob","floor":11,"turns":5},{"damage":7,"enemies":"Looter","floor":12,"turns":3},{"damage":11,"enemies":"Red Slaver","floor":14,"turns":4},{"damage":48,"enemies":"Hexaghost","floor":16,"turns":10},{"damage":40,"enemies":"Spheric Guardian","floor":18,"turns":4},{"damage":90,"enemies":"Slavers","floor":23,"turns":5}],"event_choices":[{"event_name":"The Cleric","player_choice":"Card Removal","floor":4,"damage_taken":0},{"event_name":"Wheel of Change","player_choice":"Card Removal","floor":7,"damage_taken":0},{"event_name":"Bonfire Elementals","player_choice":"RARE","floor":19,"damage_taken":0},{"event_name":"Forgotten Altar","player_choice":"Shed Blood","floor":20,"damage_taken":0},{"event_name":"Purifier","player_choice":"One Purge","floor":21,"damage_taken":0},{"event_name":"Addict","player_choice":"Obtained Relic","floor":22,"damage_taken":0}],"boss_relics":[{"not_picked":["Pandora\u0027s Box","Philosopher\u0027s Stone"],"picked":"Black Blood"}],"potions_floor_spawned":[5,8,10,16],"seed_played":"2322324997357656423","killed_by":"Slavers","ascension_level":0,"is_trial":false}