{"gold_per_floor":[19,19,33,46,59,91,91,91,91,91,91,91,109,109,109,207,207,226,242,4,0,15,15,44,44,44,56],"floor_reached":27,"playtime":957,"items_purged":[],"score":373,"play_id":"0fd0f090-c089-43f4-af56-c8abe75722bd","local_time":"20190630095023","is_ascension_mode":true,"campfire_choices":[{"floor":7,"key":"REST"},{"data":"Demon Form","floor":12,"key":"SMITH"},{"data":"Feed","floor":15,"key":"SMITH"},{"floor":23,"key":"REST"}],"neow_cost":"NO_GOLD","seed_source_timestamp":240792587871500,"circlet_count":0,"master_deck":["Strike_R","Strike_R","Strike_R","Defend_R","Defend_R","Defend_R","Defend_R","Bash","Cleave","Thunderclap","Demon Form+1","Dropkick","Feed+1","Power Through","Clash","Brutality","Wild Strike+1","True Grit","Barricade","Body Slam","Bash"],"relics":["Burning Blood","Self Forming Clay","FaceOfCleric","Pantograph","Runic Cube","Singing Bowl","Strawberry","MawBank"],"potions_floor_usage":[5,6,16,19,24],"damage_taken":[{"damage":3,"enemies":"Jaw Worm","floor":1,"turns":5},{"damage":1,"enemies":"Cultist","floor":3,"turns":3},{"damage":0,"enemies":"2 Louse","floor":4,"turns":3},{"damage":34,"enemies":"Exordium Thugs","floor":5,"turns":4},{"damage":55,"enemies":"Lagavulin","floor":6,"turns":6},{"damage":6,"enemies":"2 Fungi Beasts","floor":13,"turns":3},{"damage":45,"enemies":"Slime Boss","floor":16,"turns":9},{"damage":44,"enemies":"Shell Parasite","floor":18,"turns":7},{"damage":7,"enemies":"2 Thieves","floor":19,"turns":3},{"damage":23,"enemies":"Centurion and Healer","floor":22,"turns":6},{"damage":59,"enemies":"Slavers","floor":24,"turns":5},{"damage":44,"enemies":"Shelled Parasite and Fungi","floor":27,"turns":4}],"seed_played":"2443904821070328395","potions_obtained":[{"floor":3,"key":"LiquidBronze"},{"floor":4,"key":"BloodPotion"},{"floor":13,"key":"Poison Potion"},{"floor":18,"key":"EssenceOfSteel"},{"floor":22,"key":"SkillPotion"}],"is_trial":false,"path_per_floor":["M","?","M","M","M","E","R","?","T","$","?","R","M","?","R","B",null,"M","M","$","?","M","R","E","?","T","M"],"character_chosen":"IRONCLAD","items_purchased":["Singing Bowl"],"campfire_rested":2,"item_purchase_floors":[20],"current_hp_per_floor":[91,91,96,96,92,43,71,71,71,71,71,71,75,68,68,55,90,53,57,57,57,47,81,40,40,40,0],"gold":56,"neow_bonus":"TWENTY_PERCENT_HP_BONUS","is_prod":false,"is_daily":false,"chose_seed":false,"campfire_upgraded":2,"win_rate":0,"timestamp":1561902623,"path_taken":["M","?","?","M","M","E","R","?","T","?","?","R","?","?","R","BOSS","M","M","$","?","M","R","E","?","T","M"],"build_version":"2019-06-29","purchased_purges":0,"victory":false,"max_hp_per_floor":[96,96,96,96,96,96,96,96,96,96,96,96,100,100,100,101,101,102,107,107,107,114,114,126,126,126,130],"card_choices":[{"not_picked":["Sword Boomerang","Flex"],"picked":"Cleave","floor":1},{"not_picked":["Spot Weakness","Twin Strike"],"picked":"Thunderclap","floor":3},{"not_picked":["Sword Boomerang","Clothesline"],"picked":"Demon Form","floor":4},{"not_picked":["Clothesline","Armaments"],"picked":"Dropkick","floor":5},{"not_picked":["Rampage","True Grit"],"picked":"Feed","floor":6},{"not_picked":["Flex","Rampage"],"picked":"Clash","floor":13},{"not_picked":["Impervious","Exhume"],"picked":"Brutality","floor":16},{"not_picked":["Flex","Armaments"],"picked":"Wild Strike+1","floor":18},{"not_picked":["Wild Strike","Sword Boomerang"],"picked":"True Grit","floor":19},{"not_picked":["Flex","Metallicize","Headbutt"],"picked":"Singing Bowl","floor":22},{"not_picked":["Havoc","Heavy Blade+1"],"picked":"Barricade","floor":24}],"player_experience":1156334,"relics_obtained":[{"floor":6,"key":"Self Forming Clay"},{"floor":24,"key":"Strawberry"},{"floor":26,"key":"MawBank"}],"event_choices":[{"cards_removed":["Strike_R"],"damage_healed":0,"gold_gain":0,"player_choice":"Purged","damage_taken":0,"max_hp_gain":0,"max_hp_loss":0,"event_name":"Purifier","floor":2,"gold_loss":0},{"damage_healed":0,"gold_gain":0,"player_choice":"Trade","damage_taken":0,"relics_obtained":["FaceOfCleric"],"max_hp_gain":0,"max_hp_loss":0,"event_name":"FaceTrader","floor":8,"gold_loss":0},{"damage_healed":0,"gold_gain":0,"cards_transformed":["Strike_R"],"player_choice":"Transformed","damage_taken":0,"max_hp_gain":0,"max_hp_loss":0,"event_name":"Transmorgrifier","floor":11,"gold_loss":0,"cards_obtained":["Power Through"]},{"damage_healed":0,"gold_gain":0,"player_choice":"Success","damage_taken":7,"relics_obtained":["Pantograph"],"max_hp_gain":0,"max_hp_loss":0,"event_name":"Scrap Ooze","floor":14,"gold_loss":0},{"damage_healed":0,"gold_gain":0,"player_choice":"Paid Fearfully","damage_taken":0,"max_hp_gain":0,"max_hp_loss":0,"event_name":"Masked Bandits","floor":21,"gold_loss":4},{"damage_healed":0,"gold_gain":0,"player_choice":"2 cards matched","damage_taken":0,"max_hp_gain":0,"max_hp_loss":0,"event_name":"Match and Keep!","floor":25,"gold_loss":0,"cards_obtained":["Body Slam","Bash"]}],"is_beta":true,"boss_relics":[{"not_picked":["Mark of Pain","Orrery"],"picked":"Runic Cube"}],"items_purged_floors":[],"is_endless":false,"potions_floor_spawned":[3,4,13,18,22],"killed_by":"Shelled Parasite and Fungi","ascension_level":8}