{"gold_per_floor":[109,109,57,57,73,73,106,106,133,159,175,203,42,74,74,74],"floor_reached":16,"playtime":552,"items_purged":[],"score":277,"play_id":"dc11de99-a376-43e7-88ce-9d7c3c1383d3","local_time":"20190531233002","is_ascension_mode":true,"campfire_choices":[{"data":"Sword Boomerang","floor":6.0,"key":"SMITH"},{"data":"Feed","floor":8.0,"key":"SMITH"},{"data":"Spot Weakness","floor":15,"key":"SMITH"}],"neow_cost":"NONE","seed_source_timestamp":8490834889938,"circlet_count":0,"master_deck":["AscendersBane","Strike_R","Strike_R","Strike_R","Strike_R","Defend_R","Defend_R+1","Defend_R","Defend_R","Bash","Spot Weakness+1","Sword Boomerang+1","Cleave","Feed+1","Battle Trance+1","Flex","Warcry","Fiend Fire","Pummel"],"special_seed":0,"relics":["Burning Blood","Frozen Egg 2","Omamori","War Paint","Prayer Wheel","Kunai"],"potions_floor_usage":[],"damage_taken":[{"damage":1.0,"enemies":"Cultist","floor":1.0,"turns":3.0},{"damage":5.0,"enemies":"Small Slimes","floor":5.0,"turns":4.0},{"damage":40.0,"enemies":"Lagavulin","floor":7.0,"turns":7.0},{"damage":20.0,"enemies":"3 Sentries","floor":10.0,"turns":6.0},{"damage":0.0,"enemies":"2 Louse","floor":11.0,"turns":1.0},{"damage":7.0,"enemies":"Lagavulin","floor":12.0,"turns":4.0},{"damage":22,"enemies":"3 Sentries","floor":14,"turns":5},{"damage":33,"enemies":"Hexaghost","floor":16,"turns":7}],"seed_played":"-6223439196663081086","potions_obtained":[{"floor":1.0,"key":"Swift Potion"},{"floor":5.0,"key":"Energy Potion"},{"floor":10.0,"key":"Explosive Potion"},{"floor":11.0,"key":"Fruit Juice"}],"is_trial":false,"path_per_floor":["M","?","$","?","M","R","E","R","T","E","M","E","$","E","R","B"],"character_chosen":"IRONCLAD","items_purchased":["Sword Boomerang","Fiend Fire"],"campfire_rested":0,"item_purchase_floors":[3,13],"current_hp_per_floor":[80,80,80,73,74,74,40,40,40,30,36,40,40,28,28,0],"gold":74,"neow_bonus":"TEN_PERCENT_HP_BONUS","is_prod":false,"is_daily":false,"chose_seed":false,"campfire_upgraded":3,"win_rate":0,"timestamp":1559338202,"path_taken":["M","?","$","?","M","R","E","R","T","E","M","E","$","E","R","BOSS"],"build_version":"2019-01-23","purchased_purges":0,"victory":false,"max_hp_per_floor":[82,82,82,82,82,82,82,82,82,86,86,91,91,95,95,95],"card_choices":[{"not_picked":["Warcry","Iron Wave"],"picked":"Spot Weakness","floor":1.0},{"not_picked":["Dual Wield","Headbutt"],"picked":"Cleave","floor":5.0},{"not_picked":["Perfected Strike","Heavy Blade"],"picked":"Feed","floor":7.0},{"not_picked":["Twin Strike","Flex"],"picked":"Battle Trance","floor":10.0},{"not_picked":["Armaments","Warcry"],"picked":"Flex","floor":11.0},{"not_picked":["Cleave","Heavy Blade"],"picked":"Warcry","floor":12.0},{"not_picked":["Thunderclap","Ghostly Armor"],"picked":"Pummel","floor":14}],"player_experience":574989,"relics_obtained":[{"floor":7.0,"key":"Frozen Egg 2"},{"floor":9.0,"key":"Omamori"},{"floor":10.0,"key":"War Paint"},{"floor":12.0,"key":"Prayer Wheel"},{"floor":14,"key":"Kunai"}],"event_choices":[{"damage_healed":0.0,"max_hp_gain":0.0,"max_hp_loss":0.0,"gold_gain":0.0,"event_name":"The Cleric","player_choice":"Leave","floor":2.0,"gold_loss":0.0,"damage_taken":0.0},{"cards_removed":["Strike_R"],"damage_healed":0.0,"max_hp_gain":0.0,"max_hp_loss":0.0,"gold_gain":0.0,"event_name":"Golden Wing","player_choice":"Card Removal","floor":4.0,"gold_loss":0.0,"damage_taken":7.0}],"is_beta":false,"boss_relics":[],"items_purged_floors":[],"is_endless":false,"potions_floor_spawned":[1,5,10,11],"killed_by":"Hexaghost","ascension_level":20}