{"gold_per_floor":[362,380,17,31,31,31,45,56,113,130,149,149,169,36,36,137,137,150,150,169,50,50],"floor_reached":22,"playtime":654,"items_purged":[],"score":225,"play_id":"cabdbe45-cfa9-4d7f-a9d8-1bb6ca87af47","local_time":"20190610035602","is_ascension_mode":true,"campfire_choices":[{"floor":6,"key":"REST"},{"floor":12,"key":"REST"},{"floor":15,"key":"REST"}],"neow_cost":"PERCENT_DAMAGE","seed_source_timestamp":1678310331591700,"circlet_count":0,"master_deck":["Strike_B","Strike_B","Strike_B","Strike_B","Defend_B","Defend_B","Defend_B","Defend_B","Zap","Dualcast","Static Discharge","Scrape","Mayhem+1","Loop","Reprogram","Ball Lightning","Steam","Gash","Gash","Defragment","Defragment","Trip","Creative AI","Gash","Bandage Up","Rainbow","Auto Shields","Static Discharge","Steam","Streamline","Leap"],"relics":["Cracked Core","Omamori","Tiny Chest","Black Star"],"potions_floor_usage":[4,10,11,16,16,18,20],"damage_taken":[{"damage":0,"enemies":"2 Louse","floor":1,"turns":2},{"damage":1,"enemies":"Cultist","floor":2,"turns":3},{"damage":12,"enemies":"Small Slimes","floor":4,"turns":2},{"damage":16,"enemies":"Exordium Thugs","floor":7,"turns":4},{"damage":12,"enemies":"Looter","floor":8,"turns":3},{"damage":9,"enemies":"2 Fungi Beasts","floor":10,"turns":3},{"damage":14,"enemies":"Lots of Slimes","floor":11,"turns":2},{"damage":21,"enemies":"Exordium Wildlife","floor":13,"turns":4},{"damage":31,"enemies":"Slime Boss","floor":16,"turns":6},{"damage":29,"enemies":"Shell Parasite","floor":18,"turns":4},{"damage":18,"enemies":"Chosen","floor":20,"turns":5},{"damage":18,"enemies":"Centurion and Healer","floor":22,"turns":1}],"seed_played":"7601483080956462483","potions_obtained":[{"floor":2,"key":"Weak Potion"},{"floor":4,"key":"LiquidBronze"},{"floor":8,"key":"FocusPotion"},{"floor":11,"key":"Ancient Potion"},{"floor":13,"key":"PowerPotion"},{"floor":16,"key":"Weak Potion"},{"floor":18,"key":"EssenceOfSteel"}],"is_trial":false,"path_per_floor":["M","M","$","M","?","R","M","M","T","M","M","R","M","$","R","B",null,"M","?","M","$","M"],"character_chosen":"DEFECT","items_purchased":["Omamori","Mayhem","Loop","Defragment","Trip","Steam","Streamline","Leap"],"campfire_rested":3,"item_purchase_floors":[3,3,3,14,14,21,21,21],"current_hp_per_floor":[54,53,53,41,41,63,47,35,35,26,12,34,13,13,35,4,57,28,28,14,14,0],"gold":50,"neow_bonus":"TWO_FIFTY_GOLD","is_prod":false,"is_daily":false,"chose_seed":false,"campfire_upgraded":0,"win_rate":0,"timestamp":1560153362,"path_taken":["M","M","$","M","?","R","?","M","T","M","M","R","?","$","R","BOSS","M","?","?","$","M"],"build_version":"2019-06-07","purchased_purges":0,"victory":false,"max_hp_per_floor":[75,75,75,75,75,75,75,75,75,75,75,75,75,75,75,75,75,75,75,75,75,75],"card_choices":[{"not_picked":["Conserve Battery","Steam"],"picked":"Static Discharge","floor":1},{"not_picked":["Redo","Beam Cell"],"picked":"Scrape","floor":2},{"not_picked":["Force Field","Barrage"],"picked":"Reprogram","floor":4},{"not_picked":["Coolheaded","Go for the Eyes"],"picked":"Ball Lightning","floor":7},{"not_picked":["Leap","Sweeping Beam"],"picked":"Steam","floor":8},{"not_picked":["Doom and Gloom","Leap"],"picked":"Gash","floor":10},{"not_picked":["Redo","Streamline"],"picked":"Gash","floor":11},{"not_picked":["BootSequence","Sweeping Beam"],"picked":"Defragment","floor":13},{"not_picked":["Fission","Biased Cognition"],"picked":"Creative AI","floor":16},{"not_picked":["Ball Lightning","Cold Snap"],"picked":"Gash","floor":18},{"not_picked":["Beam Cell+1","Go for the Eyes"],"picked":"Static Discharge","floor":20}],"player_experience":1016242,"relics_obtained":[{"floor":9,"key":"Tiny Chest"}],"event_choices":[{"damage_healed":0,"gold_gain":0,"player_choice":"Upgraded","damage_taken":0,"max_hp_gain":0,"max_hp_loss":0,"event_name":"Upgrade Shrine","floor":5,"gold_loss":0,"cards_upgraded":["Mayhem"]},{"damage_healed":0,"gold_gain":0,"player_choice":"3 cards matched","damage_taken":0,"max_hp_gain":0,"max_hp_loss":0,"event_name":"Match and Keep!","floor":19,"gold_loss":0,"cards_obtained":["Bandage Up","Rainbow","Auto Shields"]}],"is_beta":true,"boss_relics":[{"not_picked":["Ectoplasm","Coffee Dripper"],"picked":"Black Star"}],"items_purged_floors":[],"is_endless":false,"potions_floor_spawned":[2,4,8,11,13,16,18],"killed_by":"Centurion and Healer","ascension_level":5}