{"gold_per_floor":[118,118,15,26,37,37,71,71,96,96,110,110,135,147,147,247,247,267,267,63,82,101,101,101,101,124,153,33,33],"floor_reached":29,"playtime":901,"items_purged":[],"score":243,"play_id":"da3bd9ae-7e04-4419-b58e-d845e02fb4a5","local_time":"20180705053703","is_ascension_mode":true,"campfire_choices":[{"data":"Storm","floor":6,"key":"SMITH"},{"floor":8,"key":"REST"},{"data":"Defragment","floor":10,"key":"SMITH"},{"floor":15,"key":"REST"},{"floor":23,"key":"REST"}],"neow_cost":"","seed_source_timestamp":279867571895799,"circlet_count":0,"master_deck":["Strike_B","Strike_B","Strike_B","Defend_B","Defend_B","Zap+1","Dualcast+1","Aggregate+1","Defragment+1","Conserve Battery","Sweeping Beam","Storm+1","Recycle","Lockon","Parasite","Storm","Buffer","Buffer","Thunder Strike+1","Rebound+1","Consume+1","Conserve Battery+1","RitualDagger","Go for the Eyes","Stack","Writhe","Coolheaded+1"],"relics":["Cracked Core","DataDisk","Ancient Tea Set","War Paint","Astrolabe","Medical Kit","The Courier","Happy Flower","Strawberry","Red Mask","Pen Nib"],"potions_floor_usage":[4,14,21,22,29],"damage_taken":[{"damage":11,"enemies":"Jaw Worm","floor":1,"turns":3},{"damage":0,"enemies":"2 Louse","floor":4,"turns":3},{"damage":0,"enemies":"Small Slimes","floor":5,"turns":3},{"damage":19,"enemies":"Lagavulin","floor":7,"turns":7},{"damage":7,"enemies":"3 Louse","floor":11,"turns":3},{"damage":25,"enemies":"3 Sentries","floor":13,"turns":5},{"damage":8,"enemies":"Looter","floor":14,"turns":3},{"damage":55,"enemies":"The Guardian","floor":16,"turns":11},{"damage":10,"enemies":"Spheric Guardian","floor":18,"turns":3},{"damage":10,"enemies":"Chosen","floor":21,"turns":4},{"damage":18,"enemies":"Snake Plant","floor":22,"turns":3},{"damage":32,"floor":27,"turns":4},{"damage":34,"enemies":"Gremlin Leader","floor":29,"turns":4}],"seed_played":"-5019885508786113502","potions_obtained":[{"floor":1,"key":"Swift Potion"},{"floor":11,"key":"FearPotion"},{"floor":16,"key":"Strength Potion"},{"floor":18,"key":"Dexterity Potion"},{"floor":21,"key":"Explosive Potion"},{"floor":27,"key":"Poison Potion"}],"is_trial":false,"path_per_floor":["M","?","$","M","M","R","E","R","T","R","M","?","E","M","R","B",null,"M","?","$","M","M","R","T","?","T","?","$"],"character_chosen":"DEFECT","items_purchased":["Defragment","Conserve Battery","Medical Kit","Pen Nib"],"campfire_rested":3,"item_purchase_floors":[3,3,20,28],"current_hp_per_floor":[64,64,64,64,64,64,45,67,67,67,60,75,50,42,64,9,75,65,59,59,49,31,53,53,53,60,28,28,0],"gold":33,"neow_bonus":"","is_prod":false,"is_daily":false,"chose_seed":false,"campfire_upgraded":2,"win_rate":0,"timestamp":1530783423,"path_taken":["M","?","$","M","M","R","E","R","T","R","M","?","E","M","R","BOSS","M","?","$","M","M","R","?","?","T","?","$","E"],"build_version":"2018-07-04","purchased_purges":0,"victory":false,"max_hp_per_floor":[75,75,75,75,75,75,75,75,75,75,75,75,75,75,75,75,75,75,75,75,75,75,75,75,75,82,82,82,82],"card_choices":[{"not_picked":["Skim","Steam"],"picked":"Aggregate","floor":1},{"not_picked":["Stack","Leap"],"picked":"Sweeping Beam","floor":4},{"not_picked":["Beam Cell","Cold Snap"],"picked":"Storm","floor":5},{"not_picked":["Hologram","Ball Lightning"],"picked":"Recycle","floor":7},{"not_picked":["Turbo","Streamline"],"picked":"Lockon","floor":11},{"not_picked":["Tempest","FTL"],"picked":"Storm","floor":13},{"not_picked":["Reinforced Body","Steam"],"picked":"Buffer","floor":14},{"not_picked":["Reboot","Rainbow"],"picked":"Buffer","floor":16},{"not_picked":["Barrage","Hello World+1"],"picked":"Conserve Battery+1","floor":18},{"not_picked":["Streamline","Steam"],"picked":"Go for the Eyes","floor":21},{"not_picked":["Multi-Cast","Coolheaded"],"picked":"Stack","floor":22},{"not_picked":["Aggregate","Reprogram+1"],"picked":"Coolheaded+1","floor":27}],"player_experience":388566,"relics_obtained":[{"floor":7,"key":"DataDisk"},{"floor":9,"key":"Ancient Tea Set"},{"floor":13,"key":"War Paint"},{"floor":24,"key":"The Courier"},{"floor":26,"key":"Strawberry"},{"floor":27,"key":"Red Mask"}],"event_choices":[{"event_name":"Living Wall","player_choice":"Grow","floor":2,"damage_taken":0},{"event_name":"Mushrooms","player_choice":"Healed and dodged fight","floor":12,"damage_taken":0},{"event_name":"Nest","player_choice":"Joined the Cult","floor":19,"damage_taken":0},{"event_name":"The Mausoleum","player_choice":"Yes","floor":25,"damage_taken":0},{"event_name":"Masked Bandits","player_choice":"Fought over 124 gold","floor":27,"damage_taken":0}],"boss_relics":[{"not_picked":["Velvet Choker","Fusion Hammer"],"picked":"Astrolabe"}],"items_purged_floors":[],"is_endless":false,"potions_floor_spawned":[1,11,16,18,21,27],"killed_by":"Gremlin Leader","ascension_level":1}