{"path_per_floor":["M","?","?","?","?","R","?","M","T","M","R","M","T","M","R","B",null,"M","?","M","M","M","R","$","M","T","?","M","M","R","M","R","B",null,"M","M","M","$","M","R","?","?","T","$","R","?","R","M","R"],"character_chosen":"IRONCLAD","items_purchased":["Bottled Tornado","Bludgeon","Pen Nib","Reaper"],"gold_per_floor":[110,110,110,110,185,185,135,145,196,207,207,220,244,263,263,365,365,378,301,317,335,352,352,15,25,52,52,68,85,85,103,103,199,199,217,228,242,92,112,112,112,112,185,27,27,0,0,14,14,14],"floor_reached":50,"campfire_rested":4,"playtime":2248,"current_hp_per_floor":[80,80,73,66,55,55,55,61,61,64,64,70,70,76,76,50,80,80,80,80,70,36,60,60,55,55,55,58,55,79,57,80,18,80,60,58,52,52,32,66,66,66,66,66,76,76,83,76,86,0],"items_purged":[],"gold":14,"score":461,"play_id":"7f0493e2-e8c3-4d76-8780-a69084781cb9","local_time":"20180424143114","is_prod":false,"is_daily":false,"chose_seed":false,"is_ascension_mode":false,"campfire_upgraded":6,"timestamp":1524594674,"path_taken":["M","?","?","?","?","R","?","?","T","M","R","M","?","M","R","BOSS","M","?","?","?","M","R","$","?","T","?","M","M","R","M","R","BOSS","M","?","M","$","M","R","?","?","T","$","R","?","R","M","R","BOSS"],"build_version":"2018-04-19","seed_source_timestamp":763700982584239,"purchased_purges":0,"victory":false,"master_deck":["Strike_R","Strike_R","Strike_R","Strike_R","Defend_R+1","Defend_R+1","Bash","Warcry+1","Iron Wave","Inflame+1","Ghostly Armor","Clash","Body Slam+1","Impervious","Pommel Strike+1","J.A.X.+1","Dual Wield+1","Feed","Clash","Bludgeon","Metallicize+1","Clash","Flame Barrier","Impervious","Fire Breathing+1","Warcry+1","Good Instincts","Reaper","Body Slam+1"],"max_hp_per_floor":[80,80,80,80,80,80,80,80,80,80,80,80,80,80,80,80,80,80,80,80,80,80,80,80,80,80,80,80,80,80,80,80,80,80,80,80,83,83,83,83,83,83,83,83,83,83,83,86,86,86],"relics":["Burning Blood","War Paint","Happy Flower","Ancient Tea Set","Runic Dome","Bottled Tornado","Prayer Wheel","Eternal Feather","Pen Nib","Letter Opener","Red Mask"],"card_choices":[{"not_picked":["Clash","Uppercut"],"picked":"Warcry","floor":0},{"not_picked":["Body Slam","Twin Strike"],"picked":"Iron Wave","floor":1},{"not_picked":["Uppercut","Evolve"],"picked":"Inflame","floor":8},{"not_picked":["Clothesline","Wild Strike"],"picked":"Ghostly Armor","floor":10},{"not_picked":["Cleave","Wild Strike"],"picked":"Clash","floor":12},{"not_picked":["Seeing Red","Sentinel"],"picked":"Body Slam","floor":14},{"not_picked":["Reaper","Brutality"],"picked":"Impervious","floor":16},{"not_picked":["Havoc","Twin Strike"],"picked":"Pommel Strike","floor":18},{"not_picked":["Twin Strike","Body Slam"],"picked":"Dual Wield","floor":20},{"not_picked":["Whirlwind","Wild Strike"],"picked":"Feed","floor":21},{"not_picked":["Flex","Wild Strike"],"picked":"Clash","floor":22},{"not_picked":["Perfected Strike","Armaments"],"picked":"Metallicize","floor":28},{"not_picked":["Wild Strike","Clothesline"],"picked":"Clash","floor":29},{"not_picked":["Reckless Charge","Flex"],"picked":"Flame Barrier","floor":31},{"not_picked":["Brutality","Reaper"],"picked":"Impervious","floor":33},{"not_picked":["Reckless Charge","Wild Strike"],"picked":"Fire Breathing","floor":36},{"not_picked":["Clothesline","Cleave"],"picked":"Warcry","floor":39},{"not_picked":["Jack Of All Trades","Master of Strategy"],"picked":"Good Instincts","floor":42},{"not_picked":["Flex","Heavy Blade"],"picked":"Body Slam","floor":48}],"player_experience":741377,"potions_floor_usage":[16,16,18,20,22,33,50],"damage_taken":[{"damage":3,"enemies":"Small Slimes","floor":1,"turns":3},{"damage":0,"enemies":"2 Louse","floor":8,"turns":3},{"damage":3,"enemies":"Jaw Worm","floor":10,"turns":3},{"damage":0,"enemies":"2 Fungi Beasts","floor":12,"turns":3},{"damage":0,"enemies":"Exordium Thugs","floor":14,"turns":4},{"damage":32,"enemies":"The Guardian","floor":16,"turns":7},{"damage":5,"enemies":"Shell Parasite","floor":18,"turns":3},{"damage":3,"enemies":"3 Byrds","floor":20,"turns":4},{"damage":16,"enemies":"Snake Plant","floor":21,"turns":2},{"damage":40,"enemies":"Centurion and Healer","floor":22,"turns":4},{"damage":11,"enemies":"Cultist and Chosen","floor":25,"turns":5},{"damage":3,"enemies":"Sentry and Sphere","floor":28,"turns":3},{"damage":9,"enemies":"Snecko","floor":29,"turns":4},{"damage":28,"enemies":"Cultist and Chosen","floor":31,"turns":5},{"damage":68,"enemies":"Champ","floor":33,"turns":8},{"damage":26,"enemies":"Orb Walker","floor":35,"turns":4},{"damage":8,"enemies":"3 Shapes","floor":36,"turns":6},{"damage":15,"enemies":"Sphere and 2 Shapes","floor":37,"turns":6},{"damage":26,"enemies":"3 Darklings","floor":39,"turns":6},{"damage":31,"enemies":"4 Shapes","floor":48,"turns":7},{"damage":113,"enemies":"Time Eater","floor":50,"turns":8}],"event_choices":[{"event_name":"Living Wall","player_choice":"Forget","floor":2,"damage_taken":0},{"event_name":"Scrap Ooze","player_choice":"success","floor":3,"damage_taken":7},{"event_name":"Golden Wing","player_choice":"Card Removal","floor":4,"damage_taken":0},{"event_name":"World of Goop","player_choice":"Gather Gold","floor":5,"damage_taken":0},{"event_name":"The Cleric","player_choice":"Card Removal","floor":7,"damage_taken":0},{"event_name":"Drug Dealer","player_choice":"Got JAXXED","floor":19,"damage_taken":0},{"event_name":"Vampires","player_choice":"Ignored","floor":27,"damage_taken":0},{"event_name":"Mysterious Sphere","player_choice":"Ignore","floor":41,"damage_taken":0},{"event_name":"SensoryStone","player_choice":"Memory 1","floor":42,"damage_taken":0},{"event_name":"Tomb of Lord Red Mask","player_choice":"Paid","floor":46,"damage_taken":0}],"boss_relics":[{"not_picked":["Ectoplasm","Velvet Choker"],"picked":"Runic Dome"},{"not_picked":["Astrolabe","White Beast Statue"],"picked":"Eternal Feather"}],"potions_floor_spawned":[10,14,16,18,20,31,48],"seed_played":"7014908787422134448","killed_by":"Time Eater","ascension_level":0,"is_trial":false}