{"gold_per_floor":[116,116,129,129,141,141,166,193,193,193,193,211,245,257,257,257],"floor_reached":16,"playtime":592,"items_purged":[],"score":132,"play_id":"d224702a-0fb9-435e-8ac4-98bc24716d30","local_time":"20190506043529","is_ascension_mode":true,"campfire_choices":[{"data":"White Noise","floor":6,"key":"SMITH"},{"data":"Loop","floor":11,"key":"SMITH"},{"floor":15,"key":"REST"}],"neow_cost":"NONE","seed_source_timestamp":1666967930506500,"circlet_count":0,"master_deck":["Strike_B","Strike_B","Strike_B","Defend_B","Defend_B","Defend_B","Zap","Dualcast","Glacier","White Noise+1","Turbo","Loop+1","Static Discharge","Darkness","Seek","Heatsinks"],"relics":["Cracked Core","NeowsBlessing","Odd Mushroom","Darkstone Periapt","Boot","Bronze Scales"],"potions_floor_usage":[8,14],"damage_taken":[{"damage":0,"enemies":"Small Slimes","floor":1,"turns":1},{"damage":0,"enemies":"2 Louse","floor":3,"turns":1},{"damage":0,"enemies":"Cultist","floor":5,"turns":1},{"damage":1,"enemies":"The Mushroom Lair","floor":7,"turns":7},{"damage":13,"enemies":"Lagavulin","floor":8,"turns":6},{"damage":11,"enemies":"Looter","floor":12,"turns":4},{"damage":25,"enemies":"3 Sentries","floor":13,"turns":8},{"damage":7,"enemies":"2 Fungi Beasts","floor":14,"turns":4},{"damage":57,"enemies":"Slime Boss","floor":16,"turns":10}],"seed_played":"1680712701567927978","potions_obtained":[{"floor":7,"key":"FearPotion"},{"floor":13,"key":"SkillPotion"},{"floor":14,"key":"Ancient Potion"}],"is_trial":false,"path_per_floor":["M","?","M","?","M","R","?","E","T","?","R","M","E","M","R","B"],"character_chosen":"DEFECT","items_purchased":[],"campfire_rested":1,"item_purchase_floors":[],"current_hp_per_floor":[75,68,68,68,68,68,67,54,54,75,75,64,39,32,54,0],"gold":257,"neow_bonus":"THREE_ENEMY_KILL","is_prod":false,"is_daily":false,"chose_seed":false,"campfire_upgraded":2,"win_rate":0,"timestamp":1557131729,"path_taken":["M","?","M","?","?","R","?","E","T","?","R","M","E","M","R","BOSS"],"build_version":"2019-04-23","purchased_purges":0,"victory":false,"max_hp_per_floor":[75,75,75,75,75,75,75,75,75,75,75,75,75,75,75,75],"card_choices":[{"not_picked":["Hologram","Redo"],"picked":"Glacier","floor":1},{"not_picked":["Consume","Conserve Battery"],"picked":"White Noise","floor":3},{"not_picked":["Ball Lightning","Compile Driver"],"picked":"Turbo","floor":5},{"not_picked":["Stack","FTL"],"picked":"Loop","floor":7},{"not_picked":["Rebound","Hologram"],"picked":"Static Discharge","floor":8},{"not_picked":["Conserve Battery","BootSequence"],"picked":"Darkness","floor":12},{"not_picked":["Ball Lightning","Hologram"],"picked":"Seek","floor":13},{"not_picked":["Steam","Rebound"],"picked":"Heatsinks","floor":14}],"player_experience":847868,"relics_obtained":[{"floor":7,"key":"Odd Mushroom"},{"floor":8,"key":"Darkstone Periapt"},{"floor":9,"key":"Boot"},{"floor":13,"key":"Bronze Scales"}],"event_choices":[{"cards_removed":["Defend_B"],"damage_healed":0,"gold_gain":0,"player_choice":"Card Removal","damage_taken":7,"max_hp_gain":0,"max_hp_loss":0,"event_name":"Golden Wing","floor":2,"gold_loss":0},{"cards_removed":["Strike_B"],"damage_healed":0,"gold_gain":0,"player_choice":"Purged","damage_taken":0,"max_hp_gain":0,"max_hp_loss":0,"event_name":"Purifier","floor":4,"gold_loss":0},{"damage_healed":0,"gold_gain":0,"player_choice":"Fought Mushrooms","damage_taken":0,"max_hp_gain":0,"max_hp_loss":0,"event_name":"Mushrooms","floor":7,"gold_loss":0},{"damage_healed":25,"gold_gain":0,"player_choice":"Banana","damage_taken":0,"max_hp_gain":0,"max_hp_loss":0,"event_name":"Big Fish","floor":10,"gold_loss":0}],"is_beta":true,"boss_relics":[],"items_purged_floors":[],"is_endless":false,"potions_floor_spawned":[7,13,14],"killed_by":"Slime Boss","ascension_level":4}