{"path_per_floor":["M","M","?","?","M","R","E","R","T","M","$","M","?","?","R","B",null,"M","$","M","?","?","R","?","R","T","M","R","M","M","M","R","B",null,"M","$","?","?","?","R","M","R","T","R","M","?","?","M","R"],"character_chosen":"IRONCLAD","items_purchased":["Trip","Immolate","Fire Potion","Energy Potion","Flex","Swift Strike"],"gold_per_floor":[18,38,38,38,49,49,74,74,98,115,25,39,39,39,39,135,135,154,35,47,47,47,47,47,47,47,64,64,84,99,116,116,214,214,226,25,25,25,0,0,11,11,38,38,51,51,51,68,68],"floor_reached":50,"campfire_rested":6,"playtime":2480,"current_hp_per_floor":[80,80,80,80,80,80,40,40,40,49,49,55,83,83,83,60,87,37,37,27,27,27,60,44,63,65,36,67,62,47,23,61,17,81,71,71,71,71,71,71,38,79,81,81,53,76,76,42,86],"items_purged":[],"gold":68,"score":513,"play_id":"d3f096b8-13ca-4093-bdcc-cb2df4bbc617","local_time":"20180320161952","is_prod":false,"is_daily":false,"is_ascension_mode":true,"campfire_upgraded":0,"timestamp":1521577192,"path_taken":["M","M","?","?","?","R","E","R","T","M","$","M","?","?","R","BOSS","M","$","M","?","?","R","?","R","T","M","R","M","M","M","R","BOSS","M","$","?","?","?","R","M","R","T","R","M","?","?","M","R","BOSS"],"build_version":"2018-03-15v3","purchased_purges":0,"victory":false,"master_deck":["Defend_R","Defend_R","Defend_R","Bash","Infernal Blade","Power Through","Feed+1","Flex","Trip","Clash","Demon Form","Immolate","Bite","Bite","Bite","Bite","Necronomicurse","Double Tap","Flex","Swift Strike","Inflame+1","Writhe"],"max_hp_per_floor":[80,80,80,80,80,80,80,80,80,83,83,83,83,83,83,87,87,89,89,91,63,63,63,63,63,65,67,67,73,75,77,77,81,81,87,87,87,87,87,87,87,87,89,89,91,91,91,97,97],"relics":["Burning Blood","Shovel","Happy Flower","Juzu Bracelet","Oddly Smooth Stone","Gremlin Horn","Regal Pillow","Singing Bowl","White Beast Statue","Prayer Wheel","Necronomicon","Ginger","Black Star","Red Mask","Dodecahedron","Art of War","Magic Flower"],"card_choices":[{"not_picked":["Cleave","Pommel Strike"],"picked":"Infernal Blade"},{"not_picked":["Evolve","Sword Boomerang"],"picked":"Rage"},{"not_picked":["Perfected Strike","Sentinel"],"picked":"Power Through"},{"not_picked":["Shockwave","Warcry"],"picked":"Feed"},{"not_picked":["Sword Boomerang","Sever Soul"],"picked":"Flex"},{"not_picked":["Armaments","Twin Strike"],"picked":"Clash"},{"not_picked":["Exhume","Reaper"],"picked":"Demon Form"},{"not_picked":["Brutality","Fiend Fire"],"picked":"Double Tap"},{"not_picked":["Sword Boomerang","Armaments"],"picked":"Inflame"}],"player_experience":485376,"potions_floor_usage":[12,16,16,20,29,30,30,33,33,33,35,41,41,48,50,50],"damage_taken":[{"damage":4,"enemies":"Jaw Worm","floor":1,"turns":5},{"damage":5,"enemies":"Cultist","floor":2,"turns":4},{"damage":0,"enemies":"2 Louse","floor":5,"turns":2},{"damage":46,"enemies":"Gremlin Nob","floor":7,"turns":5},{"damage":0,"enemies":"Exordium Thugs","floor":10,"turns":3},{"damage":0,"enemies":"Blue Slaver","floor":12,"turns":3},{"damage":33,"enemies":"Slime Boss","floor":16,"turns":11},{"damage":58,"enemies":"Spheric Guardian","floor":18,"turns":10},{"damage":18,"enemies":"3 Byrds","floor":20,"turns":5},{"damage":47,"enemies":"3 Cultists","floor":27,"turns":7},{"damage":21,"enemies":"Snake Plant","floor":29,"turns":3},{"damage":31,"enemies":"Cultist and Chosen","floor":30,"turns":5},{"damage":42,"enemies":"Centurion and Healer","floor":31,"turns":6},{"damage":72,"enemies":"Collector","floor":33,"turns":8},{"damage":24,"enemies":"Orb Walker","floor":35,"turns":4},{"damage":65,"enemies":"3 Darklings","floor":41,"turns":8},{"damage":56,"enemies":"Maw","floor":45,"turns":7},{"damage":63,"enemies":"4 Shapes","floor":48,"turns":6},{"damage":106,"enemies":"Donu and Deca","floor":50,"turns":5}],"event_choices":[{"event_name":"Accursed Blacksmith","player_choice":"Rummage","floor":3,"damage_taken":0},{"event_name":"Purifier","player_choice":"One Purge","floor":4,"damage_taken":0},{"event_name":"Bonfire Elementals","player_choice":"UNCOMMON","floor":13,"damage_taken":0},{"event_name":"Living Wall","player_choice":"Grow","floor":14,"damage_taken":0},{"event_name":"Vampires","player_choice":"Became a vampire","floor":21,"damage_taken":0},{"event_name":"The Mausoleum","player_choice":"Yes","floor":22,"damage_taken":0},{"event_name":"Cursed Tome","player_choice":"Obtained Book","floor":24,"damage_taken":0},{"event_name":"Purifier","player_choice":"One Purge","floor":37,"damage_taken":0},{"event_name":"Mysterious Sphere","player_choice":"Ignore","floor":38,"damage_taken":0},{"event_name":"Tomb of Lord Red Mask","player_choice":"Paid","floor":39,"damage_taken":0},{"event_name":"Winding Halls","player_choice":"Writhe","floor":46,"damage_taken":0}],"boss_relics":[{"not_picked":["Sozu","Velvet Choker"],"picked":"White Beast Statue"},{"not_picked":["Calling Bell","Pandora\u0027s Box"],"picked":"Black Star"}],"potions_floor_spawned":[1,7,10,18,20,27,29,30,31,33,35,41,45,48],"seed_played":"4184638093696607873","killed_by":"Donu and Deca","ascension_level":1,"is_trial":false}