{"gold_per_floor":[118,68,84,84,102,136,136,172,196,196,33,51,51],"floor_reached":13,"playtime":1149,"items_purged":["Strike_B"],"score":98,"play_id":"4569c6f1-39db-4188-9657-70e4d79d2007","local_time":"20190616220109","is_ascension_mode":true,"campfire_choices":[{"data":"Go for the Eyes","floor":7,"key":"SMITH"}],"neow_cost":"NONE","seed_source_timestamp":1060664542147,"circlet_count":0,"master_deck":["Strike_B","Strike_B+1","Defend_B+1","Defend_B+1","Defend_B","Defend_B","Zap","Dualcast+1","Cold Snap","Go for the Eyes+1","Blizzard","Auto Shields","Storm","Skim","Storm","White Noise"],"relics":["Cracked Core","Golden Idol","Smiling Mask","War Paint","PreservedInsect"],"potions_floor_usage":[6,13],"damage_taken":[{"damage":1,"enemies":"Jaw Worm","floor":1,"turns":3},{"damage":0,"enemies":"Small Slimes","floor":3,"turns":3},{"damage":2,"enemies":"2 Louse","floor":5,"turns":2},{"damage":26,"enemies":"3 Sentries","floor":6,"turns":7},{"damage":12,"enemies":"Lagavulin","floor":8,"turns":7},{"damage":1,"enemies":"Large Slime","floor":12,"turns":6},{"damage":10,"enemies":"Gremlin Nob","floor":13,"turns":3}],"seed_played":"6622086867911386485","potions_obtained":[{"floor":3,"key":"Fire Potion"},{"floor":6,"key":"SteroidPotion"}],"is_trial":false,"path_per_floor":["M","?","M","?","M","E","R","E","T","?","$","M","E"],"character_chosen":"DEFECT","items_purchased":["Skim","Storm"],"campfire_rested":0,"item_purchase_floors":[11,11],"current_hp_per_floor":[81,81,81,61,59,33,33,21,21,5,5,4,0],"gold":51,"neow_bonus":"TEN_PERCENT_HP_BONUS","is_prod":false,"is_daily":false,"chose_seed":false,"campfire_upgraded":1,"win_rate":0,"timestamp":1560736869,"path_taken":["M","?","M","?","M","E","R","E","T","?","$","M","E"],"build_version":"2019-01-23","purchased_purges":1,"victory":false,"max_hp_per_floor":[82,82,82,82,82,82,82,82,82,82,82,82,82],"card_choices":[{"not_picked":["Barrage","Sweeping Beam"],"picked":"Cold Snap","floor":1},{"not_picked":["Barrage","Redo"],"picked":"Go for the Eyes","floor":3},{"not_picked":["Streamline","Turbo"],"picked":"Blizzard","floor":5},{"not_picked":["Go for the Eyes","Coolheaded"],"picked":"Auto Shields","floor":6},{"not_picked":["Steam","Ball Lightning"],"picked":"Storm","floor":8},{"not_picked":["Coolheaded","Tempest"],"picked":"White Noise","floor":12}],"player_experience":45419,"relics_obtained":[{"floor":6,"key":"Smiling Mask"},{"floor":8,"key":"War Paint"},{"floor":9,"key":"PreservedInsect"}],"event_choices":[{"cards_removed":["Strike_B"],"damage_healed":0,"gold_gain":0,"player_choice":"Card Removal","damage_taken":0,"max_hp_gain":0,"max_hp_loss":0,"event_name":"The Cleric","floor":2,"gold_loss":50},{"damage_healed":0,"gold_gain":0,"player_choice":"Take Damage","damage_taken":20,"relics_obtained":["Golden Idol"],"max_hp_gain":0,"max_hp_loss":0,"event_name":"Golden Idol","floor":4,"gold_loss":0},{"damage_healed":0,"gold_gain":0,"player_choice":"Entered Light","damage_taken":16,"max_hp_gain":0,"max_hp_loss":0,"event_name":"Shining Light","floor":10,"gold_loss":0,"cards_upgraded":["Strike_B","Dualcast"]}],"is_beta":false,"boss_relics":[],"items_purged_floors":[11],"is_endless":false,"potions_floor_spawned":[3,6],"killed_by":"Gremlin Nob","ascension_level":1}