{"gold_per_floor":[363,376,388,51,51,51,51,51,51,62,80,108,121,155,155,231,231,248,258,30,47,47,73,73,129,180,180,199,234,245,165,165,244,244,257,275,294,314,314,314],"floor_reached":40,"playtime":1489,"items_purged":["Strike_G","Strike_G"],"score":995,"play_id":"bd79ac87-4fd7-4564-9ea6-c8bbd2732197","local_time":"20190610213825","is_ascension_mode":true,"campfire_choices":[{"data":"Apotheosis","floor":6.0,"key":"SMITH"},{"floor":8.0,"key":"REST"},{"data":"Adrenaline","floor":15.0,"key":"SMITH"},{"floor":24.0,"key":"REST"},{"floor":32.0,"key":"RECALL"}],"neow_cost":"TEN_PERCENT_HP_LOSS","seed_source_timestamp":2312788850943559,"circlet_count":0,"master_deck":["AscendersBane","Defend_G","Defend_G","Defend_G","Defend_G","Defend_G","Strike_G","Strike_G","Strike_G","Survivor","Neutralize","Deadly Poison","Dagger Spray","Adrenaline+1","Bane","Apotheosis+1","Bouncing Flask","Deadly Poison","Catalyst","Wraith Form v2","Night Terror","Noxious Fumes","Night Terror","Wraith Form v2","Catalyst","Acrobatics+1"],"special_seed":0,"relics":["Ring of the Snake","Bag of Marbles","The Courier","Anchor","Ancient Tea Set","Runic Dome","Bottled Lightning","Enchiridion","Bronze Scales","Tiny Chest","Centennial Puzzle","Strawberry","Fusion Hammer"],"potions_floor_usage":[40],"damage_taken":[{"damage":8.0,"enemies":"Cultist","floor":1.0,"turns":6.0},{"damage":0.0,"enemies":"Jaw Worm","floor":2.0,"turns":5.0},{"damage":0.0,"enemies":"Small Slimes","floor":3.0,"turns":3.0},{"damage":0.0,"enemies":"Exordium Thugs","floor":10.0,"turns":3.0},{"damage":0.0,"enemies":"Looter","floor":11.0,"turns":3.0},{"damage":7.0,"enemies":"Lagavulin","floor":12.0,"turns":4.0},{"damage":2.0,"enemies":"Large Slime","floor":13.0,"turns":3.0},{"damage":4.0,"enemies":"3 Sentries","floor":14.0,"turns":5.0},{"damage":17.0,"enemies":"Slime Boss","floor":16.0,"turns":10.0},{"damage":0.0,"enemies":"Chosen","floor":18.0,"turns":3.0},{"damage":1.0,"enemies":"2 Thieves","floor":19.0,"turns":4.0},{"damage":0.0,"enemies":"3 Cultists","floor":21.0,"turns":4.0},{"damage":2.0,"enemies":"Gremlin Leader","floor":23.0,"turns":4.0},{"damage":2.0,"enemies":"Book of Stabbing","floor":25.0,"turns":4.0},{"damage":0.0,"enemies":"Centurion and Healer","floor":28.0,"turns":4.0},{"damage":8.0,"enemies":"Gremlin Leader","floor":29.0,"turns":5.0},{"damage":0.0,"enemies":"Sentry and Sphere","floor":30.0,"turns":4.0},{"damage":2.0,"enemies":"Champ","floor":33.0,"turns":4.0},{"damage":2.0,"enemies":"3 Darklings","floor":35.0,"turns":3.0},{"damage":2.0,"enemies":"3 Shapes","floor":36.0,"turns":5.0},{"damage":0,"enemies":"Writhing Mass","floor":37,"turns":4},{"damage":3,"enemies":"Jaw Worm Horde","floor":38,"turns":3},{"damage":43,"enemies":"Reptomancer","floor":40,"turns":2}],"seed_played":"8229127015361347152","potions_obtained":[{"floor":1.0,"key":"GhostInAJar"},{"floor":10.0,"key":"SkillPotion"},{"floor":12.0,"key":"PowerPotion"},{"floor":19.0,"key":"FearPotion"},{"floor":21.0,"key":"AttackPotion"}],"is_trial":false,"path_per_floor":["M","M","M","$","?","R","?","R","T","M","M","E","M","E","R","B",null,"M","M","$","M","?","E","R","E","T","?","M","E","M","$","R","B",null,"M","M","M","M","?","E"],"character_chosen":"THE_SILENT","items_purchased":["Bane","Apotheosis","Bottled Lightning"],"campfire_rested":2,"item_purchase_floors":[4,4,20],"current_hp_per_floor":[51,51,51,51,25,25,25,43,43,43,43,36,34,30,30,13,48,48,47,47,47,26,24,42,40,40,40,40,39,39,39,39,37,60,58,56,56,53,43,0],"gold":314,"neow_bonus":"TWO_FIFTY_GOLD","is_prod":false,"is_daily":false,"chose_seed":false,"campfire_upgraded":2,"win_rate":0,"timestamp":1560227905,"path_taken":["M","?","M","$","?","R","?","R","T","M","M","E","M","E","R","BOSS","M","M","$","M","?","E","R","E","T","?","M","E","M","$","R","BOSS","M","M","M","M","?","E"],"build_version":"2019-01-23","purchased_purges":2,"victory":false,"max_hp_per_floor":[60,60,60,60,60,60,60,60,60,60,60,60,60,60,60,60,60,60,60,60,60,60,60,60,60,60,60,60,67,67,67,67,67,67,67,67,67,67,67,67],"card_choices":[{"not_picked":["Concentrate","Acrobatics"],"picked":"Deadly Poison","floor":1.0},{"not_picked":["PiercingWail","Underhanded Strike"],"picked":"Dagger Spray","floor":2.0},{"not_picked":["Sucker Punch","Concentrate"],"picked":"Adrenaline","floor":3.0},{"not_picked":["Expertise","Caltrops"],"picked":"Bouncing Flask","floor":10.0},{"not_picked":["Blade Dance","Dagger Spray"],"picked":"Deadly Poison","floor":11.0},{"not_picked":["Sucker Punch","Tools of the Trade","Distraction"],"picked":"SKIP","floor":12.0},{"not_picked":["Prepared","Bouncing Flask"],"picked":"Catalyst","floor":13.0},{"not_picked":["All Out Attack","Flechettes"],"picked":"Wraith Form v2","floor":14.0},{"not_picked":["Tools of the Trade","Phantasmal Killer"],"picked":"Night Terror","floor":16.0},{"not_picked":["PiercingWail+1","Deflect"],"picked":"Noxious Fumes","floor":18.0},{"not_picked":["Deadly Poison","Cloak And Dagger","Accuracy"],"picked":"SKIP","floor":19.0},{"not_picked":["Quick Slash","Noxious Fumes","Dodge and Roll"],"picked":"SKIP","floor":21.0},{"not_picked":["All Out Attack","Blade Dance","Sucker Punch"],"picked":"SKIP","floor":23.0},{"not_picked":["Skewer","Distraction"],"picked":"Night Terror","floor":25.0},{"not_picked":["Dagger Throw","Quick Slash","Flying Knee"],"picked":"SKIP","floor":28.0},{"not_picked":["Eviscerate","Dodge and Roll+1","Prepared"],"picked":"SKIP","floor":29.0},{"not_picked":["Eviscerate+1","Tools of the Trade","All Out Attack"],"picked":"SKIP","floor":30.0},{"not_picked":["Venomology","Tools of the Trade"],"picked":"Wraith Form v2","floor":33.0},{"not_picked":["Dodge and Roll","Flying Knee+1","Slice+1"],"picked":"SKIP","floor":35.0},{"not_picked":["Dagger Throw","Flying Knee","Poisoned Stab+1"],"picked":"SKIP","floor":36.0},{"not_picked":["Deadly Poison","PiercingWail"],"picked":"Catalyst","floor":37},{"not_picked":["Acrobatics+1","Caltrops","Deflect"],"picked":"SKIP","floor":38},{"not_picked":["Caltrops","Deflect"],"picked":"Acrobatics+1","floor":38}],"player_experience":791264,"relics_obtained":[{"floor":9.0,"key":"The Courier"},{"floor":12.0,"key":"Anchor"},{"floor":14.0,"key":"Ancient Tea Set"},{"floor":22.0,"key":"Enchiridion"},{"floor":23.0,"key":"Bronze Scales"},{"floor":25.0,"key":"Tiny Chest"},{"floor":26.0,"key":"Centennial Puzzle"},{"floor":29.0,"key":"Strawberry"}],"event_choices":[{"damage_healed":0.0,"max_hp_gain":0.0,"max_hp_loss":0.0,"gold_gain":0.0,"event_name":"Scrap Ooze","player_choice":"Success","floor":5.0,"gold_loss":0.0,"damage_taken":26.0,"relics_obtained":["Bag of Marbles"]},{"damage_healed":0.0,"max_hp_gain":0.0,"max_hp_loss":0.0,"gold_gain":0.0,"event_name":"Liars Game","player_choice":"Ignored","floor":7.0,"gold_loss":0.0,"damage_taken":0.0},{"damage_healed":0.0,"max_hp_gain":0.0,"max_hp_loss":0.0,"gold_gain":0.0,"event_name":"Cursed Tome","player_choice":"Obtained Book","floor":22.0,"gold_loss":0.0,"damage_taken":21.0},{"damage_healed":0.0,"max_hp_gain":0.0,"max_hp_loss":0.0,"gold_gain":0.0,"event_name":"The Mausoleum","player_choice":"Ignored","floor":27.0,"gold_loss":0.0,"damage_taken":0.0},{"damage_healed":0,"gold_gain":0,"player_choice":"Memory 3","damage_taken":10,"max_hp_gain":0,"max_hp_loss":0,"event_name":"SensoryStone","floor":39,"gold_loss":0}],"is_beta":false,"boss_relics":[{"not_picked":["Lizard Tail","Ring of the Serpent"],"picked":"Runic Dome"},{"not_picked":["Snecko Eye","Tiny House"],"picked":"Fusion Hammer"}],"items_purged_floors":[4,31],"is_endless":false,"potions_floor_spawned":[1,10,12,13,19,21,25],"killed_by":"Reptomancer","ascension_level":20}