{"path_per_floor":["M","?","M","M","T","E","M","?","T","$","?","R","E","M","R","B",null,"M","?","M","M","$","R"],"character_chosen":"IRONCLAD","items_purchased":["Calipers","Blood Vial","Cleave"],"gold_per_floor":[116,116,130,143,196,225,236,336,361,51,51,51,86,98,98,196,196,210,210,220,231,53,53,53],"floor_reached":24,"campfire_rested":3,"playtime":1393,"current_hp_per_floor":[71,71,72,72,72,53,21,21,21,21,45,66,37,39,60,47,72,59,43,9,21,21,42,0],"items_purged":[],"gold":53,"score":206,"play_id":"d604fb3f-5294-49ef-8535-dd90f7e95f17","local_time":"20180426151832","is_prod":false,"is_daily":false,"chose_seed":false,"is_ascension_mode":false,"campfire_upgraded":0,"timestamp":1524770312,"path_taken":["M","?","M","M","?","E","?","?","T","$","?","R","E","?","R","BOSS","M","?","M","?","$","R","E"],"build_version":"2018-04-19","seed_source_timestamp":940173660505734,"purchased_purges":0,"victory":false,"master_deck":["Strike_R+1","Strike_R","Strike_R","Strike_R+1","Strike_R","Defend_R","Defend_R","Defend_R","Defend_R","Bash","Demon Form","Bloodletting","Offering","Limit Break","Feel No Pain","Cleave+1","Cleave"],"max_hp_per_floor":[72,72,72,72,72,72,72,72,72,72,72,72,72,72,72,72,72,72,72,72,72,72,72,72],"relics":["Burning Blood","Lantern","Omamori","Whetstone","Calipers","Bag of Preparation","Lizard Tail","Necronomicon","Blood Vial"],"card_choices":[{"not_picked":["Fiend Fire","Berserk"],"picked":"Demon Form","floor":0},{"not_picked":["Clash","Sword Boomerang"],"picked":"Bloodletting","floor":3},{"not_picked":["Havoc","Intimidate"],"picked":"Offering","floor":14},{"not_picked":["Double Tap","Bludgeon"],"picked":"Limit Break","floor":16},{"not_picked":["Pommel Strike","Havoc"],"picked":"Feel No Pain","floor":18},{"not_picked":["Rampage","Sentinel"],"picked":"Cleave","floor":20}],"player_experience":763838,"potions_floor_usage":[3,4,6,7,13,16,20,24],"damage_taken":[{"damage":7,"enemies":"2 Louse","floor":1,"turns":3},{"damage":0,"enemies":"Cultist","floor":3,"turns":2},{"damage":6,"enemies":"Jaw Worm","floor":4,"turns":3},{"damage":25,"enemies":"3 Sentries","floor":6,"turns":9},{"damage":38,"enemies":"Exordium Thugs","floor":7,"turns":6},{"damage":35,"enemies":"Gremlin Nob","floor":13,"turns":4},{"damage":4,"enemies":"3 Louse","floor":14,"turns":3},{"damage":19,"enemies":"The Guardian","floor":16,"turns":9},{"damage":19,"enemies":"Shell Parasite","floor":18,"turns":3},{"damage":40,"enemies":"Spheric Guardian","floor":20,"turns":6},{"damage":34,"enemies":"Snake Plant","floor":21,"turns":4},{"damage":49,"enemies":"Book of Stabbing","floor":24,"turns":5}],"event_choices":[{"event_name":"The Lab","player_choice":"Got Potions","floor":2,"damage_taken":0},{"event_name":"Golden Shrine","player_choice":"Pray","floor":8,"damage_taken":0},{"event_name":"Big Fish","player_choice":"Banana","floor":11,"damage_taken":0},{"event_name":"Cursed Tome","player_choice":"Obtained Book","floor":19,"damage_taken":0}],"boss_relics":[{"not_picked":["Pandora\u0027s Box","Velvet Choker"],"picked":"Lizard Tail"}],"potions_floor_spawned":[3,4,14,18,21],"seed_played":"-1192264314266419265","killed_by":"Book of Stabbing","ascension_level":0,"is_trial":false}