{"gold_per_floor":[113,129,129,141,155,155,38,69,96,155,155,230,3,17,17,122,122,134,146,146,156,169,204,204,216,239,239],"floor_reached":27,"playtime":1535,"items_purged":[],"score":259,"play_id":"ef678fc2-46de-4ef3-9b3a-0c1736aa1c45","local_time":"20180827035729","is_ascension_mode":true,"campfire_choices":[{"floor":6,"key":"REST"},{"floor":11,"key":"REST"},{"floor":15,"key":"REST"},{"floor":24,"key":"REST"}],"neow_cost":"NONE","seed_source_timestamp":1636037094740253,"circlet_count":0,"master_deck":["Strike_B","Strike_B","Strike_B","Strike_B","Defend_B","Defend_B","Defend_B+1","Defend_B","Zap+1","Dualcast","All For One","Fusion","Chill","Redo","Meteor Strike","Loop","BootSequence","Self Repair","Darkness","White Noise","Double Energy","Rainbow","Double Energy+1","Chaos","Conserve Battery+1","Glacier+1","Static Discharge+1","Reprogram"],"relics":["Cracked Core","Anchor","Potion Belt","Bag of Marbles","DataDisk","Snecko Eye","Ancient Tea Set","Oddly Smooth Stone"],"potions_floor_usage":[5,8,14,18,19,22,23,23,27],"damage_taken":[{"damage":0,"enemies":"Small Slimes","floor":1,"turns":3},{"damage":1,"enemies":"Cultist","floor":2,"turns":3},{"damage":0,"enemies":"2 Louse","floor":4,"turns":2},{"damage":21,"enemies":"Large Slime","floor":5,"turns":5},{"damage":26,"enemies":"Gremlin Nob","floor":8,"turns":4},{"damage":9,"enemies":"3 Sentries","floor":10,"turns":7},{"damage":14,"enemies":"Exordium Thugs","floor":14,"turns":5},{"damage":63,"enemies":"The Guardian","floor":16,"turns":12},{"damage":8,"enemies":"3 Byrds","floor":18,"turns":4},{"damage":0,"enemies":"2 Thieves","floor":19,"turns":4},{"damage":12,"enemies":"Chosen and Byrds","floor":21,"turns":5},{"damage":48,"enemies":"Shelled Parasite and Fungi","floor":22,"turns":6},{"damage":36,"enemies":"Gremlin Leader","floor":23,"turns":8},{"damage":15,"enemies":"Snake Plant","floor":25,"turns":3},{"damage":14,"enemies":"Chosen and Byrds","floor":27,"turns":6}],"seed_played":"3743694344087609782","potions_obtained":[{"floor":4,"key":"Poison Potion"},{"floor":5,"key":"Explosive Potion"},{"floor":10,"key":"Dexterity Potion"},{"floor":16,"key":"Poison Potion"},{"floor":18,"key":"AttackPotion"},{"floor":20,"key":"FairyPotion"},{"floor":20,"key":"SteroidPotion"},{"floor":20,"key":"Strength Potion"},{"floor":22,"key":"Swift Potion"},{"floor":25,"key":"FocusPotion"}],"is_trial":false,"path_per_floor":["M","M","?","M","M","R","$","E","T","?","R","?","$","M","R","B",null,"M","M","?","M","M","E","R","M","T"],"character_chosen":"DEFECT","items_purchased":["Loop","BootSequence","DataDisk","White Noise"],"campfire_rested":4,"item_purchase_floors":[7,7,13,13],"current_hp_per_floor":[75,74,59,59,38,60,60,34,34,32,54,54,54,47,69,13,75,67,74,74,69,28,7,29,14,14,0],"gold":239,"neow_bonus":"ONE_RANDOM_RARE_CARD","is_prod":false,"is_daily":false,"chose_seed":false,"campfire_upgraded":0,"win_rate":0,"timestamp":1535356649,"path_taken":["M","M","?","M","M","R","$","E","T","?","R","?","?","M","R","BOSS","M","M","?","?","M","E","R","M","T","?"],"build_version":"2018-08-23v2","purchased_purges":0,"victory":false,"max_hp_per_floor":[75,75,75,75,75,75,75,75,75,75,75,75,75,75,75,75,75,75,75,75,75,75,75,75,75,75,75],"card_choices":[{"not_picked":["Leap","Turbo"],"picked":"Fusion","floor":1},{"not_picked":["Leap","Streamline"],"picked":"Chill","floor":2},{"not_picked":["Ball Lightning","Beam Cell"],"picked":"Redo","floor":4},{"not_picked":["Gash","Ball Lightning"],"picked":"Meteor Strike","floor":5},{"not_picked":["Genetic Algorithm","Creative AI"],"picked":"Self Repair","floor":8},{"not_picked":["Barrage","Compile Driver"],"picked":"Darkness","floor":10},{"not_picked":["Skim","Redo"],"picked":"Double Energy","floor":14},{"not_picked":["Electrodynamics","Echo Form"],"picked":"Rainbow","floor":16},{"not_picked":["Leap","Hologram"],"picked":"Double Energy+1","floor":18},{"not_picked":["Sweeping Beam","Coolheaded"],"picked":"Chaos","floor":19},{"not_picked":["Stack","Gash"],"picked":"Conserve Battery+1","floor":21},{"not_picked":["Static Discharge+1","Cold Snap"],"picked":"Glacier+1","floor":22},{"not_picked":["Reinforced Body+1","Compile Driver"],"picked":"Static Discharge+1","floor":23},{"not_picked":["Steam","Compile Driver"],"picked":"Reprogram","floor":25}],"player_experience":518441,"relics_obtained":[{"floor":8,"key":"Anchor"},{"floor":9,"key":"Potion Belt"},{"floor":10,"key":"Bag of Marbles"},{"floor":23,"key":"Ancient Tea Set"},{"floor":26,"key":"Oddly Smooth Stone"}],"event_choices":[{"event_name":"Shining Light","player_choice":"Entered Light","floor":3,"damage_taken":0},{"event_name":"Dead Adventurer","player_choice":"Searched \u00271\u0027 times","floor":10,"damage_taken":0},{"event_name":"Golden Wing","player_choice":"Gained Gold","floor":12,"damage_taken":0},{"event_name":"The Lab","player_choice":"Got Potions","floor":20,"damage_taken":0}],"is_beta":true,"boss_relics":[{"not_picked":["Runic Dome","Velvet Choker"],"picked":"Snecko Eye"}],"items_purged_floors":[],"is_endless":false,"potions_floor_spawned":[4,5,10,16,18,22,25],"killed_by":"Chosen and Byrds","ascension_level":2}