{"gold_per_floor":[112,112,187,199,199,199,224,149,174,226,226,254,270,90,90,188,188,204,129,129,129,148,148,148,180,192,204,226,266,289,201,201,201],"floor_reached":33,"playtime":4720,"items_purged":["Strike_B","Defend_B"],"score":330,"play_id":"d124872f-9dc8-4c44-b446-9ccbc798604d","local_time":"20190619175332","is_ascension_mode":true,"campfire_choices":[{"data":"Dualcast","floor":6.0,"key":"SMITH"},{"data":"Zap","floor":11,"key":"SMITH"},{"data":"Coolheaded","floor":15,"key":"SMITH"},{"floor":23,"key":"REST"},{"floor":27,"key":"REST"},{"floor":32,"key":"REST"}],"neow_cost":"NONE","seed_source_timestamp":0,"circlet_count":0,"master_deck":["Strike_B","Defend_B","Defend_B","Defend_B","Zap+1","Dualcast+1","Rebound","Hologram","Coolheaded+1","Loop+1","Leap","Steam","Core Surge","Compile Driver","Leap+1","Steam+1"],"special_seed":0,"relics":["Cracked Core","NeowsBlessing","Bag of Marbles","Boot","Omamori","Frozen Egg 2","Fusion Hammer","MawBank","Kunai","Mummified Hand"],"potions_floor_usage":[24,29,29,29,29,29,33,33],"damage_taken":[{"damage":0.0,"enemies":"Jaw Worm","floor":1.0,"turns":1.0},{"damage":0.0,"enemies":"2 Louse","floor":4.0,"turns":1.0},{"damage":0.0,"enemies":"Lagavulin","floor":7.0,"turns":1.0},{"damage":33,"enemies":"3 Sentries","floor":12,"turns":9},{"damage":1,"enemies":"Cultist","floor":13,"turns":3},{"damage":12,"enemies":"The Guardian","floor":16,"turns":14},{"damage":0,"enemies":"Spheric Guardian","floor":18,"turns":4},{"damage":11,"enemies":"2 Thieves","floor":22,"turns":5},{"damage":41,"enemies":"Slavers","floor":25,"turns":11},{"damage":10,"enemies":"3 Cultists","floor":28,"turns":7},{"damage":58,"enemies":"Gremlin Leader","floor":29,"turns":12},{"damage":0,"enemies":"Snecko","floor":30,"turns":6},{"damage":58,"enemies":"Champ","floor":33,"turns":14}],"seed_played":"-5919794515695520965","potions_obtained":[{"floor":4.0,"key":"FearPotion"},{"floor":7,"key":"SteroidPotion"},{"floor":13,"key":"Weak Potion"},{"floor":24,"key":"Fruit Juice"},{"floor":24,"key":"Poison Potion"},{"floor":24,"key":"EntropicBrew"},{"floor":29,"key":"Ancient Potion"},{"floor":30,"key":"FearPotion"}],"is_trial":false,"path_per_floor":["M","?","?","M","?","R","E","$","T","T","R","E","M","$","R","B",null,"M","?","?","$","M","R","?","E","T","R","M","E","M","$","R","B"],"character_chosen":"DEFECT","items_purchased":["Loop+1","Leap","Steam"],"campfire_rested":3,"item_purchase_floors":[14,14,14],"current_hp_per_floor":[75,75,68,68,73,73,73,73,73,73,73,40,39,39,39,27,80,80,80,80,80,69,80,85,44,44,69,59,1,1,1,26,0],"gold":201,"neow_bonus":"THREE_ENEMY_KILL","is_prod":false,"is_daily":false,"chose_seed":false,"campfire_upgraded":3,"win_rate":0,"timestamp":1560984812,"path_taken":["M","?","?","?","?","R","E","$","T","?","R","E","M","$","R","BOSS","M","?","?","$","?","R","?","E","T","R","M","E","?","?","R","BOSS"],"build_version":"2019-01-23","purchased_purges":2,"victory":false,"max_hp_per_floor":[75,75,75,75,80,80,80,80,80,80,80,80,80,80,80,80,80,80,80,80,80,80,80,85,85,85,85,85,85,85,85,85,85],"card_choices":[{"not_picked":["Hologram","Force Field","Self Repair"],"picked":"SKIP","floor":1.0},{"not_picked":["Barrage","Rebound","Self Repair"],"picked":"SKIP","floor":4.0},{"not_picked":["Barrage","Self Repair"],"picked":"Rebound","floor":4.0},{"not_picked":["Steam Power","Scrape","Reprogram"],"picked":"SKIP","floor":7},{"not_picked":["Consume","Beam Cell"],"picked":"Hologram","floor":12},{"not_picked":["BootSequence","Doom and Gloom"],"picked":"Coolheaded","floor":13},{"not_picked":["Fission","Hyperbeam"],"picked":"Core Surge","floor":16},{"not_picked":["Streamline","Stack"],"picked":"Compile Driver","floor":18},{"not_picked":["Ball Lightning","Double Energy+1"],"picked":"Leap+1","floor":22},{"not_picked":["Reinforced Body","Meteor Strike","Turbo"],"picked":"SKIP","floor":25},{"not_picked":["Conserve Battery","Streamline"],"picked":"Steam+1","floor":28},{"not_picked":["Redo","Barrage","Reinforced Body"],"picked":"SKIP","floor":29},{"not_picked":["Force Field","Barrage+1","Compile Driver"],"picked":"SKIP","floor":30}],"player_experience":122796,"relics_obtained":[{"floor":7,"key":"Bag of Marbles"},{"floor":9,"key":"Boot"},{"floor":10,"key":"Omamori"},{"floor":12,"key":"Frozen Egg 2"},{"floor":25,"key":"MawBank"},{"floor":26,"key":"Kunai"},{"floor":29,"key":"Mummified Hand"}],"event_choices":[{"cards_removed":["Strike_B"],"damage_healed":0.0,"max_hp_gain":0.0,"max_hp_loss":0.0,"gold_gain":0.0,"event_name":"Living Wall","player_choice":"Forget","floor":2.0,"gold_loss":0.0,"damage_taken":0.0},{"damage_healed":0.0,"max_hp_gain":0.0,"max_hp_loss":0.0,"gold_gain":75.0,"event_name":"FaceTrader","player_choice":"Touch","floor":3.0,"gold_loss":0.0,"damage_taken":7.0},{"damage_healed":0.0,"max_hp_gain":5.0,"max_hp_loss":0.0,"gold_gain":0.0,"event_name":"Big Fish","player_choice":"Donut","floor":5.0,"gold_loss":0.0,"damage_taken":0.0},{"cards_removed":["Strike_B"],"damage_healed":0,"gold_gain":0,"player_choice":"Gave Gold","damage_taken":0,"max_hp_gain":0,"max_hp_loss":0,"event_name":"Beggar","floor":19,"gold_loss":75},{"damage_healed":0,"gold_gain":0,"player_choice":"Smashed Altar","damage_taken":0,"max_hp_gain":0,"max_hp_loss":0,"event_name":"Forgotten Altar","floor":20,"gold_loss":0,"cards_obtained":["Decay"]},{"damage_healed":0,"gold_gain":0,"player_choice":"Got Potions","damage_taken":0,"max_hp_gain":0,"max_hp_loss":0,"event_name":"Lab","floor":24,"gold_loss":0}],"is_beta":false,"boss_relics":[{"not_picked":["Snecko Eye","Tiny House"],"picked":"Fusion Hammer"}],"items_purged_floors":[8,31],"is_endless":false,"potions_floor_spawned":[4,7,13,29,30],"killed_by":"Champ","ascension_level":1}