{"path_per_floor":["M","$","M","$","M","R","E","M","T","R","M","?","M","M","R","B",null,"M","?","$","M"],"character_chosen":"DEFECT","items_purchased":["Cables","Mind Blast","Frozen Egg 2","Storm","Emotion Chip"],"gold_per_floor":[368,121,138,43,59,59,85,95,395,395,406,581,595,610,610,709,709,723,723,92,107,107],"floor_reached":22,"campfire_rested":2,"playtime":796,"current_hp_per_floor":[38,38,38,38,40,62,56,56,56,75,66,66,59,47,47,7,75,63,49,49,27,0],"items_purged":[],"gold":107,"score":213,"play_id":"dd5b2177-ab70-4388-9cd5-cc822b4f0f18","local_time":"20180506185858","is_prod":false,"is_daily":false,"chose_seed":false,"is_ascension_mode":false,"campfire_upgraded":1,"timestamp":1525647538,"path_taken":["M","$","M","$","M","R","E","M","T","R","M","?","?","M","R","BOSS","M","?","$","M","M"],"build_version":"2018-05-03","seed_source_timestamp":1817997158961474,"purchased_purges":0,"victory":false,"master_deck":["Strike_B","Strike_B","Strike_B","Strike_B","Defend_B","Defend_B","Defend_B","Defend_B","Zap","Dualcast","Tempest","Lockon","Mind Blast+1","Ball Lightning","Capacitor","Loop","Doubt","Nova","Loop","All For One","Parasite","Writhe","Normality","Ball Lightning","Storm+1"],"max_hp_per_floor":[75,75,75,75,75,75,75,75,75,75,75,75,75,75,75,75,75,75,80,80,80,80],"relics":["Cracked Core","Cables","Calipers","Old Coin","Calling Bell","Omamori","Pantograph","Thread and Needle","Frozen Egg 2","Emotion Chip"],"card_choices":[{"not_picked":["Streamline","Conserve Battery"],"picked":"Tempest","floor":1},{"not_picked":["Stack","Rebound"],"picked":"Lockon","floor":3},{"not_picked":["Hologram","Barrage"],"picked":"Ball Lightning","floor":7},{"not_picked":["Turbo","Impulse"],"picked":"Capacitor","floor":8},{"not_picked":["Auto Shields","Go for the Eyes"],"picked":"Loop","floor":11},{"not_picked":["Go for the Eyes","Leap"],"picked":"Nova","floor":13},{"not_picked":["Hologram","Sweeping Beam"],"picked":"Loop","floor":14},{"not_picked":["Seek","Meteor Strike"],"picked":"All For One","floor":16},{"not_picked":["Axe Kick","Doom and Gloom"],"picked":"Ball Lightning","floor":18}],"player_experience":153922,"potions_floor_usage":[5,8,14,16,22],"damage_taken":[{"damage":0,"enemies":"Small Slimes","floor":1,"turns":2},{"damage":0,"enemies":"2 Louse","floor":3,"turns":2},{"damage":1,"enemies":"Cultist","floor":5,"turns":3},{"damage":6,"enemies":"Gremlin Nob","floor":7,"turns":3},{"damage":0,"enemies":"2 Fungi Beasts","floor":8,"turns":2},{"damage":9,"enemies":"Exordium Thugs","floor":11,"turns":3},{"damage":7,"enemies":"Blue Slaver","floor":13,"turns":3},{"damage":12,"enemies":"3 Louse","floor":14,"turns":3},{"damage":40,"enemies":"Slime Boss","floor":16,"turns":9},{"damage":12,"enemies":"Spheric Guardian","floor":18,"turns":4},{"damage":22,"enemies":"2 Thieves","floor":21,"turns":3},{"damage":32,"enemies":"3 Cultists","floor":22,"turns":4}],"event_choices":[{"event_name":"Liars Game","player_choice":"agreed","floor":12,"damage_taken":0},{"event_name":"Forgotten Altar","player_choice":"Shed Blood","floor":19,"damage_taken":0}],"boss_relics":[{"not_picked":["Tiny House","Black Star"],"picked":"Calling Bell"}],"potions_floor_spawned":[3,5,8,13,21],"seed_played":"-2601599064542620740","killed_by":"3 Cultists","ascension_level":0,"is_trial":false}