{"gold_per_floor":[117,117,50,66,66,93,93,123,123,141,175,187,215,215,215,314,314,324,335,335,37,49,77,87,87,87,112,8,8,8,24,24,24],"floor_reached":33,"playtime":1497,"items_purged":[],"score":401,"play_id":"fcb928e7-9a9c-40da-86fd-708496b757df","local_time":"20190609180138","is_ascension_mode":true,"campfire_choices":[{"floor":7,"key":"REST"},{"floor":15,"key":"REST"},{"floor":25,"key":"REST"},{"floor":32,"key":"REST"}],"neow_cost":"NONE","seed_source_timestamp":1641801966928000,"circlet_count":0,"master_deck":["Strike_B","Strike_B","Strike_B","Strike_B","Defend_B","Defend_B","Defend_B","Defend_B","Zap+1","Dualcast","Rebound","Loop","Glacier","Genetic Algorithm","Double Energy","Hyperbeam+1","Barrage","Genetic Algorithm+1","Rainbow+1","Leap+1","Darkness+1","Leap+1","Double Energy+1","Chaos+1","Leap+1","Redo+1","Hyperbeam+1","The Bomb+1","Glacier+1","Self Repair","Stack+1","Chaos+1","Hyperbeam+1","Shame","Fusion+1","BootSequence+1"],"relics":["Cracked Core","Symbiotic Virus","Turnip","Girya","Ginger","Regal Pillow","Toxic Egg 2","Orrery","Membership Card","Matryoshka","Boot","Prayer Wheel","Sundial","DollysMirror","Anchor"],"potions_floor_usage":[6,6,11,11,16,24,27,31],"damage_taken":[{"damage":1,"enemies":"Cultist","floor":1,"turns":3},{"damage":0,"enemies":"2 Louse","floor":4,"turns":2},{"damage":25,"enemies":"3 Sentries","floor":6,"turns":5},{"damage":20,"enemies":"Gremlin Nob","floor":8,"turns":3},{"damage":0,"enemies":"Small Slimes","floor":10,"turns":3},{"damage":2,"enemies":"Lagavulin","floor":11,"turns":7},{"damage":0,"enemies":"Gremlin Gang","floor":12,"turns":2},{"damage":32,"enemies":"Gremlin Nob","floor":13,"turns":4},{"damage":18,"enemies":"Slime Boss","floor":16,"turns":8},{"damage":5,"enemies":"Shell Parasite","floor":18,"turns":6},{"damage":0,"enemies":"Spheric Guardian","floor":19,"turns":4},{"damage":22,"enemies":"Centurion and Healer","floor":22,"turns":5},{"damage":37,"enemies":"Gremlin Leader","floor":23,"turns":5},{"damage":5,"enemies":"Chosen and Byrds","floor":24,"turns":4},{"damage":33,"enemies":"Book of Stabbing","floor":27,"turns":4},{"damage":0,"enemies":"Snecko","floor":31,"turns":4},{"damage":86,"enemies":"Collector","floor":33,"turns":7}],"seed_played":"9079219351696637428","potions_obtained":[{"floor":4,"key":"Energy Potion"},{"floor":6,"key":"Fruit Juice"},{"floor":8,"key":"Fire Potion"},{"floor":10,"key":"Fire Potion"},{"floor":13,"key":"Dexterity Potion"},{"floor":16,"key":"SpeedPotion"},{"floor":24,"key":"Weak Potion"},{"floor":27,"key":"SkillPotion"}],"is_trial":false,"path_per_floor":["M","T","$","M","?","E","R","E","T","M","E","M","E","?","R","B",null,"M","M","?","$","M","E","M","R","T","E","$","?","?","M","R","B"],"character_chosen":"DEFECT","items_purchased":["Loop","Membership Card","The Bomb+1","DollysMirror"],"campfire_rested":4,"item_purchase_floors":[3,21,21,28],"current_hp_per_floor":[74,74,74,74,67,47,71,51,51,51,49,49,17,17,56,38,80,75,75,75,75,53,16,11,50,50,17,17,17,17,24,63,0],"gold":24,"neow_bonus":"UPGRADE_CARD","is_prod":false,"is_daily":false,"chose_seed":false,"campfire_upgraded":0,"win_rate":0,"timestamp":1560117698,"path_taken":["M","?","?","M","?","E","R","E","T","M","E","M","E","?","R","BOSS","M","?","?","$","?","E","M","R","T","E","$","?","?","M","R","BOSS"],"build_version":"2019-06-07","purchased_purges":0,"victory":false,"max_hp_per_floor":[75,75,75,75,75,80,80,80,80,80,80,80,80,80,80,80,80,80,80,80,80,80,80,80,80,80,80,80,80,80,80,80,80],"card_choices":[{"not_picked":["Sweeping Beam","Cold Snap"],"picked":"Rebound","floor":1},{"not_picked":["Chill","Hello World"],"picked":"Glacier","floor":4},{"not_picked":["Steam Power","Storm","Sweeping Beam"],"picked":"SKIP","floor":6},{"not_picked":["Barrage","Blizzard"],"picked":"Genetic Algorithm","floor":8},{"not_picked":["Barrage","Fusion"],"picked":"Double Energy","floor":10},{"not_picked":["Turbo","Leap"],"picked":"Hyperbeam","floor":11},{"not_picked":["Compile Driver","Conserve Battery"],"picked":"Barrage","floor":12},{"not_picked":["Force Field","Sweeping Beam"],"picked":"Genetic Algorithm","floor":13},{"not_picked":["Creative AI","All For One"],"picked":"Rainbow+1","floor":16},{"not_picked":["Streamline","Hello World"],"picked":"Leap+1","floor":17},{"not_picked":["Loop","Hello World"],"picked":"Darkness+1","floor":17},{"not_picked":["Rebound","Defragment"],"picked":"Leap+1","floor":17},{"not_picked":["Auto Shields+1","Genetic Algorithm+1"],"picked":"Double Energy+1","floor":17},{"not_picked":["Rebound","Lockon"],"picked":"Chaos+1","floor":17},{"not_picked":["Go for the Eyes","Static Discharge"],"picked":"Leap+1","floor":18},{"not_picked":["Doom and Gloom","Barrage"],"picked":"Redo+1","floor":19},{"not_picked":["Streamline","Rip and Tear"],"picked":"Glacier+1","floor":22},{"not_picked":["BootSequence+1","Sweeping Beam"],"picked":"Self Repair","floor":23},{"not_picked":["Compile Driver","Barrage+1"],"picked":"Stack+1","floor":24},{"not_picked":["Sweeping Beam+1","Meteor Strike"],"picked":"Chaos+1","floor":27},{"not_picked":["Ball Lightning","Streamline"],"picked":"Fusion+1","floor":31},{"not_picked":["Auto Shields+1","Gash+1","BootSequence+1"],"picked":"SKIP","floor":31},{"not_picked":["Auto Shields+1","Gash+1"],"picked":"BootSequence+1","floor":31}],"player_experience":1008574,"relics_obtained":[{"floor":6,"key":"Turnip"},{"floor":8,"key":"Girya"},{"floor":9,"key":"Ginger"},{"floor":11,"key":"Regal Pillow"},{"floor":13,"key":"Toxic Egg 2"},{"floor":23,"key":"Matryoshka"},{"floor":26,"key":"Boot"},{"floor":26,"key":"Prayer Wheel"},{"floor":27,"key":"Sundial"}],"event_choices":[{"damage_healed":0,"gold_gain":0,"player_choice":"Success","damage_taken":7,"relics_obtained":["Symbiotic Virus"],"max_hp_gain":0,"max_hp_loss":0,"event_name":"Scrap Ooze","floor":5,"gold_loss":0},{"damage_healed":0,"gold_gain":0,"player_choice":"Upgraded","damage_taken":0,"max_hp_gain":0,"max_hp_loss":0,"event_name":"Upgrade Shrine","floor":14,"gold_loss":0,"cards_upgraded":["Hyperbeam"]},{"damage_healed":0,"gold_gain":0,"player_choice":"Copied","damage_taken":0,"max_hp_gain":0,"max_hp_loss":0,"event_name":"Duplicator","floor":20,"gold_loss":0,"cards_obtained":["Hyperbeam"]},{"damage_healed":0,"gold_gain":0,"player_choice":"Stole Relic","damage_taken":0,"relics_obtained":["Anchor"],"max_hp_gain":0,"max_hp_loss":0,"event_name":"Addict","floor":29,"gold_loss":0,"cards_obtained":["Shame"]},{"damage_healed":0,"gold_gain":0,"player_choice":"Ignored","damage_taken":0,"max_hp_gain":0,"max_hp_loss":0,"event_name":"Cursed Tome","floor":30,"gold_loss":0}],"is_beta":true,"boss_relics":[{"not_picked":["Black Star","White Beast Statue"],"picked":"Orrery"}],"items_purged_floors":[],"is_endless":false,"potions_floor_spawned":[4,6,8,10,13,16,24,27],"killed_by":"Collector","ascension_level":4}