{"gold_per_floor":[119,131,131,306,321,347,347,379,379,414,414,429,441,441,441,544,594,604,604,604,529,529,529,563,503],"floor_reached":25,"playtime":915,"items_purged":[],"score":321,"play_id":"e2a849d1-1d34-4b56-a7e0-06fd3c0a600c","local_time":"20190606060229","is_ascension_mode":true,"campfire_choices":[{"data":"Rampage","floor":7,"key":"SMITH"},{"floor":15,"key":"REST"},{"data":"RitualDagger","floor":23,"key":"SMITH"}],"neow_cost":"NONE","seed_source_timestamp":1340071299052100,"circlet_count":0,"master_deck":["Strike_R+1","Strike_R+1","Strike_R+1","Defend_R+1","Defend_R+1","Defend_R+1","Defend_R+1","Bash","Pommel Strike","Rampage+1","Doubt","Infernal Blade","Clothesline","Feed","Bash","PanicButton","Shockwave","Barricade","Cleave","Entrench","Sever Soul","RitualDagger+1","Offering"],"relics":["Burning Blood","Bag of Preparation","Torii","PreservedInsect","Question Card","Bronze Scales","Shuriken","Tiny House","Toxic Egg 2"],"potions_floor_usage":[5,12,16,16,18,18,24],"damage_taken":[{"damage":2,"enemies":"2 Louse","floor":1,"turns":4},{"damage":12,"enemies":"Jaw Worm","floor":2,"turns":3},{"damage":2,"enemies":"Cultist","floor":5,"turns":3},{"damage":29,"enemies":"3 Sentries","floor":6,"turns":7},{"damage":16,"enemies":"Gremlin Nob","floor":8,"turns":3},{"damage":36,"enemies":"Lagavulin","floor":10,"turns":6},{"damage":15,"enemies":"3 Louse","floor":12,"turns":4},{"damage":2,"enemies":"Large Slime","floor":13,"turns":5},{"damage":26,"enemies":"Hexaghost","floor":16,"turns":10},{"damage":21,"enemies":"Spheric Guardian","floor":18,"turns":4},{"damage":49,"enemies":"Gremlin Leader","floor":24,"turns":7},{"damage":29,"enemies":"2 Thieves","floor":25,"turns":2}],"seed_played":"8079917394661917318","potions_obtained":[{"floor":2,"key":"Poison Potion"},{"floor":6,"key":"Swift Potion"},{"floor":8,"key":"Swift Potion"},{"floor":12,"key":"Fruit Juice"},{"floor":16,"key":"Weak Potion"},{"floor":17,"key":"Dexterity Potion"},{"floor":18,"key":"Swift Potion"}],"is_trial":false,"path_per_floor":["M","M","?","?","M","E","R","E","T","E","?","M","M","?","R","B",null,"M","?","?","?","?","R","E","M"],"character_chosen":"IRONCLAD","items_purchased":[],"campfire_rested":1,"item_purchase_floors":[],"current_hp_per_floor":[88,82,82,82,86,63,63,53,53,23,23,22,26,14,42,22,83,71,71,65,65,65,65,22,0],"gold":503,"neow_bonus":"TEN_PERCENT_HP_BONUS","is_prod":false,"is_daily":false,"chose_seed":false,"campfire_upgraded":2,"win_rate":0,"timestamp":1559815349,"path_taken":["M","M","?","?","M","E","R","E","T","E","?","M","?","?","R","BOSS","M","?","?","?","?","R","E","M"],"build_version":"2019-06-05","purchased_purges":0,"victory":false,"max_hp_per_floor":[88,88,88,88,88,88,88,88,88,88,88,96,96,96,96,96,101,104,104,104,104,104,104,104,104],"card_choices":[{"not_picked":["Flex","Sentinel"],"picked":"Pommel Strike","floor":1},{"not_picked":["Cleave","Clash"],"picked":"Rampage","floor":2},{"not_picked":["True Grit","Thunderclap"],"picked":"Infernal Blade","floor":5},{"not_picked":["Heavy Blade","Intimidate"],"picked":"Clothesline","floor":6},{"not_picked":["Body Slam","Feel No Pain","Rage"],"picked":"SKIP","floor":8},{"not_picked":["Combust","Heavy Blade","Thunderclap"],"picked":"Feed","floor":10},{"not_picked":["Twin Strike","Battle Trance","Clash"],"picked":"Shockwave","floor":12},{"not_picked":["Thunderclap","Flex","Anger","Rupture"],"picked":"SKIP","floor":13},{"not_picked":["Reaper","Feed","Demon Form"],"picked":"Barricade","floor":16},{"not_picked":["True Grit","Clash","Anger"],"picked":"Cleave","floor":17},{"not_picked":["Clothesline","Sever Soul","Hemokinesis","Clash"],"picked":"SKIP","floor":18},{"not_picked":["Clothesline","Rupture","Sword Boomerang"],"picked":"Offering","floor":24}],"player_experience":987009,"relics_obtained":[{"floor":6,"key":"Torii"},{"floor":8,"key":"PreservedInsect"},{"floor":9,"key":"Question Card"},{"floor":10,"key":"Bronze Scales"},{"floor":24,"key":"Toxic Egg 2"}],"event_choices":[{"damage_healed":0,"gold_gain":0,"player_choice":"Box","damage_taken":0,"relics_obtained":["Bag of Preparation"],"max_hp_gain":0,"max_hp_loss":0,"event_name":"Big Fish","floor":3,"gold_loss":0,"cards_obtained":["Regret"]},{"damage_healed":0,"gold_gain":175,"player_choice":"AGREE","damage_taken":0,"max_hp_gain":0,"max_hp_loss":0,"event_name":"Liars Game","floor":4,"gold_loss":0,"cards_obtained":["Doubt"]},{"damage_healed":0,"gold_gain":0,"player_choice":"2 cards matched","damage_taken":0,"max_hp_gain":0,"max_hp_loss":0,"event_name":"Match and Keep!","floor":11,"gold_loss":0,"cards_obtained":["Bash","PanicButton"]},{"damage_healed":0,"gold_gain":0,"player_choice":"Success","damage_taken":12,"relics_obtained":["Shuriken"],"max_hp_gain":0,"max_hp_loss":0,"event_name":"Scrap Ooze","floor":14,"gold_loss":0},{"damage_healed":0,"gold_gain":0,"cards_transformed":["Strike_R","Strike_R"],"player_choice":"Became Test Subject","damage_taken":0,"max_hp_gain":0,"max_hp_loss":0,"event_name":"Drug Dealer","floor":19,"gold_loss":0,"cards_obtained":["Entrench","Sever Soul"]},{"damage_healed":0,"gold_gain":0,"player_choice":"Joined the Cult","damage_taken":6,"max_hp_gain":0,"max_hp_loss":0,"event_name":"Nest","floor":20,"gold_loss":0,"cards_obtained":["RitualDagger"]},{"cards_removed":["Regret"],"damage_healed":0,"gold_gain":0,"player_choice":"Gave Gold","damage_taken":0,"max_hp_gain":0,"max_hp_loss":0,"event_name":"Beggar","floor":21,"gold_loss":75},{"damage_healed":0,"gold_gain":0,"player_choice":"Simplicity","damage_taken":0,"max_hp_gain":0,"max_hp_loss":0,"event_name":"Back to Basics","floor":22,"gold_loss":0,"cards_upgraded":["Strike_R","Strike_R","Defend_R","Defend_R","Defend_R","Defend_R"]}],"is_beta":true,"boss_relics":[{"not_picked":["Runic Dome","White Beast Statue"],"picked":"Tiny House"}],"items_purged_floors":[],"is_endless":false,"potions_floor_spawned":[2,6,8,12,16,18],"killed_by":"2 Thieves","ascension_level":5}