{"gold_per_floor":[114,129,129,129,2,66,66,85,85,98,98,127,127,138,138,239,239,254,254],"floor_reached":19,"playtime":614,"items_purged":[],"score":267,"play_id":"deb53782-17a8-44bc-a02d-cf657563b272","local_time":"20190416085157","is_ascension_mode":true,"campfire_choices":[{"data":"Zap","floor":7,"key":"SMITH"},{"floor":13,"key":"REST"},{"floor":15,"key":"REST"}],"neow_cost":"NONE","seed_source_timestamp":73480406954400,"circlet_count":0,"master_deck":["Strike_B","Strike_B","Strike_B","Defend_B","Defend_B","Defend_B","Defend_B","Zap+1","Dualcast","Doom and Gloom","Lockon","Rebound","FTL","Turbo","Consume","Defragment","Self Repair","Fission","Machine Learning","Capacitor","Blizzard+1"],"relics":["Cracked Core","NeowsBlessing","Singing Bowl","Tiny Chest","Bird Faced Urn","StoneCalendar","Orrery"],"potions_floor_usage":[8,8,14,16],"damage_taken":[{"damage":0,"enemies":"Cultist","floor":1,"turns":1},{"damage":0,"enemies":"Jaw Worm","floor":2,"turns":1},{"damage":0,"enemies":"3 Sentries","floor":6,"turns":1},{"damage":9,"enemies":"Small Slimes","floor":8,"turns":2},{"damage":9,"enemies":"2 Fungi Beasts","floor":10,"turns":2},{"damage":39,"enemies":"Gremlin Nob","floor":12,"turns":4},{"damage":6,"enemies":"Looter","floor":14,"turns":2},{"damage":38,"enemies":"Slime Boss","floor":16,"turns":6},{"damage":72,"enemies":"Shell Parasite","floor":18,"turns":7},{"damage":41,"enemies":"Masked Bandits","floor":19,"turns":2}],"seed_played":"5860800033569226628","potions_obtained":[{"floor":1,"key":"Weak Potion"},{"floor":2,"key":"PowerPotion"},{"floor":6,"key":"LiquidBronze"},{"floor":12,"key":"Fire Potion"}],"is_trial":false,"path_per_floor":["M","M","?","T","$","E","R","M","T","M","?","E","R","M","R","B",null,"M","?"],"character_chosen":"DEFECT","items_purchased":["Rebound","FTL","Turbo"],"campfire_rested":2,"item_purchase_floors":[5,5,5],"current_hp_per_floor":[75,75,80,80,80,80,80,71,71,66,59,22,46,53,78,51,90,31,0],"gold":254,"neow_bonus":"THREE_ENEMY_KILL","is_prod":false,"is_daily":false,"chose_seed":false,"campfire_upgraded":1,"win_rate":0,"timestamp":1555419117,"path_taken":["M","M","?","?","$","E","R","?","T","?","?","E","R","M","R","BOSS","M","?"],"build_version":"2019-04-04","purchased_purges":0,"victory":false,"max_hp_per_floor":[75,75,80,80,80,80,80,80,80,82,82,82,82,84,84,84,90,90,90],"card_choices":[{"not_picked":["Coolheaded","Fusion"],"picked":"Doom and Gloom","floor":1},{"not_picked":["Go for the Eyes","Stack"],"picked":"Lockon","floor":2},{"not_picked":["Streamline","Chaos"],"picked":"Consume","floor":6},{"not_picked":["Sweeping Beam","Auto Shields"],"picked":"Defragment","floor":8},{"not_picked":["Compile Driver","Doom and Gloom","Redo"],"picked":"Singing Bowl","floor":10},{"not_picked":["Reprogram","Hello World"],"picked":"Self Repair","floor":12},{"not_picked":["Redo","Conserve Battery","Compile Driver"],"picked":"Singing Bowl","floor":14},{"not_picked":["Multi-Cast","Seek"],"picked":"Fission","floor":16},{"not_picked":["Turbo","Redo","Steam"],"picked":"Singing Bowl","floor":17},{"not_picked":["Cold Snap","Force Field","Reinforced Body"],"picked":"Singing Bowl","floor":17},{"not_picked":["Ball Lightning","Rebound","Turbo"],"picked":"Singing Bowl","floor":17},{"not_picked":["Beam Cell","Leap"],"picked":"Machine Learning","floor":17},{"not_picked":["Gash","Doom and Gloom"],"picked":"Capacitor","floor":17},{"not_picked":["Redo","Leap"],"picked":"Blizzard+1","floor":18}],"player_experience":810563,"relics_obtained":[{"floor":4,"key":"Singing Bowl"},{"floor":6,"key":"Tiny Chest"},{"floor":9,"key":"Bird Faced Urn"},{"floor":12,"key":"StoneCalendar"}],"event_choices":[{"damage_healed":0,"gold_gain":0,"player_choice":"Donut","damage_taken":0,"max_hp_gain":5,"max_hp_loss":0,"event_name":"Big Fish","floor":3,"gold_loss":0},{"cards_removed":["Strike_B"],"damage_healed":0,"gold_gain":0,"player_choice":"Card Removal","damage_taken":7,"max_hp_gain":0,"max_hp_loss":0,"event_name":"Golden Wing","floor":11,"gold_loss":0},{"damage_healed":0,"gold_gain":0,"player_choice":"Fought Bandits","damage_taken":0,"max_hp_gain":0,"max_hp_loss":0,"event_name":"Masked Bandits","floor":19,"gold_loss":0}],"is_beta":true,"boss_relics":[{"not_picked":["Calling Bell","Runic Pyramid"],"picked":"Orrery"}],"items_purged_floors":[],"is_endless":false,"potions_floor_spawned":[1,2,6,12],"killed_by":"Masked Bandits","ascension_level":4}