{"gold_per_floor":[117,127,202,202,3,3,28,45,70,103,103,68,31,47,47,151,151,170,170,170,189,189],"floor_reached":22,"playtime":873,"items_purged":[],"score":240,"play_id":"936494bd-6eab-4bc3-94e1-6cbfedcb2636","local_time":"20190621052856","is_ascension_mode":true,"campfire_choices":[{"floor":6,"key":"RECALL"},{"floor":11,"key":"REST"},{"floor":15,"key":"REST"}],"neow_cost":"NONE","seed_source_timestamp":116784259169800,"circlet_count":0,"master_deck":["Zap+1","Dualcast","Steam Power","Sunder","All For One","Capacitor","Amplify","Storm","Capacitor","Auto Shields","Rebound+1","Conserve Battery","Machine Learning","Fusion","Tempest","Defragment","Tempest","Echo Form","Consume+1","Ball Lightning"],"relics":["Pandora\u0027s Box","Lee\u0027s Waffle","Anchor","Omamori","Eternal Feather","Dream Catcher"],"potions_floor_usage":[7,22,22,22],"damage_taken":[{"damage":14,"enemies":"2 Louse","floor":1,"turns":2},{"damage":18,"enemies":"Small Slimes","floor":2,"turns":3},{"damage":17,"enemies":"Lagavulin","floor":7,"turns":4},{"damage":10,"enemies":"Cultist","floor":8,"turns":4},{"damage":39,"enemies":"3 Sentries","floor":10,"turns":6},{"damage":9,"enemies":"2 Fungi Beasts","floor":14,"turns":3},{"damage":48,"enemies":"Slime Boss","floor":16,"turns":8},{"damage":30,"enemies":"Chosen","floor":18,"turns":5},{"damage":33,"enemies":"Spheric Guardian","floor":21,"turns":4},{"damage":8,"enemies":"Snake Plant","floor":22,"turns":1}],"seed_played":"1677542797414939239","potions_obtained":[{"floor":2,"key":"Block Potion"},{"floor":14,"key":"Dexterity Potion"},{"floor":16,"key":"Swift Potion"},{"floor":18,"key":"Weak Potion"}],"is_trial":false,"path_per_floor":["M","M","?","?","$","R","E","M","T","E","R","?","$","M","R","B",null,"M","?","?","M","M"],"character_chosen":"DEFECT","items_purchased":["Lee\u0027s Waffle","Defragment"],"campfire_rested":2,"item_purchase_floors":[5,13],"current_hp_per_floor":[61,43,32,17,82,82,65,55,55,16,40,60,60,51,75,27,68,38,38,38,5,0],"gold":189,"neow_bonus":"BOSS_RELIC","is_prod":false,"is_daily":false,"chose_seed":false,"campfire_upgraded":0,"win_rate":0,"timestamp":1561109336,"path_taken":["M","M","?","?","$","R","E","M","T","E","R","?","?","?","R","BOSS","M","?","?","M","?"],"build_version":"2019-06-20","purchased_purges":0,"victory":false,"max_hp_per_floor":[75,75,75,75,82,82,82,82,82,82,82,82,82,82,82,82,82,82,82,82,82,82],"card_choices":[{"not_picked":["Stack","Auto Shields"],"picked":"Rebound","floor":1},{"not_picked":["Rebound","Coolheaded"],"picked":"Conserve Battery","floor":2},{"not_picked":["Reprogram","Leap"],"picked":"Machine Learning","floor":7},{"not_picked":["Redo","Turbo"],"picked":"Fusion","floor":8},{"not_picked":["Gash","Auto Shields"],"picked":"Tempest","floor":10},{"not_picked":["Conserve Battery","Genetic Algorithm"],"picked":"Tempest","floor":14},{"not_picked":["Meteor Strike","Multi-Cast"],"picked":"Echo Form","floor":16},{"not_picked":["Ball Lightning","Turbo"],"picked":"Consume+1","floor":18},{"not_picked":["Beam Cell","Coolheaded"],"picked":"Ball Lightning","floor":21}],"player_experience":1109044,"relics_obtained":[{"floor":7,"key":"Anchor"},{"floor":10,"key":"Omamori"}],"event_choices":[{"damage_healed":0,"gold_gain":75,"player_choice":"Gather Gold","damage_taken":11,"max_hp_gain":0,"max_hp_loss":0,"event_name":"World of Goop","floor":3,"gold_loss":0},{"damage_healed":0,"gold_gain":0,"player_choice":"Entered Light","damage_taken":15,"max_hp_gain":0,"max_hp_loss":0,"event_name":"Shining Light","floor":4,"gold_loss":0,"cards_upgraded":["Zap","Rebound"]},{"damage_healed":20,"gold_gain":0,"player_choice":"Healed","damage_taken":0,"max_hp_gain":0,"max_hp_loss":0,"event_name":"The Cleric","floor":12,"gold_loss":35},{"damage_healed":0,"gold_gain":0,"player_choice":"Opened","damage_taken":0,"relics_obtained":["Dream Catcher"],"max_hp_gain":0,"max_hp_loss":0,"event_name":"The Mausoleum","floor":19,"gold_loss":0,"cards_obtained":["Writhe"]},{"damage_healed":0,"gold_gain":0,"player_choice":"Ignored","damage_taken":0,"max_hp_gain":0,"max_hp_loss":0,"event_name":"Vampires","floor":20,"gold_loss":0}],"is_beta":true,"boss_relics":[{"not_picked":["Sozu","Philosopher\u0027s Stone"],"picked":"Eternal Feather"}],"items_purged_floors":[],"is_endless":false,"potions_floor_spawned":[2,14,16,18],"killed_by":"Snake Plant","ascension_level":5}