{"gold_per_floor":[12,12,35,35,58,58,77,39,94,115,115,115,148,171,171,291,291,312,79,79,79,41,41,80,95,95,95,42,167,167,117,117,117],"floor_reached":33,"playtime":1127,"items_purged":[],"score":383,"play_id":"a9bf1838-d092-4239-888b-7eb3cd9d0883","local_time":"20190606040052","is_ascension_mode":true,"campfire_choices":[{"data":"Cleave","floor":6,"key":"SMITH"},{"data":"Feed","floor":11,"key":"SMITH"},{"data":"Uppercut","floor":15,"key":"SMITH"},{"data":"Barricade","floor":23,"key":"SMITH"},{"data":"Entrench","floor":27,"key":"SMITH"},{"floor":30,"key":"REST"},{"floor":32,"key":"REST"}],"neow_cost":"NO_GOLD","seed_source_timestamp":1332561472281500,"circlet_count":0,"master_deck":["Strike_R","Strike_R","Strike_R","Defend_R","Defend_R","Defend_R","Defend_R","Bash","Cleave","Cleave+1","Disarm","Thunderclap","Uppercut+1","Feed+1","Thunderclap","Ghostly Armor","Feed","Cleave","Shrug It Off","Disarm","Barricade+1","Entrench","Entrench+1","Shame","Second Wind","Dual Wield","Disarm","Flame Barrier+1","Iron Wave","Uppercut"],"relics":["Burning Blood","FossilizedHelix","Golden Idol","PreservedInsect","Smiling Mask","Orrery","Lee\u0027s Waffle","Mummified Hand","Lantern","Question Card","WingedGreaves","Frozen Egg 2"],"potions_floor_usage":[10,13,14,16,16,16,16,25,33],"damage_taken":[{"damage":0,"enemies":"Small Slimes","floor":1,"turns":3},{"damage":0,"enemies":"2 Louse","floor":3,"turns":2},{"damage":0,"enemies":"Cultist","floor":5,"turns":4},{"damage":0,"enemies":"Lots of Slimes","floor":7,"turns":3},{"damage":1,"enemies":"2 Fungi Beasts","floor":10,"turns":3},{"damage":0,"enemies":"Gremlin Nob","floor":13,"turns":2},{"damage":0,"enemies":"Exordium Wildlife","floor":14,"turns":2},{"damage":42,"enemies":"Slime Boss","floor":16,"turns":10},{"damage":61,"enemies":"Spheric Guardian","floor":18,"turns":8},{"damage":31,"enemies":"Gremlin Leader","floor":24,"turns":6},{"damage":3,"enemies":"Chosen","floor":25,"turns":5},{"damage":22,"enemies":"Colosseum Slavers","floor":29,"turns":5},{"damage":49,"enemies":"Colosseum Nobs","floor":29,"turns":7},{"damage":70,"enemies":"Automaton","floor":33,"turns":6}],"seed_played":"5524096689950843624","potions_obtained":[{"floor":7,"key":"Weak Potion"},{"floor":10,"key":"Energy Potion"},{"floor":13,"key":"PowerPotion"},{"floor":14,"key":"EntropicBrew"},{"floor":24,"key":"PowerPotion"},{"floor":29,"key":"Poison Potion"}],"is_trial":false,"path_per_floor":["M","?","M","?","M","R","M","$","T","M","R","?","E","M","R","B",null,"M","$","?","?","$","R","E","M","T","R","$","?","R","?","R","B"],"character_chosen":"IRONCLAD","items_purchased":["Uppercut","Lee\u0027s Waffle","Entrench","Disarm","Iron Wave"],"campfire_rested":2,"item_purchase_floors":[8,19,19,22,28],"current_hp_per_floor":[80,74,74,74,74,74,74,74,74,74,74,67,73,74,74,42,69,14,85,85,85,85,85,63,66,66,66,66,14,42,42,70,0],"gold":117,"neow_bonus":"ONE_RARE_RELIC","is_prod":false,"is_daily":false,"chose_seed":false,"campfire_upgraded":5,"win_rate":0,"timestamp":1559808052,"path_taken":["M","?","M","?","?","R","M","?","T","M","R","?","E","M","R","BOSS","M","$","?","?","?","R","E","M","T","R","$","?","R","?","R","BOSS"],"build_version":"2019-06-05","purchased_purges":0,"victory":false,"max_hp_per_floor":[80,74,74,74,74,74,74,74,74,74,74,74,74,74,74,78,78,78,85,85,85,85,85,88,88,88,88,88,95,95,95,95,95],"card_choices":[{"not_picked":["True Grit","Clothesline"],"picked":"Cleave","floor":1},{"not_picked":["Twin Strike","Havoc"],"picked":"Cleave","floor":3},{"not_picked":["Armaments","Clash"],"picked":"Disarm","floor":5},{"not_picked":["Perfected Strike","Fire Breathing"],"picked":"Thunderclap","floor":7},{"not_picked":["Headbutt","Twin Strike"],"picked":"Feed","floor":10},{"not_picked":["Perfected Strike","Headbutt"],"picked":"Thunderclap","floor":13},{"not_picked":["Cleave","Pommel Strike"],"picked":"Ghostly Armor","floor":14},{"not_picked":["Limit Break","Berserk"],"picked":"Feed","floor":16},{"not_picked":["Shrug It Off","Feel No Pain"],"picked":"Cleave","floor":17},{"not_picked":["Sever Soul","Sword Boomerang"],"picked":"Shrug It Off","floor":17},{"not_picked":["Clash","Thunderclap"],"picked":"Disarm","floor":17},{"not_picked":["Burning Pact","Twin Strike"],"picked":"Barricade","floor":17},{"not_picked":["Anger","Havoc+1"],"picked":"Entrench","floor":18},{"not_picked":["Clothesline","Intimidate","Brutality"],"picked":"SKIP","floor":24},{"not_picked":["Reckless Charge","Blood for Blood"],"picked":"Flame Barrier+1","floor":25},{"not_picked":["Sword Boomerang","Thunderclap","Armaments"],"picked":"Uppercut","floor":29}],"player_experience":981080,"relics_obtained":[{"floor":9,"key":"PreservedInsect"},{"floor":13,"key":"Smiling Mask"},{"floor":24,"key":"Lantern"},{"floor":26,"key":"Question Card"},{"floor":29,"key":"WingedGreaves"},{"floor":29,"key":"Frozen Egg 2"}],"event_choices":[{"damage_healed":0,"gold_gain":0,"player_choice":"Lose Max HP","damage_taken":0,"relics_obtained":["Golden Idol"],"max_hp_gain":0,"max_hp_loss":6,"event_name":"Golden Idol","floor":2,"gold_loss":0},{"damage_healed":0,"gold_gain":0,"player_choice":"Cursed","damage_taken":0,"max_hp_gain":0,"max_hp_loss":0,"event_name":"Wheel of Change","floor":4,"gold_loss":0,"cards_obtained":["Decay"]},{"cards_removed":["Decay"],"damage_healed":0,"gold_gain":0,"player_choice":"Card Removal","damage_taken":7,"max_hp_gain":0,"max_hp_loss":0,"event_name":"Golden Wing","floor":12,"gold_loss":0},{"damage_healed":0,"gold_gain":0,"player_choice":"Stole Relic","damage_taken":0,"relics_obtained":["Mummified Hand"],"max_hp_gain":0,"max_hp_loss":0,"event_name":"Addict","floor":20,"gold_loss":0,"cards_obtained":["Shame"]},{"damage_healed":0,"gold_gain":0,"cards_transformed":["Strike_R","Strike_R"],"player_choice":"Became Test Subject","damage_taken":0,"max_hp_gain":0,"max_hp_loss":0,"event_name":"Drug Dealer","floor":21,"gold_loss":0,"cards_obtained":["Second Wind","Dual Wield"]},{"damage_healed":0,"gold_gain":0,"player_choice":"Fight","damage_taken":0,"max_hp_gain":0,"max_hp_loss":0,"event_name":"Colosseum","floor":29,"gold_loss":0},{"damage_healed":0,"gold_gain":0,"player_choice":"Fought Nobs","damage_taken":0,"max_hp_gain":0,"max_hp_loss":0,"event_name":"Colosseum","floor":29,"gold_loss":0},{"damage_healed":0,"gold_gain":0,"player_choice":"Bet on Murderer","damage_taken":0,"max_hp_gain":0,"max_hp_loss":0,"event_name":"The Joust","floor":31,"gold_loss":50}],"is_beta":true,"boss_relics":[{"not_picked":["Sozu","Astrolabe"],"picked":"Orrery"}],"items_purged_floors":[],"is_endless":false,"potions_floor_spawned":[7,10,13,14,24,29,29],"killed_by":"Automaton","ascension_level":5}