{"path_per_floor":["M","?","?","?","$","R","M","?","T","E","$","E","$","M","R","B",null,"M","$","?","?","M","R","?","R","T","E","M","?","$","?","R"],"character_chosen":"DEFECT","items_purchased":["Mind Blast","Doom and Gloom"],"gold_per_floor":[115,115,115,115,40,40,54,4,4,30,30,60,60,73,73,177,177,194,19,19,19,35,35,35,35,35,67,80,0,0,0,0,0],"floor_reached":33,"campfire_rested":3,"playtime":1250,"current_hp_per_floor":[58,58,51,51,51,51,51,51,51,43,43,28,28,35,55,14,68,60,60,60,60,60,60,48,69,79,25,30,30,30,30,54,0],"items_purged":["Normality"],"gold":0,"score":267,"play_id":"ba7ce567-4cf8-43c7-98fd-ec4a143207b7","local_time":"20180430031810","is_prod":false,"is_daily":false,"chose_seed":false,"is_ascension_mode":false,"campfire_upgraded":0,"timestamp":1525072690,"path_taken":["M","?","?","?","$","R","M","?","T","E","$","E","$","M","R","BOSS","M","?","?","?","M","R","?","R","T","E","M","?","$","?","R","BOSS"],"build_version":"2018-04-27v3","seed_source_timestamp":1242710694044424,"purchased_purges":1,"victory":false,"master_deck":["Strike_B","Strike_B","Defend_B","Defend_B","Defend_B","Zap","Capacitor","Cold Snap","Cold Snap","White Noise","Thunder Strike","Redo","Auto Shields+1","Mind Blast","Doom and Gloom","Buffer","Nova","Coolheaded","Writhe"],"max_hp_per_floor":[68,68,68,68,68,68,68,68,68,68,68,68,68,68,68,68,68,68,68,68,68,68,68,73,73,83,83,83,83,83,83,83,83],"relics":["Cracked Core","Peace Pipe","Oddly Smooth Stone","Juzu Bracelet","Shuriken","Bottled Lightning","Bronze Scales","Nuclear Battery","Pear","Bottled Flame","Mercury Hourglass"],"card_choices":[{"not_picked":["Leap","Streamline"],"picked":"Capacitor","floor":1},{"not_picked":["Stack","Streamline"],"picked":"Cold Snap","floor":7},{"not_picked":["Steam Power","Go for the Eyes"],"picked":"Cold Snap","floor":10},{"not_picked":["Skim","Glacier"],"picked":"White Noise","floor":12},{"not_picked":["Ball Lightning","Double Energy"],"picked":"Thunder Strike","floor":14},{"not_picked":["Thunder Strike","Biased Cognition"],"picked":"Redo","floor":16},{"not_picked":["Impulse","Cold Snap"],"picked":"Auto Shields","floor":18},{"not_picked":["Hello World","Streamline"],"picked":"Nova","floor":27},{"not_picked":["Skim","Rebound"],"picked":"Coolheaded","floor":28}],"player_experience":72030,"potions_floor_usage":[10,12,22,27,33],"damage_taken":[{"damage":10,"enemies":"Jaw Worm","floor":1,"turns":4},{"damage":0,"enemies":"Small Slimes","floor":7,"turns":3},{"damage":8,"enemies":"3 Sentries","floor":10,"turns":6},{"damage":24,"enemies":"Gremlin Nob","floor":12,"turns":4},{"damage":0,"enemies":"Cultist","floor":14,"turns":3},{"damage":41,"enemies":"Slime Boss","floor":16,"turns":16},{"damage":8,"enemies":"Spheric Guardian","floor":18,"turns":4},{"damage":0,"enemies":"3 Byrds","floor":22,"turns":4},{"damage":69,"enemies":"Slavers","floor":27,"turns":6},{"damage":2,"enemies":"Sentry and Sphere","floor":28,"turns":5},{"damage":56,"enemies":"Automaton","floor":33,"turns":8}],"event_choices":[{"event_name":"Big Fish","player_choice":"Box","floor":2,"damage_taken":0},{"event_name":"Golden Wing","player_choice":"Card Removal","floor":3,"damage_taken":0},{"event_name":"Accursed Blacksmith","player_choice":"Rummage","floor":4,"damage_taken":0},{"event_name":"The Cleric","player_choice":"Card Removal","floor":8,"damage_taken":0},{"event_name":"Back to Basics","player_choice":"Elegance","floor":20,"damage_taken":0},{"event_name":"The Library","player_choice":"Read","floor":21,"damage_taken":0},{"event_name":"Forgotten Altar","player_choice":"Shed Blood","floor":24,"damage_taken":0},{"event_name":"Masked Bandits","player_choice":"Paid Bandits 80 gold","floor":29,"damage_taken":0},{"event_name":"The Mausoleum","player_choice":"Yes","floor":31,"damage_taken":0}],"boss_relics":[{"not_picked":["Velvet Choker","Calling Bell"],"picked":"Nuclear Battery"}],"potions_floor_spawned":[1,10,16,22,28],"seed_played":"-6265958823122282854","killed_by":"Automaton","ascension_level":0,"is_trial":false}