{"path_per_floor":["M","?","?","M","?","R","?","M","T","?","M","M","M","M","R","B",null,"M","M","$","?","M","R","M","M","T","$","?","R","M"],"character_chosen":"IRONCLAD","items_purchased":["Mind Blast","Flex","Vajra","Infernal Blade","Dual Wield","Fire Potion"],"gold_per_floor":[119,194,194,210,210,210,210,222,222,222,237,255,274,291,291,386,386,403,418,104,104,120,120,139,154,179,13,13,13,24,24],"floor_reached":31,"campfire_rested":1,"playtime":1297,"current_hp_per_floor":[80,69,62,57,57,57,57,62,62,62,68,69,75,80,80,54,80,61,67,67,67,73,73,71,30,37,37,20,47,26,0],"items_purged":[],"gold":24,"score":231,"play_id":"6c8123c0-d9c3-4d59-bda4-189d1b6a78bb","local_time":"20180503002712","is_prod":false,"is_daily":false,"chose_seed":false,"is_ascension_mode":false,"campfire_upgraded":3,"timestamp":1525321632,"path_taken":["M","?","?","M","?","R","?","M","T","?","?","M","?","M","R","BOSS","M","M","$","?","M","R","M","?","T","$","?","R","M","M"],"build_version":"2018-05-01v2","seed_source_timestamp":1491603109977944,"purchased_purges":0,"victory":false,"master_deck":["Strike_R","Strike_R","Strike_R","Defend_R","Defend_R","Defend_R","Defend_R","Bash+1","Shrug It Off+1","Anger","Inflame+1","Bludgeon+1","Inflame+1","Battle Trance","Infernal Blade","Limit Break+1","Flex","Cleave+1","Mind Blast","Flex","Writhe","Flex","Shrug It Off","Pain","Infernal Blade","Dual Wield","Rampage"],"max_hp_per_floor":[80,80,80,80,80,80,80,80,80,80,80,80,80,80,80,80,80,80,80,80,80,80,80,80,80,87,87,92,92,92,92],"relics":["Burning Blood","Frozen Egg 2","Cursed Key","Vajra","Ancient Tea Set","Strawberry"],"card_choices":[{"not_picked":["True Grit","Twin Strike"],"picked":"Shrug It Off","floor":1},{"not_picked":["Armaments","Thunderclap"],"picked":"Anger","floor":8},{"not_picked":["Flex","Combust"],"picked":"Bludgeon","floor":11},{"not_picked":["Reckless Charge","Twin Strike"],"picked":"Inflame","floor":12},{"not_picked":["Perfected Strike","Combust"],"picked":"Battle Trance","floor":13},{"not_picked":["Perfected Strike","Body Slam"],"picked":"Infernal Blade","floor":14},{"not_picked":["Brutality","Offering"],"picked":"Limit Break","floor":16},{"not_picked":["Burning Pact","Twin Strike"],"picked":"Flex","floor":18},{"not_picked":["Blood for Blood","Pommel Strike"],"picked":"Cleave","floor":19},{"not_picked":["Reckless Charge","Fire Breathing"],"picked":"Flex","floor":22},{"not_picked":["Clothesline","Searing Blow"],"picked":"Shrug It Off","floor":24},{"not_picked":["Seeing Red","Pommel Strike"],"picked":"Rampage","floor":30}],"player_experience":119397,"potions_floor_usage":[12,14,16,18,18,24,30],"damage_taken":[{"damage":2,"enemies":"Small Slimes","floor":1,"turns":3},{"damage":11,"enemies":"Jaw Worm","floor":4,"turns":2},{"damage":1,"enemies":"2 Louse","floor":8,"turns":4},{"damage":0,"enemies":"2 Fungi Beasts","floor":11,"turns":3},{"damage":5,"enemies":"Exordium Thugs","floor":12,"turns":4},{"damage":0,"enemies":"Looter","floor":13,"turns":3},{"damage":0,"enemies":"Exordium Wildlife","floor":14,"turns":5},{"damage":32,"enemies":"Hexaghost","floor":16,"turns":7},{"damage":25,"enemies":"3 Byrds","floor":18,"turns":4},{"damage":0,"enemies":"Chosen","floor":19,"turns":3},{"damage":0,"enemies":"Centurion and Healer","floor":22,"turns":4},{"damage":8,"enemies":"Slaver and Parasite","floor":24,"turns":4},{"damage":47,"enemies":"Chosen and Byrds","floor":25,"turns":7},{"damage":27,"enemies":"Snecko","floor":30,"turns":5},{"damage":39,"enemies":"Slaver and Parasite","floor":31,"turns":2}],"event_choices":[{"event_name":"World of Goop","player_choice":"Gather Gold","floor":2,"damage_taken":0},{"event_name":"Golden Wing","player_choice":"Card Removal","floor":3,"damage_taken":0},{"event_name":"Living Wall","player_choice":"Grow","floor":5,"damage_taken":0},{"event_name":"The Woman in Blue","player_choice":"Bought 0 Potions","floor":7,"damage_taken":0},{"event_name":"Transmorgrifier","player_choice":"Transform","floor":10,"damage_taken":0},{"event_name":"The Mausoleum","player_choice":"Yes","floor":21,"damage_taken":0},{"event_name":"Forgotten Altar","player_choice":"Shed Blood","floor":28,"damage_taken":0}],"boss_relics":[{"not_picked":["Velvet Choker","Philosopher\u0027s Stone"],"picked":"Cursed Key"}],"potions_floor_spawned":[4,12,13,16,19],"seed_played":"-6449829272177664040","killed_by":"Slaver and Parasite","ascension_level":0,"is_trial":false}