{"gold_per_floor":[119,119,39,52,64,97,114,114,186,186,186,227,227,247,247,247],"floor_reached":16,"playtime":715,"items_purged":[],"score":110,"play_id":"1a613088-1a8f-4f94-8aee-1c7875515af2","local_time":"20190623233544","is_ascension_mode":false,"campfire_choices":[{"floor":10,"key":"RECALL"},{"data":"Thunder Strike","floor":13,"key":"SMITH"},{"data":"Glacier","floor":15,"key":"SMITH"}],"neow_cost":"NONE","seed_source_timestamp":211651472112600,"circlet_count":0,"master_deck":["Strike_B","Strike_B","Strike_B","Strike_B","Defend_B","Defend_B","Defend_B","Defend_B","Zap","Dualcast","Static Discharge","Static Discharge","Double Energy","Steam","Barrage","Gash","Thunder Strike+1","Hologram","Double Energy","FTL","Steam","Glacier+1"],"relics":["Coffee Dripper","Prayer Wheel","Art of War","Golden Idol","Bag of Preparation"],"potions_floor_usage":[4,7,12,12],"damage_taken":[{"damage":4,"enemies":"Cultist","floor":1,"turns":4},{"damage":0,"enemies":"Small Slimes","floor":4,"turns":4},{"damage":7,"enemies":"Jaw Worm","floor":5,"turns":4},{"damage":16,"enemies":"Lagavulin","floor":6,"turns":7},{"damage":3,"enemies":"Red Slaver","floor":7,"turns":3},{"damage":19,"enemies":"3 Sentries","floor":12,"turns":3},{"damage":11,"enemies":"Exordium Wildlife","floor":14,"turns":5},{"damage":14,"enemies":"Hexaghost","floor":16,"turns":9}],"seed_played":"5482965323229517713","potions_obtained":[{"floor":1,"key":"SkillPotion"},{"floor":6,"key":"Fire Potion"},{"floor":7,"key":"PowerPotion"},{"floor":11,"key":"SkillPotion"},{"floor":11,"key":"SmokeBomb"}],"is_trial":false,"path_per_floor":["M","?","$","M","M","E","M","?","T","R","?","E","R","M","R","B"],"character_chosen":"DEFECT","items_purchased":["Static Discharge"],"campfire_rested":0,"item_purchase_floors":[3],"current_hp_per_floor":[71,68,68,68,61,45,42,42,42,42,42,23,23,12,12,0],"gold":247,"neow_bonus":"BOSS_RELIC","is_prod":false,"is_daily":false,"chose_seed":false,"campfire_upgraded":2,"win_rate":0,"timestamp":1561347344,"path_taken":["M","?","$","M","M","E","M","?","T","R","?","E","R","M","R","BOSS"],"build_version":"2019-06-21","purchased_purges":0,"victory":false,"max_hp_per_floor":[75,75,75,75,75,75,75,69,69,69,69,69,69,69,69,69],"card_choices":[{"not_picked":["Redo","Hologram"],"picked":"Static Discharge","floor":1},{"not_picked":["Reprogram","Beam Cell"],"picked":"Double Energy","floor":4},{"not_picked":["Barrage","Stack"],"picked":"Steam","floor":4},{"not_picked":["Sweeping Beam","Leap"],"picked":"Barrage","floor":5},{"not_picked":["Compile Driver","Cold Snap"],"picked":"Gash","floor":5},{"not_picked":["Compile Driver","Turbo"],"picked":"Thunder Strike","floor":6},{"not_picked":["Stack","Redo"],"picked":"Hologram","floor":7},{"not_picked":["Coolheaded","Streamline"],"picked":"Double Energy","floor":7},{"not_picked":["Heatsinks","Cold Snap"],"picked":"FTL","floor":12},{"not_picked":["Ball Lightning","Stack"],"picked":"Steam","floor":14},{"not_picked":["Capacitor","Rebound"],"picked":"Glacier","floor":14}],"player_experience":1122064,"relics_obtained":[{"floor":6,"key":"Art of War"},{"floor":12,"key":"Bag of Preparation"}],"event_choices":[{"damage_healed":0,"gold_gain":0,"player_choice":"Success","damage_taken":3,"relics_obtained":["Prayer Wheel"],"max_hp_gain":0,"max_hp_loss":0,"event_name":"Scrap Ooze","floor":2,"gold_loss":0},{"damage_healed":0,"gold_gain":0,"player_choice":"Lose Max HP","damage_taken":0,"relics_obtained":["Golden Idol"],"max_hp_gain":0,"max_hp_loss":6,"event_name":"Golden Idol","floor":8,"gold_loss":0},{"damage_healed":0,"gold_gain":0,"player_choice":"Got Potions","damage_taken":0,"max_hp_gain":0,"max_hp_loss":0,"event_name":"Lab","floor":11,"gold_loss":0}],"is_beta":true,"boss_relics":[],"items_purged_floors":[],"is_endless":false,"potions_floor_spawned":[1,6,7],"killed_by":"Hexaghost","ascension_level":0}