{"gold_per_floor":[118,138,138,138,138,138,13,30,85,102,122,122,151,164,164,259,259,272,292,18,18,43,43,71,85,108,108,138,154,253,267,267,267],"floor_reached":33,"playtime":2462,"items_purged":[],"score":344,"play_id":"6b739f26-5106-4fd9-97f8-425ea682c8ef","local_time":"20190627204309","is_ascension_mode":true,"campfire_choices":[{"data":"Finisher","floor":6,"key":"SMITH"},{"data":"Survivor","floor":15,"key":"SMITH"},{"data":"Infinite Blades","floor":23,"key":"SMITH"},{"floor":27,"key":"DIG"},{"floor":32,"key":"DIG"}],"neow_cost":"NONE","seed_source_timestamp":80166521941555,"circlet_count":0,"master_deck":["Defend_G","Strike_G","Strike_G","Strike_G","Strike_G","Strike_G","Survivor+1","Neutralize+1","Riddle With Holes+1","Finisher+1","Backstab","Trip","Well Laid Plans","Dagger Throw","Well Laid Plans","Slice","Finisher","PiercingWail","Die Die Die","Dagger Spray+1","Noxious Fumes+1","Dagger Spray+1","Quick Slash","PiercingWail+1","Infinite Blades+1","Finesse","Adrenaline","Cloak And Dagger+1","Predator","Predator","Reflex"],"relics":["Coffee Dripper","Dodecahedron","Tiny Chest","StoneCalendar","Astrolabe","Membership Card","Shovel","Oddly Smooth Stone","Tough Bandages","Juzu Bracelet","Vajra"],"potions_floor_usage":[16,29,33,33],"damage_taken":[{"damage":7,"enemies":"2 Louse","floor":1,"turns":5},{"damage":2,"enemies":"Jaw Worm","floor":2,"turns":3},{"damage":0,"enemies":"Cultist","floor":8,"turns":2},{"damage":0,"enemies":"Looter","floor":10,"turns":1},{"damage":8,"enemies":"Blue Slaver","floor":11,"turns":2},{"damage":10,"enemies":"Gremlin Nob","floor":13,"turns":3},{"damage":5,"enemies":"Large Slime","floor":14,"turns":4},{"damage":4,"enemies":"The Guardian","floor":16,"turns":9},{"damage":0,"enemies":"Spheric Guardian","floor":18,"turns":3},{"damage":0,"enemies":"Chosen","floor":19,"turns":2},{"damage":16,"enemies":"Gremlin Leader","floor":24,"turns":4},{"damage":3,"enemies":"Snake Plant","floor":25,"turns":4},{"damage":32,"enemies":"Slavers","floor":28,"turns":3},{"damage":8,"enemies":"Cultist and Chosen","floor":29,"turns":3},{"damage":5,"enemies":"Sentry and Sphere","floor":31,"turns":3},{"damage":6,"enemies":"Automaton","floor":33,"turns":4}],"seed_played":"366768403205495735","potions_obtained":[{"floor":1,"key":"Energy Potion"},{"floor":2,"key":"Swift Potion"},{"floor":14,"key":"Weak Potion"},{"floor":16,"key":"PowerPotion"},{"floor":29,"key":"SkillPotion"}],"is_trial":false,"path_per_floor":["M","M","?","?","?","R","$","M","T","M","M","?","E","M","R","B",null,"M","M","$","?","T","R","E","M","T","R","E","M","?","M","R","B"],"character_chosen":"THE_SILENT","items_purchased":["Trip","Well Laid Plans","Membership Card","Infinite Blades","Finesse"],"campfire_rested":0,"item_purchase_floors":[7,7,20,20,20],"current_hp_per_floor":[63,61,47,35,35,35,35,35,35,35,27,20,10,5,5,1,70,70,70,70,70,70,70,54,51,51,51,19,11,11,6,6,0],"gold":267,"neow_bonus":"BOSS_RELIC","is_prod":false,"is_daily":false,"chose_seed":false,"campfire_upgraded":3,"win_rate":0,"timestamp":1561682589,"path_taken":["M","M","?","?","?","R","?","?","T","M","M","?","E","M","R","BOSS","M","M","?","?","?","R","E","M","T","R","E","M","?","M","R","BOSS"],"build_version":"2019-01-23","purchased_purges":0,"victory":false,"max_hp_per_floor":[70,70,70,70,70,70,70,70,70,70,70,70,70,70,70,70,70,70,70,70,70,70,70,70,70,70,70,70,70,70,70,70,70],"card_choices":[{"not_picked":["Bane","Blade Dance"],"picked":"Riddle With Holes","floor":1},{"not_picked":["Heel Hook","Concentrate"],"picked":"Finisher","floor":2},{"not_picked":["Dagger Spray","Prepared"],"picked":"Dagger Throw","floor":8},{"not_picked":["Flechettes","Outmaneuver"],"picked":"Well Laid Plans","floor":10},{"not_picked":["Well Laid Plans","Outmaneuver"],"picked":"Slice","floor":11},{"not_picked":["PiercingWail","Escape Plan"],"picked":"Finisher","floor":13},{"not_picked":["Accuracy","Calculated Gamble"],"picked":"PiercingWail","floor":14},{"not_picked":["A Thousand Cuts","Unload"],"picked":"Die Die Die","floor":16},{"not_picked":["Poisoned Stab","All Out Attack+1"],"picked":"Quick Slash","floor":18},{"not_picked":["Dodge and Roll","Deflect"],"picked":"PiercingWail+1","floor":19},{"not_picked":["Masterful Stab+1","Quick Slash+1"],"picked":"Adrenaline","floor":24},{"not_picked":["Setup","Poisoned Stab"],"picked":"Cloak And Dagger+1","floor":25},{"not_picked":["Flying Knee","Deflect"],"picked":"Predator","floor":28},{"not_picked":["Deadly Poison","Poisoned Stab"],"picked":"Predator","floor":29},{"not_picked":["Deadly Poison","Dagger Throw+1"],"picked":"Reflex","floor":31}],"player_experience":130399,"relics_obtained":[{"floor":9,"key":"Tiny Chest"},{"floor":13,"key":"StoneCalendar"},{"floor":24,"key":"Shovel"},{"floor":26,"key":"Oddly Smooth Stone"},{"floor":27,"key":"Tough Bandages"},{"floor":28,"key":"Juzu Bracelet"},{"floor":32,"key":"Vajra"}],"event_choices":[{"damage_healed":0,"gold_gain":0,"player_choice":"Entered Light","damage_taken":14,"max_hp_gain":0,"max_hp_loss":0,"event_name":"Shining Light","floor":3,"gold_loss":0,"cards_upgraded":["Neutralize","Riddle With Holes"]},{"damage_healed":0,"gold_gain":0,"player_choice":"Success","damage_taken":12,"relics_obtained":["Dodecahedron"],"max_hp_gain":0,"max_hp_loss":0,"event_name":"Scrap Ooze","floor":4,"gold_loss":0},{"damage_healed":0,"gold_gain":0,"cards_transformed":["Defend_G"],"player_choice":"Change","damage_taken":0,"max_hp_gain":0,"max_hp_loss":0,"event_name":"Living Wall","floor":5,"gold_loss":0,"cards_obtained":["Backstab"]},{"damage_healed":0,"gold_gain":0,"player_choice":"Damaged","damage_taken":7,"max_hp_gain":0,"max_hp_loss":0,"event_name":"Wheel of Change","floor":12,"gold_loss":0},{"damage_healed":0,"gold_gain":0,"player_choice":"Ignored","damage_taken":0,"max_hp_gain":0,"max_hp_loss":0,"event_name":"Beggar","floor":21,"gold_loss":0},{"damage_healed":0,"gold_gain":99,"player_choice":"Stole From Cult","damage_taken":0,"max_hp_gain":0,"max_hp_loss":0,"event_name":"Nest","floor":30,"gold_loss":0}],"is_beta":false,"boss_relics":[{"not_picked":["Orrery","Cursed Key"],"picked":"Astrolabe"}],"items_purged_floors":[],"is_endless":false,"potions_floor_spawned":[1,2,14,16,24,28,29],"killed_by":"Automaton","ascension_level":4}