{"path_per_floor":["M","?","$","M","$","R","E","R","T","M","M","M","E","M","R","B",null,"M","$","T","T","M","R","?","?","T","R"],"character_chosen":"IRONCLAD","items_purchased":["Deep Breath","Pommel Strike","Shuriken"],"gold_per_floor":[115,115,25,40,14,14,42,42,67,85,102,114,169,182,182,277,277,293,48,100,100,111,111,36,36,59,59],"floor_reached":28,"campfire_rested":1,"playtime":1076,"current_hp_per_floor":[80,80,80,80,80,80,80,80,80,80,77,80,74,80,80,9,80,48,48,48,48,32,72,72,72,72,72],"items_purged":[],"gold":59,"score":251,"play_id":"ea5322c0-466f-4ced-a03e-973c5aa665d1","local_time":"20180309232656","is_prod":false,"is_daily":false,"is_ascension_mode":false,"campfire_upgraded":4,"timestamp":1520656016,"path_taken":["M","?","$","?","$","R","E","R","T","M","M","?","E","M","R","BOSS","M","$","?","?","M","R","?","?","T","R","E"],"build_version":"2018-03-01-PROD1","purchased_purges":0,"victory":false,"master_deck":["Strike_R","Strike_R","Strike_R","Strike_R","Strike_R","Defend_R","Defend_R","Defend_R","Defend_R","Bash","Wild Strike","Deep Breath+1","Flex+1","Pommel Strike","Clash","Ghostly Armor","Seeing Red","Shrug It Off","Seeing Red","Carnage+1","Limit Break+1","Parasite","Writhe","Decay"],"max_hp_per_floor":[80,80,80,80,80,80,80,80,80,80,80,80,80,80,80,80,80,82,82,82,82,84,84,84,84,84,84],"relics":["Burning Blood","NeowsBlessing","Blue Candle","Happy Flower","Regal Pillow","Tiny Chest","Calling Bell","Singing Bowl","Omamori","Torii","Shuriken","Bag of Preparation","Juzu Bracelet","Prayer Wheel"],"card_choices":[{"not_picked":["Blood for Blood","Body Slam"],"picked":"Wild Strike"},{"not_picked":["Clothesline","Iron Wave"],"picked":"Flex"},{"not_picked":["Havoc","Sever Soul"],"picked":"Clash"},{"not_picked":["Clothesline","Rage"],"picked":"Ghostly Armor"},{"not_picked":["Shrug It Off","Perfected Strike"],"picked":"Seeing Red"},{"not_picked":["Blood for Blood","Headbutt"],"picked":"Shrug It Off"},{"not_picked":["Twin Strike","Pommel Strike"],"picked":"Seeing Red"},{"not_picked":["Sword Boomerang","True Grit"],"picked":"Carnage"},{"not_picked":["Demon Form","Dark Embrace"],"picked":"Limit Break"}],"player_experience":377603,"potions_floor_usage":[11,13,14,14,18,22],"damage_taken":[{"damage":0,"enemies":"Cultist","floor":1,"turns":1},{"damage":0,"enemies":"Jaw Worm","floor":4,"turns":1},{"damage":0,"enemies":"Lagavulin","floor":7,"turns":1},{"damage":1,"enemies":"2 Louse","floor":10,"turns":2},{"damage":9,"enemies":"Blue Slaver","floor":11,"turns":3},{"damage":1,"enemies":"Large Slime","floor":12,"turns":4},{"damage":12,"enemies":"3 Sentries","floor":13,"turns":7},{"damage":0,"enemies":"Exordium Thugs","floor":14,"turns":2},{"damage":77,"enemies":"The Guardian","floor":16,"turns":10},{"damage":40,"enemies":"Spheric Guardian","floor":18,"turns":6},{"damage":24,"enemies":"Shell Parasite","floor":22,"turns":6},{"damage":87,"enemies":"Slavers","floor":28,"turns":6}],"event_choices":[{"event_name":"Big Fish","player_choice":"Box","floor":2,"damage_taken":0},{"event_name":"Beggar","player_choice":"Gave Gold","floor":24,"damage_taken":0},{"event_name":"Addict","player_choice":"Ignored","floor":25,"damage_taken":0}],"boss_relics":[{"not_picked":["White Beast Statue","Runic Pyramid"],"picked":"Calling Bell"}],"potions_floor_spawned":[1,7,12,13,16,18],"seed_played":"-6991435486702310611","killed_by":"Slavers","ascension_level":0,"is_trial":false}