{"gold_per_floor":[110,128,147,166,166,166,185,65,65,65,76,76,97,97,97,194,194,211,140,140,159,173,173],"floor_reached":23,"playtime":732,"items_purged":[],"score":235,"play_id":"b798dfda-0890-48f7-8355-c08434596ed3","local_time":"20180703003158","is_ascension_mode":true,"campfire_choices":[{"data":"Rupture","floor":6,"key":"SMITH"},{"data":"Rupture","floor":10,"key":"SMITH"},{"floor":12,"key":"REST"},{"data":"Infernal Blade","floor":15,"key":"SMITH"}],"neow_cost":"CURSE","seed_source_timestamp":88928298471942,"circlet_count":0,"master_deck":["Defend_R","Defend_R","Defend_R","Defend_R","Bash","Pain","Flex","Hemokinesis","Rupture+1","Infernal Blade+1","Rupture+1","Flex","Fiend Fire","Spot Weakness","Brutality","Limit Break","Bite","Bite","Bite","Bite","Bite","Wild Strike+1","Rampage"],"relics":["Black Blood","Paper Frog","Du-Vu Doll","Odd Mushroom"],"potions_floor_usage":[2,16,16,22],"damage_taken":[{"damage":3,"enemies":"2 Louse","floor":1,"turns":3},{"damage":7,"enemies":"Jaw Worm","floor":2,"turns":3},{"damage":3,"enemies":"Cultist","floor":3,"turns":2},{"damage":21,"enemies":"Exordium Wildlife","floor":4,"turns":4},{"damage":11,"enemies":"Large Slime","floor":7,"turns":5},{"damage":24,"enemies":"Lots of Slimes","floor":11,"turns":4},{"damage":18,"floor":13,"turns":4},{"damage":23,"enemies":"Slime Boss","floor":16,"turns":5},{"damage":56,"enemies":"3 Byrds","floor":18,"turns":5},{"damage":32,"enemies":"Spheric Guardian","floor":21,"turns":4},{"damage":47,"enemies":"Chosen and Byrds","floor":22,"turns":6},{"damage":44,"enemies":"Book of Stabbing","floor":23,"turns":3}],"seed_played":"-1787338629474794281","potions_obtained":[{"floor":1,"key":"EssenceOfSteel"},{"floor":11,"key":"Weak Potion"},{"floor":13,"key":"Dexterity Potion"},{"floor":18,"key":"LiquidBronze"}],"is_trial":false,"path_per_floor":["M","M","M","M","?","R","M","$","T","R","M","R","?","?","R","B",null,"M","$","?","M","M"],"character_chosen":"IRONCLAD","items_purchased":["Rupture","Flex","Limit Break"],"campfire_rested":1,"item_purchase_floors":[8,8,19],"current_hp_per_floor":[96,95,96,81,74,74,69,69,69,69,51,79,67,106,106,89,106,60,60,60,48,23,0],"gold":173,"neow_bonus":"TWENTY_PERCENT_HP_BONUS","is_prod":false,"is_daily":false,"chose_seed":false,"campfire_upgraded":3,"win_rate":0,"timestamp":1530592318,"path_taken":["M","M","M","M","?","R","?","$","T","R","M","R","?","?","R","BOSS","M","$","?","?","M","E"],"build_version":"2018-06-29","purchased_purges":0,"victory":false,"max_hp_per_floor":[96,96,96,96,96,96,96,96,96,96,96,96,96,106,106,106,106,106,106,74,74,74,74],"card_choices":[{"not_picked":["Havoc","Shrug It Off"],"picked":"Flex","floor":1},{"not_picked":["Clothesline","Twin Strike"],"picked":"Hemokinesis","floor":2},{"not_picked":["Clothesline","Pommel Strike"],"picked":"Impervious","floor":3},{"not_picked":["Pommel Strike","Pummel"],"picked":"Rupture","floor":4},{"not_picked":["Armaments","Iron Wave"],"picked":"Infernal Blade","floor":7},{"not_picked":["Iron Wave","Havoc"],"picked":"Fiend Fire","floor":11},{"not_picked":["Havoc","Heavy Blade"],"picked":"Spot Weakness","floor":13},{"not_picked":["Exhume","Berserk"],"picked":"Brutality","floor":16},{"not_picked":["Sentinel+1","Perfected Strike","Body Slam"],"picked":"SKIP","floor":18},{"not_picked":["Inflame","Feel No Pain"],"picked":"Wild Strike+1","floor":21},{"not_picked":["Havoc","Perfected Strike+1"],"picked":"Rampage","floor":22}],"player_experience":370107,"relics_obtained":[{"floor":9,"key":"Du-Vu Doll"},{"floor":13,"key":"Odd Mushroom"}],"event_choices":[{"event_name":"Scrap Ooze","player_choice":"success","floor":5,"damage_taken":7},{"event_name":"Mushrooms","player_choice":"Fought Mushrooms","floor":13,"damage_taken":0},{"event_name":"Bonfire Elementals","player_choice":"RARE","floor":14,"damage_taken":0},{"event_name":"Vampires","player_choice":"Became a vampire","floor":20,"damage_taken":0}],"boss_relics":[{"not_picked":["Eternal Feather","Mark of Pain"],"picked":"Black Blood"}],"items_purged_floors":[],"is_endless":false,"potions_floor_spawned":[1,11,13,18],"killed_by":"Book of Stabbing","ascension_level":3}