{"gold_per_floor":[118,131,131,142,142,185,185,14,14,14,39,72,72,113,113,203,203,223,62,62,62,83,114,114,114,114,147,147,110,110,143,143,234,234,259,259,159,179,179],"floor_reached":39,"playtime":1040,"items_purged":["Strike_B","Strike_B"],"score":1052,"play_id":"4d64f267-249b-40bb-b64f-5ef875851c5a","local_time":"20181107185049","is_ascension_mode":true,"campfire_choices":[{"data":"Zap","floor":7.0,"key":"SMITH"},{"floor":13.0,"key":"REST"},{"floor":15.0,"key":"REST"},{"data":"Defragment","floor":24.0,"key":"SMITH"},{"data":"Electrodynamics","floor":28.0,"key":"SMITH"},{"floor":32.0,"key":"REST"}],"neow_cost":"NONE","seed_source_timestamp":2404223144492161,"circlet_count":0,"master_deck":["AscendersBane","Strike_B","Defend_B","Defend_B","Defend_B","Defend_B","Zap+1","Dualcast","Beam Cell","Streamline","Rip and Tear","Defragment+1","Electrodynamics+1","Machine Learning+1","Static Discharge","Ghostly","Ghostly","Ghostly","Static Discharge+1","Loop+1","Electrodynamics+1","Creative AI+1","Biased Cognition+1"],"special_seed":0,"relics":["Cracked Core","Orichalcum","Golden Idol","Singing Bowl","Omamori","Art of War","Mummified Hand","Nunchaku","Inserter","Blue Candle","Matryoshka","Centennial Puzzle","Frozen Egg 2","Strawberry","Mercury Hourglass","Busted Crown"],"potions_floor_usage":[39],"damage_taken":[{"damage":0.0,"enemies":"2 Louse","floor":1.0,"turns":2.0},{"damage":3.0,"enemies":"Jaw Worm","floor":2.0,"turns":4.0},{"damage":2.0,"enemies":"Small Slimes","floor":4.0,"turns":3.0},{"damage":22.0,"enemies":"3 Sentries","floor":6.0,"turns":8.0},{"damage":6.0,"enemies":"Exordium Wildlife","floor":11.0,"turns":2.0},{"damage":5.0,"enemies":"Gremlin Nob","floor":12.0,"turns":3.0},{"damage":12.0,"enemies":"3 Sentries","floor":14.0,"turns":5.0},{"damage":32.0,"enemies":"The Guardian","floor":16.0,"turns":10.0},{"damage":6.0,"enemies":"Spheric Guardian","floor":18.0,"turns":3.0},{"damage":0.0,"enemies":"3 Byrds","floor":22.0,"turns":3.0},{"damage":0.0,"enemies":"Gremlin Leader","floor":23.0,"turns":6.0},{"damage":4.0,"enemies":"Slavers","floor":27.0,"turns":4.0},{"damage":9.0,"enemies":"Book of Stabbing","floor":31.0,"turns":4.0},{"damage":0.0,"enemies":"Collector","floor":33.0,"turns":7.0},{"damage":13.0,"enemies":"Orb Walker","floor":35.0,"turns":4.0},{"damage":18.0,"enemies":"3 Shapes","floor":38.0,"turns":2.0},{"damage":27,"enemies":"Spire Growth","floor":39,"turns":2}],"seed_played":"867570652563915453","potions_obtained":[{"floor":11.0,"key":"PowerPotion"},{"floor":12.0,"key":"FocusPotion"},{"floor":14.0,"key":"Weak Potion"},{"floor":31.0,"key":"SpeedPotion"}],"is_trial":false,"path_per_floor":["M","M","?","M","?","E","R","$","T","?","M","E","R","E","R","B",null,"M","$","?","?","M","M","E","R","T","T","E","R","$","?","E","R","B",null,"M","?","$","M","M"],"character_chosen":"DEFECT","items_purchased":["Rip and Tear","Defragment","Static Discharge","Loop+1"],"campfire_rested":3,"item_purchase_floors":[8,8,19,29],"current_hp_per_floor":[64,61,54,52,52,32,32,32,32,21,17,14,35,23,44,12,56,52,52,36,36,36,38,38,38,38,43,43,43,43,34,47,47,47,36,36,36,20,0],"gold":179,"neow_bonus":"RANDOM_COMMON_RELIC","is_prod":false,"is_daily":false,"chose_seed":false,"campfire_upgraded":3,"win_rate":0,"timestamp":1541641849,"path_taken":["M","M","?","M","?","E","R","$","T","?","M","E","R","E","R","BOSS","M","$","?","?","M","E","R","?","T","E","R","$","?","E","R","BOSS","M","?","$","?","M"],"build_version":"2018-11-01","purchased_purges":2,"victory":false,"max_hp_per_floor":[71,71,71,71,64,66,66,66,66,66,68,70,70,70,70,70,70,72,72,36,36,36,38,38,38,38,47,47,47,47,47,47,47,47,49,49,49,51,51],"card_choices":[{"not_picked":["Stack","Beam Cell","Reprogram"],"picked":"SKIP","floor":1.0},{"not_picked":["Hologram","Steam"],"picked":"Beam Cell","floor":2.0},{"not_picked":["Conserve Battery","Heatsinks"],"picked":"Streamline","floor":4.0},{"not_picked":["Sweeping Beam","Streamline","Steam"],"picked":"Singing Bowl","floor":6.0},{"not_picked":["Compile Driver","Leap","Force Field"],"picked":"Singing Bowl","floor":11.0},{"not_picked":["Barrage","Stack","Gash"],"picked":"Singing Bowl","floor":12.0},{"not_picked":["Glacier","Sweeping Beam"],"picked":"Electrodynamics","floor":14.0},{"not_picked":["Thunder Strike","Meteor Strike"],"picked":"Machine Learning","floor":16.0},{"not_picked":["Leap","Streamline","Hologram"],"picked":"Singing Bowl","floor":18.0},{"not_picked":["Stack","Consume"],"picked":"Static Discharge+1","floor":22.0},{"not_picked":["Gash","Go for the Eyes","Rebound"],"picked":"Singing Bowl","floor":23.0},{"not_picked":["Gash","Force Field+1","Hologram"],"picked":"Singing Bowl","floor":27.0},{"not_picked":["Hologram","Blizzard"],"picked":"Creative AI+1","floor":31.0},{"not_picked":["Multi-Cast","Reboot"],"picked":"Biased Cognition+1","floor":33.0},{"not_picked":["Ball Lightning+1"],"picked":"Singing Bowl","floor":35.0},{"not_picked":["White Noise"],"picked":"Singing Bowl","floor":38.0}],"player_experience":599655,"relics_obtained":[{"floor":6.0,"key":"Singing Bowl"},{"floor":9.0,"key":"Omamori"},{"floor":12.0,"key":"Mummified Hand"},{"floor":14.0,"key":"Nunchaku"},{"floor":23.0,"key":"Blue Candle"},{"floor":25.0,"key":"Matryoshka"},{"floor":26.0,"key":"Centennial Puzzle"},{"floor":26.0,"key":"Frozen Egg 2"},{"floor":27.0,"key":"Strawberry"},{"floor":31.0,"key":"Mercury Hourglass"}],"event_choices":[{"cards_removed":["Strike_B"],"damage_healed":0.0,"max_hp_gain":0.0,"max_hp_loss":0.0,"gold_gain":0.0,"event_name":"Golden Wing","player_choice":"Card Removal","floor":3.0,"gold_loss":0.0,"damage_taken":7.0},{"damage_healed":0.0,"max_hp_gain":0.0,"max_hp_loss":7.0,"gold_gain":0.0,"event_name":"Golden Idol","player_choice":"Lose Max HP","floor":5.0,"gold_loss":0.0,"damage_taken":0.0,"relics_obtained":["Golden Idol"]},{"damage_healed":0.0,"max_hp_gain":0.0,"max_hp_loss":0.0,"gold_gain":0.0,"event_name":"Scrap Ooze","player_choice":"Success","floor":10.0,"gold_loss":0.0,"damage_taken":11.0,"relics_obtained":["Art of War"]},{"damage_healed":0.0,"max_hp_gain":0.0,"max_hp_loss":36.0,"gold_gain":0.0,"event_name":"Ghosts","player_choice":"Became a Ghost","floor":20.0,"gold_loss":0.0,"damage_taken":0.0,"cards_obtained":["Ghostly","Ghostly","Ghostly"]},{"damage_healed":0.0,"max_hp_gain":0.0,"max_hp_loss":0.0,"gold_gain":0.0,"event_name":"Cursed Tome","player_choice":"Ignored","floor":21.0,"gold_loss":0.0,"damage_taken":0.0},{"damage_healed":0.0,"max_hp_gain":0.0,"max_hp_loss":0.0,"gold_gain":0.0,"event_name":"The Library","player_choice":"Read","floor":30.0,"gold_loss":0.0,"damage_taken":0.0,"cards_obtained":["Electrodynamics"]},{"damage_healed":0.0,"max_hp_gain":0.0,"max_hp_loss":0.0,"gold_gain":0.0,"event_name":"Upgrade Shrine","player_choice":"Upgraded","floor":36.0,"gold_loss":0.0,"damage_taken":0.0,"cards_upgraded":["Machine Learning"]}],"is_beta":false,"boss_relics":[{"not_picked":["Pandora\u0027s Box","Cursed Key"],"picked":"Inserter"},{"not_picked":["White Beast Statue","Philosopher\u0027s Stone"],"picked":"Busted Crown"}],"items_purged_floors":[19,37],"is_endless":false,"potions_floor_spawned":[11,12,14,23,27,31,33,38],"killed_by":"Spire Growth","ascension_level":20}