{"path_per_floor":["M","M","?","?","$","R","E","R","T","M","E","M","$","T","R","B",null,"M","?","$","?","M","R","M","E","T","M","M","?","R","M","R","B",null,"M","?","M","M","$","E","R","E","T","R","M","M","?","$","R","B"],"character_chosen":"IRONCLAD","items_purchased":["Bottled Tornado","Limit Break","Frozen Egg 2","Pen Nib","Singing Bowl","Ancient Tea Set","Limit Break","Rupture+1"],"gold_per_floor":[359,377,377,627,365,365,394,394,421,441,474,493,94,94,94,199,199,215,215,68,68,86,86,106,135,135,155,173,173,173,190,190,286,286,303,303,317,329,25,59,59,94,94,94,106,120,120,9,9,9],"floor_reached":51,"campfire_rested":7,"playtime":3100,"item_purchase_floors":[5,13,13,20,39,39,48,48],"current_hp_per_floor":[72,72,77,77,77,77,68,68,68,66,57,61,61,61,87,36,87,64,60,60,60,46,60,45,17,17,29,32,32,52,45,65,49,69,70,82,65,52,52,37,63,56,56,82,84,64,64,64,89,51],"items_purged":[],"gold":9,"score":846,"play_id":"ef94381c-e514-48e6-8dce-5c33dd81179b","local_time":"20180521013433","is_prod":false,"is_daily":false,"chose_seed":false,"is_ascension_mode":true,"campfire_upgraded":2,"timestamp":1526880873,"campfire_choices":[{"data":"Rupture","floor":6,"key":"SMITH"},{"data":"Brutality","floor":8,"key":"SMITH"},{"floor":15,"key":"REST"},{"floor":23,"key":"REST"},{"floor":30,"key":"REST"},{"floor":32,"key":"REST"},{"floor":41,"key":"REST"},{"floor":44,"key":"REST"},{"floor":49,"key":"REST"}],"path_taken":["M","M","?","?","$","R","E","R","T","M","E","?","$","?","R","BOSS","M","?","$","?","M","R","M","E","T","?","M","?","R","M","R","BOSS","M","?","M","?","$","E","R","E","T","R","M","M","?","?","R","BOSS"],"build_version":"2018-05-18","seed_source_timestamp":640735824171228,"purchased_purges":0,"victory":true,"master_deck":["Defend_R","Defend_R","Defend_R","Defend_R","Bash","Whirlwind","Rupture+1","Regret","Brutality+1","Iron Wave","Flex","Limit Break","Feed","Shrug It Off+1","Bite","Bite","Bite","Bite","Bite","Metallicize+1","Battle Trance","Inflame+1","Rupture+1","Hemokinesis","Iron Wave+1","True Grit+1","Offering","Headbutt+1","Flex","Whirlwind","Feel No Pain+1","Dual Wield+1","Immolate+1","Shockwave+1","Metallicize+1","Blood for Blood+1","Limit Break","Rupture+1"],"max_hp_per_floor":[72,72,77,77,77,77,77,77,77,77,87,87,87,87,87,87,87,87,60,60,60,60,60,63,63,63,66,69,69,69,69,69,69,69,72,82,82,82,82,87,87,87,87,87,87,87,87,87,89,89],"relics":["Burning Blood","Bottled Tornado","Bag of Preparation","Pear","Frozen Egg 2","Matryoshka","White Beast Statue","Pen Nib","Nloth\u0027s Gift","Lantern","Dream Catcher","Self Forming Clay","Runic Cube","Singing Bowl","Ancient Tea Set","Bottled Lightning","Molten Egg 2","The Courier","Centennial Puzzle"],"card_choices":[{"not_picked":["Flex","Dropkick"],"picked":"Whirlwind","floor":1},{"not_picked":["Thunderclap","Havoc"],"picked":"Rupture","floor":2},{"not_picked":["Battle Trance","Wild Strike"],"picked":"Brutality","floor":7},{"not_picked":["Twin Strike","True Grit"],"picked":"Iron Wave","floor":10},{"not_picked":["Sentinel","Seeing Red"],"picked":"Immolate","floor":11},{"not_picked":["Headbutt","Heavy Blade"],"picked":"Flex","floor":12},{"not_picked":["Immolate","Impervious"],"picked":"Feed","floor":16},{"not_picked":["Iron Wave","Headbutt"],"picked":"Shrug It Off+1","floor":18},{"not_picked":["Corruption+1","Disarm"],"picked":"Metallicize+1","floor":22},{"not_picked":["Heavy Blade+1","Clothesline"],"picked":"Battle Trance","floor":24},{"not_picked":["Body Slam","Clash"],"picked":"Inflame+1","floor":25},{"not_picked":["Whirlwind","Armaments"],"picked":"Rupture+1","floor":27},{"not_picked":["Thunderclap+1","Pommel Strike"],"picked":"Hemokinesis","floor":28},{"not_picked":["Dual Wield","Searing Blow"],"picked":"Iron Wave+1","floor":30},{"not_picked":["Headbutt","Pommel Strike","Armaments"],"picked":"SKIP","floor":31},{"not_picked":["Entrench+1","Cleave"],"picked":"True Grit+1","floor":32},{"not_picked":["Fiend Fire","Berserk+1"],"picked":"Offering","floor":33},{"not_picked":["Clash+1","Armaments"],"picked":"Headbutt+1","floor":35},{"not_picked":["Warcry+1","Burning Pact"],"picked":"Flex","floor":37},{"not_picked":["Uppercut+1","Disarm+1"],"picked":"Whirlwind","floor":38},{"not_picked":["Sentinel","Dropkick"],"picked":"Feel No Pain+1","floor":40},{"not_picked":["Wild Strike+1","Clothesline+1"],"picked":"Dual Wield+1","floor":41},{"not_picked":["Searing Blow","Juggernaut+1"],"picked":"Immolate","floor":42},{"not_picked":["Pommel Strike+1","Heavy Blade+1"],"picked":"Shockwave+1","floor":44},{"not_picked":["Armaments+1","Demon Form+1"],"picked":"Metallicize+1","floor":45},{"not_picked":["Pommel Strike+1","Clothesline+1"],"picked":"Blood for Blood+1","floor":46},{"not_picked":["Twin Strike+1","Perfected Strike+1","Warcry+1"],"picked":"Singing Bowl","floor":49}],"player_experience":321894,"potions_floor_usage":[2,7,16,18,24,25,25,27,28,31,31,33,40,42,42,50,50,50],"damage_taken":[{"damage":1,"enemies":"Cultist","floor":1,"turns":4},{"damage":5,"enemies":"Jaw Worm","floor":2,"turns":4},{"damage":15,"enemies":"3 Sentries","floor":7,"turns":5},{"damage":8,"enemies":"Small Slimes","floor":10,"turns":3},{"damage":25,"enemies":"Lagavulin","floor":11,"turns":6},{"damage":2,"enemies":"2 Fungi Beasts","floor":12,"turns":2},{"damage":57,"enemies":"Hexaghost","floor":16,"turns":7},{"damage":29,"enemies":"3 Byrds","floor":18,"turns":4},{"damage":26,"enemies":"Shell Parasite","floor":22,"turns":5},{"damage":33,"enemies":"Snake Plant","floor":24,"turns":5},{"damage":48,"enemies":"Gremlin Leader","floor":25,"turns":7},{"damage":7,"enemies":"Cultist and Chosen","floor":27,"turns":5},{"damage":10,"enemies":"Chosen and Byrds","floor":28,"turns":5},{"damage":19,"enemies":"Snake Plant","floor":31,"turns":4},{"damage":32,"enemies":"Collector","floor":33,"turns":7},{"damage":10,"enemies":"Orb Walker","floor":35,"turns":3},{"damage":29,"enemies":"Flame Bruiser 1 Orb","floor":37,"turns":3},{"damage":33,"enemies":"Maw","floor":38,"turns":5},{"damage":36,"enemies":"Nemesis","floor":40,"turns":5},{"damage":13,"enemies":"2 Orb Walkers","floor":42,"turns":2},{"damage":4,"enemies":"3 Darklings","floor":45,"turns":1},{"damage":30,"enemies":"Spire Growth","floor":46,"turns":4},{"damage":44,"enemies":"Donu and Deca","floor":50,"turns":6}],"relics_obtained":[{"floor":7,"key":"Bag of Preparation"},{"floor":9,"key":"Whetstone"},{"floor":11,"key":"Pear"},{"floor":14,"key":"Matryoshka"},{"floor":25,"key":"Lantern"},{"floor":26,"key":"Dream Catcher"},{"floor":26,"key":"Self Forming Clay"},{"floor":40,"key":"Bottled Lightning"},{"floor":42,"key":"Molten Egg 2"},{"floor":43,"key":"The Courier"},{"floor":43,"key":"Centennial Puzzle"}],"event_choices":[{"event_name":"Big Fish","player_choice":"Donut","floor":3,"damage_taken":0},{"event_name":"Golden Shrine","player_choice":"Desecrate","floor":4,"damage_taken":0},{"event_name":"Vampires","player_choice":"Became a vampire","floor":19,"damage_taken":0},{"event_name":"N\u0027loth","player_choice":"Traded a Whetstone","floor":21,"damage_taken":0},{"event_name":"The Lab","player_choice":"Got Potions","floor":29,"damage_taken":0},{"event_name":"Bonfire Elementals","player_choice":"RARE","floor":36,"damage_taken":0},{"event_name":"SecretPortal","player_choice":"Rejected Portal.","floor":47,"damage_taken":0}],"boss_relics":[{"not_picked":["Calling Bell","Pandora\u0027s Box"],"picked":"White Beast Statue"},{"not_picked":["Black Star","Runic Dome"],"picked":"Runic Cube"}],"items_purged_floors":[],"potions_floor_spawned":[1,2,12,16,18,22,24,25,27,28,31,33,35,37,38,40,42,45,46],"seed_played":"3121526150028042860","ascension_level":1,"potions_obtained":[{"floor":1,"key":"Energy Potion"},{"floor":2,"key":"AttackPotion"},{"floor":12,"key":"Weak Potion"},{"floor":16,"key":"Dexterity Potion"},{"floor":18,"key":"Block Potion"},{"floor":22,"key":"Regen Potion"},{"floor":24,"key":"Strength Potion"},{"floor":25,"key":"Block Potion"},{"floor":27,"key":"Weak Potion"},{"floor":28,"key":"AttackPotion"},{"floor":29,"key":"EssenceOfSteel"},{"floor":29,"key":"AttackPotion"},{"floor":31,"key":"Weak Potion"},{"floor":33,"key":"Explosive Potion"},{"floor":35,"key":"Explosive Potion"},{"floor":38,"key":"Fruit Juice"},{"floor":40,"key":"Strength Potion"},{"floor":42,"key":"Swift Potion"},{"floor":45,"key":"GamblersBrew"}],"is_trial":false}