{"gold_per_floor":[109,124,36,36,55,87,87,118,118,131,151,151,151,186,186,260,260,278,278,278,292,392,425,425,445,445,331,357,357,375,401,401,479,479,495,509,558,113,133,168,168,195,219,219,235,263,363,379,379,379],"floor_reached":51,"playtime":2429,"items_purged":["Defend_R","Defend_R"],"score":1690,"play_id":"6ca09b8b-5f81-4ff1-850c-20d01549650b","local_time":"20190531112931","is_ascension_mode":true,"campfire_choices":[{"data":"Shockwave","floor":7.0,"key":"SMITH"},{"data":"Perfected Strike","floor":13.0,"key":"SMITH"},{"data":"Evolve","floor":15.0,"key":"SMITH"},{"data":"Bash","floor":24.0,"key":"SMITH"},{"data":"Twin Strike","floor":29.0,"key":"SMITH"},{"data":"Defend_R","floor":32.0,"key":"SMITH"},{"data":"Headbutt","floor":41.0,"key":"SMITH"},{"data":"Strike_R","floor":44.0,"key":"SMITH"},{"data":"Strike_R","floor":49.0,"key":"SMITH"}],"neow_cost":"NONE","seed_source_timestamp":788808746470190,"circlet_count":0,"master_deck":["AscendersBane","Strike_R+1","Strike_R","Strike_R","Strike_R+1","Defend_R+1","Defend_R+1","Bash+1","Infernal Blade+1","Perfected Strike+1","Headbutt+1","Shockwave+1","Twin Strike+1","Evolve+1","Rage+1","Perfected Strike+1","Double Tap+1","Twin Strike+1","Ghostly+1","Ghostly+1","Ghostly+1","Shrug It Off+1","Pommel Strike+1","Pommel Strike+1","Power Through+1","Pommel Strike+1","Twin Strike+1","Power Through+1","Dark Shackles+1","Flame Barrier+1"],"special_seed":0,"relics":["Burning Blood","Molten Egg 2","Self Forming Clay","Toxic Egg 2","Orichalcum","Velvet Choker","MutagenicStrength","Prayer Wheel","Pear","Torii","Mercury Hourglass","War Paint","Bottled Flame","Lizard Tail","Mango","Blood Vial","Kunai","Anchor","Centennial Puzzle","Du-Vu Doll","Thread and Needle"],"potions_floor_usage":[50],"damage_taken":[{"damage":2.0,"enemies":"Jaw Worm","floor":1.0,"turns":3.0},{"damage":1.0,"enemies":"Cultist","floor":2.0,"turns":3.0},{"damage":1.0,"enemies":"Small Slimes","floor":5.0,"turns":3.0},{"damage":15.0,"enemies":"3 Sentries","floor":6.0,"turns":5.0},{"damage":30.0,"enemies":"Lagavulin","floor":8.0,"turns":5.0},{"damage":13.0,"enemies":"Blue Slaver","floor":10.0,"turns":4.0},{"damage":12.0,"enemies":"Large Slime","floor":11.0,"turns":6.0},{"damage":15.0,"enemies":"3 Sentries","floor":14.0,"turns":6.0},{"damage":15.0,"enemies":"Slime Boss","floor":16.0,"turns":8.0},{"damage":22.0,"enemies":"Shell Parasite","floor":18.0,"turns":3.0},{"damage":2.0,"enemies":"Chosen","floor":21.0,"turns":3.0},{"damage":8.0,"enemies":"Colosseum Slavers","floor":22.0,"turns":3.0},{"damage":3.0,"enemies":"Colosseum Nobs","floor":22.0,"turns":4.0},{"damage":6.0,"enemies":"Gremlin Leader","floor":23.0,"turns":5.0},{"damage":8.0,"enemies":"Centurion and Healer","floor":25.0,"turns":3.0},{"damage":2.0,"enemies":"Book of Stabbing","floor":28.0,"turns":3.0},{"damage":0.0,"enemies":"Snake Plant","floor":30.0,"turns":1.0},{"damage":1.0,"enemies":"Slavers","floor":31.0,"turns":3.0},{"damage":18.0,"enemies":"Automaton","floor":33.0,"turns":10.0},{"damage":0.0,"enemies":"Orb Walker","floor":35.0,"turns":2.0},{"damage":23.0,"enemies":"3 Darklings","floor":36.0,"turns":5.0},{"damage":10.0,"enemies":"2 Orb Walkers","floor":37.0,"turns":3.0},{"damage":0.0,"enemies":"Spire Growth","floor":39.0,"turns":3.0},{"damage":0.0,"enemies":"Reptomancer","floor":40.0,"turns":4.0},{"damage":0.0,"enemies":"Nemesis","floor":42.0,"turns":4.0},{"damage":0.0,"enemies":"4 Shapes","floor":45.0,"turns":5.0},{"damage":1.0,"enemies":"Reptomancer","floor":46.0,"turns":4.0},{"damage":0.0,"enemies":"Mind Bloom Boss Battle","floor":47.0,"turns":6.0},{"damage":6.0,"enemies":"Maw","floor":48.0,"turns":5.0},{"damage":0,"enemies":"Time Eater","floor":50,"turns":10}],"seed_played":"-86848656245468287","potions_obtained":[{"floor":4.0,"key":"AttackPotion"},{"floor":4.0,"key":"GamblersBrew"},{"floor":5.0,"key":"LiquidBronze"},{"floor":6.0,"key":"Regen Potion"},{"floor":10.0,"key":"EssenceOfSteel"},{"floor":11.0,"key":"EssenceOfSteel"},{"floor":16.0,"key":"SpeedPotion"},{"floor":21.0,"key":"SpeedPotion"},{"floor":33.0,"key":"SpeedPotion"},{"floor":36.0,"key":"PowerPotion"},{"floor":40.0,"key":"Dexterity Potion"},{"floor":42.0,"key":"Energy Potion"}],"is_trial":false,"path_per_floor":["M","M","$","?","M","E","R","E","T","M","M","?","R","E","R","B",null,"M","?","?","M","?","E","R","M","T","$","E","R","M","E","R","B",null,"M","M","?","$","M","E","R","E","T","R","M","E","?","M","R","B",null],"character_chosen":"IRONCLAD","items_purchased":["Shockwave","Power Through+1","Dark Shackles+1","Blood Vial","Flame Barrier+1"],"campfire_rested":0,"item_purchase_floors":[3,27,38,38,38],"current_hp_per_floor":[72,75,75,75,75,66,66,56,56,49,43,43,43,34,34,25,63,47,47,37,37,47,47,47,45,45,45,47,47,47,47,47,35,44,47,30,40,40,48,56,56,61,61,61,61,61,61,61,61,61],"gold":379,"neow_bonus":"TRANSFORM_CARD","is_prod":false,"is_daily":false,"chose_seed":false,"campfire_upgraded":9,"win_rate":0,"timestamp":1559294971,"path_taken":["M","M","$","?","M","E","R","E","T","M","?","?","R","E","R","BOSS","M","?","?","M","?","E","R","M","T","?","E","R","M","E","R","BOSS","M","M","?","$","M","E","R","E","T","R","M","E","?","M","R","BOSS"],"build_version":"2019-01-23","purchased_purges":2,"victory":true,"max_hp_per_floor":[75,75,75,75,75,75,75,75,75,75,75,75,75,75,75,75,75,75,75,37,37,47,47,47,47,47,47,47,47,47,47,47,47,47,47,47,61,61,61,61,61,61,61,61,61,61,61,61,61,61],"card_choices":[{"not_picked":["Warcry","Thunderclap"],"picked":"Perfected Strike","floor":1.0},{"not_picked":["Combust","Heavy Blade"],"picked":"Headbutt","floor":2.0},{"not_picked":["Feed","Anger"],"picked":"Twin Strike","floor":5.0},{"not_picked":["Flex","Body Slam","Fire Breathing"],"picked":"SKIP","floor":6.0},{"not_picked":["Burning Pact","Rage"],"picked":"Evolve","floor":8.0},{"not_picked":["Anger+1","Clash+1"],"picked":"Rage+1","floor":10.0},{"not_picked":["Juggernaut","Twin Strike+1"],"picked":"Perfected Strike+1","floor":11.0},{"not_picked":["Pummel+1","Combust","Havoc+1"],"picked":"SKIP","floor":14.0},{"not_picked":["Bludgeon+1","Fiend Fire+1"],"picked":"Double Tap+1","floor":16.0},{"not_picked":["Shrug It Off+1","Pummel+1"],"picked":"Twin Strike+1","floor":18.0},{"not_picked":["Entrench+1","Rampage+1","Sever Soul+1"],"picked":"SKIP","floor":21.0},{"not_picked":["Uppercut+1","Cleave+1"],"picked":"Shrug It Off+1","floor":22.0},{"not_picked":["Blood for Blood+1","Armaments+1","Body Slam+1"],"picked":"SKIP","floor":23.0},{"not_picked":["Warcry+1","Clothesline+1"],"picked":"Pommel Strike+1","floor":25.0},{"not_picked":["Clothesline+1","Flex+1"],"picked":"Pommel Strike+1","floor":25.0},{"not_picked":["Seeing Red+1","Juggernaut","Clash+1"],"picked":"SKIP","floor":28.0},{"not_picked":["Seeing Red+1","Juggernaut","Clash+1"],"picked":"SKIP","floor":28.0},{"not_picked":["Armaments+1","Iron Wave+1"],"picked":"Pommel Strike+1","floor":30.0},{"not_picked":["Headbutt+1","Inflame"],"picked":"Twin Strike+1","floor":30.0},{"not_picked":["Twin Strike+1","Iron Wave+1","Evolve"],"picked":"SKIP","floor":31.0},{"not_picked":["Warcry+1","Sentinel+1"],"picked":"Power Through+1","floor":35.0},{"not_picked":["Havoc+1","Heavy Blade+1","Metallicize"],"picked":"SKIP","floor":35.0},{"not_picked":["Carnage+1","Pummel+1","Intimidate+1"],"picked":"SKIP","floor":36.0},{"not_picked":["Rampage+1","Heavy Blade+1","Second Wind+1"],"picked":"SKIP","floor":36.0},{"not_picked":["True Grit+1","Wild Strike+1","Havoc+1"],"picked":"SKIP","floor":39.0},{"not_picked":["Havoc+1","Thunderclap+1","Armaments+1"],"picked":"SKIP","floor":39.0},{"not_picked":["Ghostly Armor+1","Headbutt+1","Shockwave+1"],"picked":"SKIP","floor":40.0},{"not_picked":["Berserk","Flex+1","Body Slam+1"],"picked":"SKIP","floor":42.0},{"not_picked":["Pommel Strike+1","Entrench+1","Whirlwind+1"],"picked":"SKIP","floor":45.0},{"not_picked":["Cleave+1","Warcry+1","Combust"],"picked":"SKIP","floor":45.0},{"not_picked":["Anger+1","Entrench+1","Intimidate+1"],"picked":"SKIP","floor":46.0},{"not_picked":["Pommel Strike+1","Dropkick+1","Spot Weakness+1"],"picked":"SKIP","floor":48.0},{"not_picked":["Inflame","Iron Wave+1","Ghostly Armor+1"],"picked":"SKIP","floor":48.0}],"player_experience":559416,"relics_obtained":[{"floor":6.0,"key":"Molten Egg 2"},{"floor":8.0,"key":"Self Forming Clay"},{"floor":9.0,"key":"Toxic Egg 2"},{"floor":14.0,"key":"Orichalcum"},{"floor":22.0,"key":"Prayer Wheel"},{"floor":22.0,"key":"Pear"},{"floor":23.0,"key":"Torii"},{"floor":26.0,"key":"Mercury Hourglass"},{"floor":28.0,"key":"War Paint"},{"floor":31.0,"key":"Bottled Flame"},{"floor":37.0,"key":"Mango"},{"floor":40.0,"key":"Kunai"},{"floor":42.0,"key":"Anchor"},{"floor":43.0,"key":"Centennial Puzzle"},{"floor":46.0,"key":"Du-Vu Doll"},{"floor":47.0,"key":"Thread and Needle"}],"event_choices":[{"damage_healed":0.0,"max_hp_gain":0.0,"max_hp_loss":0.0,"gold_gain":0.0,"event_name":"Lab","player_choice":"Got Potions","floor":4.0,"gold_loss":0.0,"damage_taken":0.0},{"damage_healed":0.0,"max_hp_gain":0.0,"max_hp_loss":0.0,"gold_gain":0.0,"event_name":"Liars Game","player_choice":"Ignored","floor":12.0,"gold_loss":0.0,"damage_taken":0.0},{"damage_healed":0.0,"max_hp_gain":0.0,"max_hp_loss":0.0,"gold_gain":0.0,"event_name":"Drug Dealer","player_choice":"Inject Mutagens","floor":19.0,"gold_loss":0.0,"damage_taken":0.0,"relics_obtained":["MutagenicStrength"]},{"damage_healed":0.0,"max_hp_gain":0.0,"max_hp_loss":38.0,"gold_gain":0.0,"event_name":"Ghosts","player_choice":"Became a Ghost","floor":20.0,"gold_loss":0.0,"damage_taken":0.0,"cards_obtained":["Ghostly","Ghostly","Ghostly"]},{"damage_healed":0.0,"max_hp_gain":0.0,"max_hp_loss":0.0,"gold_gain":0.0,"event_name":"Colosseum","player_choice":"Fight","floor":22.0,"gold_loss":0.0,"damage_taken":0.0},{"damage_healed":0.0,"max_hp_gain":0.0,"max_hp_loss":0.0,"gold_gain":0.0,"event_name":"Colosseum","player_choice":"Fought Nobs","floor":22.0,"gold_loss":0.0,"damage_taken":0.0},{"damage_healed":0.0,"max_hp_gain":0.0,"max_hp_loss":0.0,"gold_gain":0.0,"event_name":"Mysterious Sphere","player_choice":"Fight","floor":37.0,"gold_loss":0.0,"damage_taken":0.0},{"damage_healed":0.0,"max_hp_gain":0.0,"max_hp_loss":0.0,"gold_gain":0.0,"event_name":"MindBloom","player_choice":"Fight","floor":47.0,"gold_loss":0.0,"damage_taken":0.0}],"is_beta":false,"boss_relics":[{"not_picked":["Calling Bell","Busted Crown"],"picked":"Velvet Choker"},{"not_picked":["Orrery","Runic Dome"],"picked":"Lizard Tail"}],"items_purged_floors":[27,38],"is_endless":false,"potions_floor_spawned":[5,6,10,11,16,21,22,23,30,33,35,36,40,42,46],"ascension_level":18}