{"gold_per_floor":[363,363,381,393,55,55,73,73,127,139,139],"floor_reached":11,"playtime":298,"items_purged":[],"score":81,"play_id":"4491e585-81f0-4745-a0c2-42c34e297829","local_time":"20190610040109","is_ascension_mode":true,"campfire_choices":[{"floor":6,"key":"REST"},{"data":"Thunder Strike","floor":8,"key":"SMITH"}],"neow_cost":"PERCENT_DAMAGE","seed_source_timestamp":1678975123279800,"circlet_count":0,"master_deck":["Strike_B","Strike_B","Strike_B","Strike_B","Defend_B","Defend_B","Defend_B","Defend_B","Zap","Dualcast","Ball Lightning","Genetic Algorithm","Conserve Battery","Multi-Cast","Rip and Tear","Thunder Strike+1","Self Repair"],"relics":["Cracked Core","Dream Catcher","ClockworkSouvenir","Tiny Chest"],"potions_floor_usage":[7],"damage_taken":[{"damage":4,"enemies":"2 Louse","floor":1,"turns":3},{"damage":4,"enemies":"Jaw Worm","floor":3,"turns":3},{"damage":1,"enemies":"Cultist","floor":4,"turns":3},{"damage":2,"enemies":"2 Fungi Beasts","floor":7,"turns":3},{"damage":30,"enemies":"Large Slime","floor":10,"turns":6},{"damage":28,"enemies":"3 Sentries","floor":11,"turns":4}],"seed_played":"1066724607771097274","potions_obtained":[{"floor":4,"key":"LiquidBronze"}],"is_trial":false,"path_per_floor":["M","?","M","M","$","R","M","R","T","M","?"],"character_chosen":"DEFECT","items_purchased":["ClockworkSouvenir","Multi-Cast"],"campfire_rested":1,"item_purchase_floors":[5,5],"current_hp_per_floor":[50,43,39,38,38,60,58,58,58,28,0],"gold":139,"neow_bonus":"TWO_FIFTY_GOLD","is_prod":false,"is_daily":false,"chose_seed":false,"campfire_upgraded":1,"win_rate":0,"timestamp":1560153669,"path_taken":["M","?","M","M","$","R","M","R","T","M","?"],"build_version":"2019-06-07","purchased_purges":0,"victory":false,"max_hp_per_floor":[75,75,75,75,75,75,75,75,75,75,75],"card_choices":[{"not_picked":["Turbo","Go for the Eyes"],"picked":"Ball Lightning","floor":1},{"not_picked":["Go for the Eyes","Conserve Battery"],"picked":"Genetic Algorithm","floor":3},{"not_picked":["Coolheaded","Turbo"],"picked":"Conserve Battery","floor":4},{"not_picked":["Barrage","Stack"],"picked":"Rip and Tear","floor":6},{"not_picked":["Compile Driver","Static Discharge"],"picked":"Thunder Strike","floor":7},{"not_picked":["Recycle","Hologram"],"picked":"Self Repair","floor":10}],"player_experience":1016896,"relics_obtained":[{"floor":9,"key":"Tiny Chest"}],"event_choices":[{"damage_healed":0,"gold_gain":0,"player_choice":"Success","damage_taken":7,"relics_obtained":["Dream Catcher"],"max_hp_gain":0,"max_hp_loss":0,"event_name":"Scrap Ooze","floor":2,"gold_loss":0},{"damage_healed":0,"gold_gain":0,"player_choice":"Searched \u00271\u0027 times","damage_taken":0,"max_hp_gain":0,"max_hp_loss":0,"event_name":"Dead Adventurer","floor":11,"gold_loss":0}],"is_beta":true,"boss_relics":[],"items_purged_floors":[],"is_endless":false,"potions_floor_spawned":[4],"killed_by":"3 Sentries","ascension_level":5}