{"path_per_floor":["M","M","?","M","?","R","E","R","T","M","M","E","R","M","R","B",null,"M","?","$","$","M","R","M","R","T","M"],"character_chosen":"DEFECT","items_purchased":["Mummified Hand","Capacitor","Capacitor","Coolheaded"],"gold_per_floor":[109,128,203,221,221,221,252,252,252,266,281,306,306,317,317,419,419,433,433,128,26,27,27,37,37,37,49,49],"floor_reached":28,"campfire_rested":5,"playtime":39938,"current_hp_per_floor":[75,75,64,64,64,64,57,83,83,73,60,28,54,51,77,24,89,63,63,63,63,36,62,24,50,50,11,0],"items_purged":[],"gold":49,"score":230,"play_id":"9475cea5-22ce-42ea-bb4d-e5eb3ea8ae03","local_time":"20180429190706","is_prod":false,"is_daily":false,"chose_seed":false,"is_ascension_mode":false,"campfire_upgraded":1,"timestamp":1525043226,"path_taken":["M","M","?","M","?","R","E","R","T","?","M","E","R","M","R","BOSS","M","?","?","$","M","R","M","R","T","M","?"],"build_version":"2018-04-27v3","seed_source_timestamp":1174832744065446,"purchased_purges":0,"victory":false,"master_deck":["Strike_B","Strike_B","Strike_B","Strike_B","Defend_B","Defend_B","Defend_B","Defend_B","Zap+1","Dualcast","Reinforced Body","Darkness+1","Ball Lightning+1","Barrage","Beam Cell+1","Double Energy","Fission","Capacitor","Capacitor","Coolheaded","Loop","Amplify"],"max_hp_per_floor":[75,75,75,75,75,75,89,89,89,89,89,89,89,89,89,89,89,89,89,89,89,89,89,89,89,89,89,89],"relics":["Cracked Core","NeowsBlessing","Mango","Bird Faced Urn","Girya","Black Star","Gambling Chip","Mummified Hand","Whetstone"],"card_choices":[{"not_picked":["Capacitor","Beam Cell"],"picked":"Reinforced Body","floor":1},{"not_picked":["Axe Kick","Hologram"],"picked":"Darkness","floor":2},{"not_picked":["Rip and Tear","Genetic Algorithm"],"picked":"Ball Lightning","floor":4},{"not_picked":["Coolheaded","Turbo"],"picked":"Barrage","floor":7},{"not_picked":["Streamline","Rebound"],"picked":"Beam Cell","floor":12},{"not_picked":["Coolheaded","Turbo"],"picked":"Double Energy","floor":14},{"not_picked":["Meteor Strike","All For One"],"picked":"Fission","floor":16},{"not_picked":["Scrape","Hologram"],"picked":"Loop","floor":24},{"not_picked":["Sweeping Beam","Streamline"],"picked":"Amplify","floor":27}],"player_experience":13033,"potions_floor_usage":[7,16,22,27,28],"damage_taken":[{"damage":0,"enemies":"2 Louse","floor":1,"turns":1},{"damage":0,"enemies":"Small Slimes","floor":2,"turns":1},{"damage":0,"enemies":"Jaw Worm","floor":4,"turns":1},{"damage":21,"enemies":"Lagavulin","floor":7,"turns":4},{"damage":10,"enemies":"Looter","floor":10,"turns":3},{"damage":13,"enemies":"Exordium Thugs","floor":11,"turns":3},{"damage":32,"enemies":"Gremlin Nob","floor":12,"turns":4},{"damage":3,"enemies":"2 Fungi Beasts","floor":14,"turns":3},{"damage":53,"enemies":"The Guardian","floor":16,"turns":8},{"damage":26,"enemies":"Shell Parasite","floor":18,"turns":9},{"damage":31,"enemies":"2 Thieves","floor":22,"turns":4},{"damage":42,"enemies":"Centurion and Healer","floor":24,"turns":6},{"damage":43,"enemies":"Chosen and Byrds","floor":27,"turns":6},{"damage":21,"enemies":"Snake Plant","floor":28,"turns":3}],"event_choices":[{"event_name":"World of Goop","player_choice":"Gather Gold","floor":3,"damage_taken":0},{"event_name":"Upgrade Shrine","player_choice":"Upgraded","floor":5,"damage_taken":0},{"event_name":"Accursed Blacksmith","player_choice":"Rummage","floor":19,"damage_taken":0}],"boss_relics":[{"not_picked":["Eternal Feather","Sozu"],"picked":"Black Star"}],"potions_floor_spawned":[4,14,16,18,27],"seed_played":"4776272574128290811","killed_by":"Snake Plant","ascension_level":0,"is_trial":false}