{"gold_per_floor":[366,378,71,83,83,112,124,151,163,210,237,278,310,338,350,441,453,480,518,550,61,79,104,104,129,154,187,200,220,220,220,220,295,295,311,322,339,353,367,392,392,392,417,417,283,318,268,286,286,286,286],"floor_reached":51,"playtime":1690,"items_purged":["Strike_R","Defend_R","Defend_R"],"score":1607,"play_id":"90e9152e-3c5f-498e-9293-985f5bcfe602","local_time":"20190630175638","is_ascension_mode":true,"campfire_choices":[{"data":"Whirlwind","floor":7.0,"key":"SMITH"},{"data":"Whirlwind","floor":15.0,"key":"SMITH"},{"data":"Inflame","floor":24.0,"key":"SMITH"},{"data":"Demon Form","floor":32.0,"key":"SMITH"},{"data":"Reaper","floor":42.0,"key":"SMITH"},{"floor":44.0,"key":"RECALL"},{"data":"Clash","floor":49.0,"key":"SMITH"}],"neow_cost":"CURSE","seed_source_timestamp":1540256934230117,"circlet_count":0,"master_deck":["AscendersBane","Strike_R","Strike_R","Strike_R","Strike_R","Defend_R","Defend_R","Bash","Parasite","Sever Soul","Clash+1","Whirlwind+1","Demon Form+1","Thunderclap","Inflame+1","Whirlwind+1","Ghostly Armor+1","Double Tap+1","Dark Shackles+1","Seeing Red+1","Reaper+1","Battle Trance+1","Shockwave+1"],"special_seed":0,"relics":["Burning Blood","Chemical X","MawBank","Toxic Egg 2","Dodecahedron","Vajra","Velvet Choker","Red Mask","Gambling Chip","Bottled Flame","Smiling Mask","Anchor","Nilry\u0027s Codex","Frozen Egg 2","Sozu","Pen Nib","PreservedInsect","Happy Flower"],"potions_floor_usage":[],"damage_taken":[{"damage":11.0,"enemies":"Cultist","floor":1.0,"turns":4.0},{"damage":14.0,"enemies":"Small Slimes","floor":2.0,"turns":4.0},{"damage":0.0,"enemies":"Jaw Worm","floor":4.0,"turns":1.0},{"damage":30.0,"enemies":"Lagavulin","floor":6.0,"turns":6.0},{"damage":2.0,"enemies":"Large Slime","floor":8.0,"turns":4.0},{"damage":8.0,"enemies":"Gremlin Nob","floor":10.0,"turns":3.0},{"damage":6.0,"enemies":"Looter","floor":11.0,"turns":2.0},{"damage":20.0,"enemies":"3 Sentries","floor":12.0,"turns":4.0},{"damage":0.0,"enemies":"Exordium Wildlife","floor":13.0,"turns":2.0},{"damage":0.0,"enemies":"Large Slime","floor":14.0,"turns":2.0},{"damage":29.0,"enemies":"The Guardian","floor":16.0,"turns":8.0},{"damage":0.0,"enemies":"Shell Parasite","floor":18.0,"turns":1.0},{"damage":0.0,"enemies":"Masked Bandits","floor":19.0,"turns":2.0},{"damage":3.0,"enemies":"2 Thieves","floor":20.0,"turns":2.0},{"damage":0.0,"enemies":"Chosen and Byrds","floor":22.0,"turns":2.0},{"damage":0.0,"enemies":"Slavers","floor":23.0,"turns":2.0},{"damage":26.0,"enemies":"Book of Stabbing","floor":25.0,"turns":3.0},{"damage":5.0,"enemies":"Slavers","floor":27.0,"turns":2.0},{"damage":0.0,"enemies":"Snecko","floor":28.0,"turns":2.0},{"damage":0.0,"enemies":"Snake Plant","floor":29.0,"turns":2.0},{"damage":14.0,"enemies":"Automaton","floor":33.0,"turns":5.0},{"damage":0.0,"enemies":"3 Darklings","floor":35.0,"turns":1.0},{"damage":25.0,"enemies":"3 Shapes","floor":36.0,"turns":1.0},{"damage":40.0,"enemies":"Maw","floor":37.0,"turns":6.0},{"damage":0.0,"enemies":"3 Darklings","floor":38.0,"turns":1.0},{"damage":27.0,"enemies":"Spire Growth","floor":39.0,"turns":3.0},{"damage":48.0,"enemies":"Nemesis","floor":40.0,"turns":5.0},{"damage":0.0,"enemies":"Reptomancer","floor":46.0,"turns":1.0},{"damage":0.0,"enemies":"Writhing Mass","floor":48.0,"turns":2.0},{"damage":31.0,"enemies":"Time Eater","floor":50.0,"turns":5.0},{"damage":61,"enemies":"Awakened One","floor":51,"turns":6}],"seed_played":"5861081120730900032","potions_obtained":[{"floor":4.0,"key":"SneckoOil"},{"floor":6.0,"key":"FearPotion"},{"floor":10.0,"key":"EntropicBrew"},{"floor":18.0,"key":"SteroidPotion"},{"floor":22.0,"key":"SpeedPotion"},{"floor":28.0,"key":"BloodPotion"}],"is_trial":false,"path_per_floor":["M","M","$","M","?","E","R","M","T","E","M","E","M","M","R","B",null,"M","?","M","$","M","E","R","E","T","E","M","M","?","T","R","B",null,"M","M","M","M","M","E","?","R","T","R","$","E","$","M","R","B","B"],"character_chosen":"IRONCLAD","items_purchased":["Whirlwind","Chemical X","Gambling Chip","Dark Shackles+1","Shockwave+1"],"campfire_rested":0,"item_purchase_floors":[3,3,21,21,45],"current_hp_per_floor":[63,55,55,61,61,37,37,41,41,39,39,25,31,37,37,14,60,66,72,75,75,75,75,75,55,55,56,62,68,47,47,47,46,68,75,56,31,37,23,9,61,61,61,61,61,61,61,61,61,36,0],"gold":286,"neow_bonus":"TWO_FIFTY_GOLD","is_prod":false,"is_daily":false,"chose_seed":false,"campfire_upgraded":6,"win_rate":0,"timestamp":1561910198,"path_taken":["M","M","$","M","?","E","R","?","T","E","M","E","M","M","R","BOSS","M","?","M","$","M","E","R","E","T","E","M","M","?","?","R","BOSS","M","M","M","M","M","E","?","R","T","R","$","E","$","M","R","BOSS","BOSS"],"build_version":"2019-01-23","purchased_purges":3,"victory":false,"max_hp_per_floor":[75,75,75,75,75,75,75,75,75,75,75,75,75,75,75,75,75,75,75,75,75,75,75,75,75,75,75,75,75,75,75,75,75,75,75,75,75,75,75,75,61,61,61,61,61,61,61,61,61,61,61],"card_choices":[{"not_picked":["Warcry","Pommel Strike"],"picked":"Sever Soul","floor":1.0},{"not_picked":["Metallicize","Flame Barrier"],"picked":"Clash","floor":2.0},{"not_picked":["Clash","Rampage"],"picked":"Demon Form","floor":4.0},{"not_picked":["Exhume","Pommel Strike"],"picked":"Thunderclap","floor":6.0},{"not_picked":["Flex","True Grit"],"picked":"Inflame","floor":8.0},{"not_picked":["Flex+1","Entrench+1"],"picked":"Whirlwind","floor":10.0},{"not_picked":["Rampage","Evolve","Searing Blow"],"picked":"SKIP","floor":11.0},{"not_picked":["Headbutt","Berserk"],"picked":"Ghostly Armor+1","floor":12.0},{"not_picked":["Pummel","Wild Strike","Dropkick"],"picked":"SKIP","floor":13.0},{"not_picked":["Rampage","Body Slam","Heavy Blade"],"picked":"SKIP","floor":14.0},{"not_picked":["Immolate","Impervious+1"],"picked":"Double Tap+1","floor":16.0},{"not_picked":["Carnage","Flame Barrier+1","Pommel Strike"],"picked":"SKIP","floor":18.0},{"not_picked":["Dual Wield+1","Shrug It Off+1","Heavy Blade+1"],"picked":"SKIP","floor":20.0},{"not_picked":["Anger","Barricade","Havoc+1"],"picked":"SKIP","floor":22.0},{"not_picked":["Rampage","Warcry+1"],"picked":"Seeing Red+1","floor":23.0},{"not_picked":["Havoc+1","Wild Strike","Shrug It Off+1"],"picked":"SKIP","floor":25.0},{"not_picked":["Pommel Strike","Rupture","Infernal Blade+1"],"picked":"SKIP","floor":27.0},{"not_picked":["True Grit+1","Heavy Blade","Flex+1"],"picked":"SKIP","floor":28.0},{"not_picked":["Spot Weakness+1","Headbutt","Cleave+1"],"picked":"SKIP","floor":29.0},{"not_picked":["Immolate","Bludgeon"],"picked":"Reaper","floor":33.0},{"not_picked":["Shrug It Off+1","Intimidate+1","Heavy Blade"],"picked":"SKIP","floor":35.0},{"not_picked":["Headbutt","Body Slam","Rampage"],"picked":"SKIP","floor":36.0},{"not_picked":["Uppercut","Heavy Blade+1","Havoc+1"],"picked":"SKIP","floor":37.0},{"not_picked":["Warcry+1","Headbutt","Pommel Strike"],"picked":"SKIP","floor":38.0},{"not_picked":["Sword Boomerang+1","Fiend Fire","Metallicize+1"],"picked":"SKIP","floor":39.0},{"not_picked":["Fire Breathing+1","Whirlwind"],"picked":"Battle Trance+1","floor":40.0},{"not_picked":["Headbutt","Ghostly Armor+1","Sword Boomerang"],"picked":"SKIP","floor":46.0},{"not_picked":["Cleave","Metallicize+1","Rampage"],"picked":"SKIP","floor":48.0}],"player_experience":608979,"relics_obtained":[{"floor":6.0,"key":"MawBank"},{"floor":9.0,"key":"Toxic Egg 2"},{"floor":10.0,"key":"Dodecahedron"},{"floor":12.0,"key":"Vajra"},{"floor":19.0,"key":"Red Mask"},{"floor":23.0,"key":"Bottled Flame"},{"floor":25.0,"key":"Smiling Mask"},{"floor":27.0,"key":"Anchor"},{"floor":30.0,"key":"Nilry\u0027s Codex"},{"floor":31.0,"key":"Frozen Egg 2"},{"floor":40.0,"key":"Pen Nib"},{"floor":43.0,"key":"PreservedInsect"},{"floor":46.0,"key":"Happy Flower"}],"event_choices":[{"damage_healed":0.0,"max_hp_gain":0.0,"max_hp_loss":0.0,"gold_gain":0.0,"event_name":"Fountain of Cleansing","player_choice":"Ignored","floor":5.0,"gold_loss":0.0,"damage_taken":0.0},{"damage_healed":0.0,"max_hp_gain":0.0,"max_hp_loss":0.0,"gold_gain":0.0,"event_name":"Masked Bandits","player_choice":"Fought Bandits","floor":19.0,"gold_loss":0.0,"damage_taken":0.0},{"damage_healed":0.0,"max_hp_gain":0.0,"max_hp_loss":0.0,"gold_gain":0.0,"event_name":"Cursed Tome","player_choice":"Obtained Book","floor":30.0,"gold_loss":0.0,"damage_taken":21.0},{"damage_healed":61.0,"max_hp_gain":0.0,"max_hp_loss":14.0,"gold_gain":0.0,"event_name":"The Moai Head","player_choice":"Heal","floor":41.0,"gold_loss":0.0,"damage_taken":0.0}],"is_beta":false,"boss_relics":[{"not_picked":["Ectoplasm","Black Blood"],"picked":"Velvet Choker"},{"not_picked":["Lizard Tail","Empty Cage"],"picked":"Sozu"}],"items_purged_floors":[21,45,47],"is_endless":false,"potions_floor_spawned":[4,6,10,13,14,18,22,23,28,29,38,39,46,48],"killed_by":"Awakened One","ascension_level":20}