{"gold_per_floor":[109,109,125,125,125,125,98,117,164,164,164,176,195,214,214,315,315,335,352,29,40,40,69,49,49,49,63,63,63,63,76,76,180,180,193,193,203,220,230,255,269,281,281,298,298],"floor_reached":45,"playtime":5500,"items_purged":[],"score":461,"play_id":"c016f17e-6da4-4fa1-bbb9-686dc269d5ce","local_time":"20190529193918","is_ascension_mode":false,"campfire_choices":[{"data":"Perfected Strike","floor":6.0,"key":"SMITH"},{"data":"Iron Wave","floor":10.0,"key":"SMITH"},{"data":"Cleave","floor":15.0,"key":"SMITH"},{"floor":25,"key":"REST"},{"data":"Body Slam","floor":28,"key":"SMITH"},{"data":"Barricade","floor":32,"key":"SMITH"}],"neow_cost":"","seed_source_timestamp":0,"circlet_count":0,"master_deck":["Strike_R+1","Strike_R+1","Strike_R+1","Strike_R+1","Strike_R+1","Defend_R+1","Defend_R+1","Defend_R+1","Bash","Perfected Strike+1","Cleave+1","Warcry+1","Iron Wave+1","Shrug It Off+1","Flex+1","Cleave+1","Impervious+1","Flex+1","Barricade+1","Apotheosis+1","Body Slam+1","Warcry+1","Inflame","Shockwave+1","Battle Trance+1","Intimidate+1","Bludgeon+1","Fire Breathing+1","Anger+1","Anger","Seeing Red+1","Fire Breathing+1","Thunderclap+1"],"special_seed":0,"relics":["Burning Blood","Toxic Egg 2","Pen Nib","Philosopher\u0027s Stone","Bronze Scales","Matryoshka","Sozu","Champion Belt","Darkstone Periapt","Happy Flower"],"potions_floor_usage":[18,44,45],"damage_taken":[{"damage":6.0,"enemies":"Jaw Worm","floor":1.0,"turns":3.0},{"damage":0.0,"enemies":"Small Slimes","floor":3.0,"turns":3.0},{"damage":6.0,"enemies":"Cultist","floor":8.0,"turns":3.0},{"damage":13.0,"enemies":"Red Slaver","floor":12.0,"turns":2.0},{"damage":0.0,"enemies":"3 Louse","floor":13.0,"turns":3.0},{"damage":2.0,"enemies":"Lots of Slimes","floor":14.0,"turns":2.0},{"damage":51.0,"enemies":"The Guardian","floor":16.0,"turns":10.0},{"damage":0,"enemies":"Spheric Guardian","floor":18,"turns":3},{"damage":10,"enemies":"2 Thieves","floor":19,"turns":3},{"damage":11,"enemies":"Centurion and Healer","floor":21,"turns":5},{"damage":40,"enemies":"Book of Stabbing","floor":23,"turns":6},{"damage":5,"enemies":"3 Cultists","floor":27,"turns":4},{"damage":0,"enemies":"Snecko","floor":31,"turns":3},{"damage":6,"enemies":"Champ","floor":33,"turns":9},{"damage":5,"enemies":"3 Darklings","floor":35,"turns":3},{"damage":0,"enemies":"Orb Walker","floor":37,"turns":2},{"damage":0,"enemies":"Transient","floor":38,"turns":5},{"damage":14,"enemies":"Maw","floor":39,"turns":6},{"damage":9,"enemies":"Reptomancer","floor":40,"turns":6},{"damage":32,"enemies":"Jaw Worm Horde","floor":41,"turns":5},{"damage":16,"enemies":"3 Darklings","floor":42,"turns":4},{"damage":22,"enemies":"Writhing Mass","floor":44,"turns":6},{"damage":41,"enemies":"Nemesis","floor":45,"turns":4}],"seed_played":"8887049002478722589","potions_obtained":[{"floor":3.0,"key":"GamblersBrew"},{"floor":8.0,"key":"SkillPotion"},{"floor":12.0,"key":"BloodPotion"},{"floor":14.0,"key":"Explosive Potion"},{"floor":19,"key":"PowerPotion"}],"is_trial":false,"path_per_floor":["M","?","M","?","?","R","$","M","T","R","?","M","M","M","R","B",null,"M","M","$","M","?","E","?","R","T","M","R","?","?","M","R","B",null,"M","?","M","M","M","E","M","M","T","M","E"],"character_chosen":"IRONCLAD","items_purchased":["Warcry+1","Apotheosis+1","Body Slam","Warcry+1","Inflame"],"campfire_rested":1,"item_purchase_floors":[7,20,20,20,20],"current_hp_per_floor":[80,85,85,78,75,75,75,75,75,75,75,68,74,78,78,33,85,85,81,81,76,76,42,42,67,67,68,68,68,68,74,74,74,85,85,85,85,85,77,74,48,38,38,30,0],"gold":298,"neow_bonus":"","is_prod":false,"is_daily":false,"chose_seed":false,"campfire_upgraded":5,"win_rate":0.0,"timestamp":1559176758,"path_taken":["M","?","M","?","?","R","$","M","T","R","?","M","?","M","R","BOSS","M","M","$","M","?","E","?","R","T","?","R","?","?","M","R","BOSS","M","?","?","M","M","E","M","M","T","M","E"],"build_version":"2019-01-23","purchased_purges":0,"victory":false,"max_hp_per_floor":[80,85,85,85,85,85,85,85,85,85,85,85,85,85,85,85,85,85,85,85,85,85,85,85,85,85,85,85,85,85,85,85,85,85,85,85,85,85,85,85,85,85,85,85,85],"card_choices":[{"not_picked":["Anger","Metallicize"],"picked":"Perfected Strike","floor":1.0},{"not_picked":["Disarm","Rupture"],"picked":"Cleave","floor":3.0},{"not_picked":["Sword Boomerang","Pummel"],"picked":"Iron Wave","floor":8.0},{"not_picked":["Iron Wave","Warcry+1"],"picked":"Shrug It Off+1","floor":12.0},{"not_picked":["Body Slam","Uppercut"],"picked":"Flex+1","floor":13.0},{"not_picked":["Clothesline","Blood for Blood"],"picked":"Cleave","floor":14.0},{"not_picked":["Berserk","Double Tap+1"],"picked":"Impervious+1","floor":16.0},{"not_picked":["Clothesline","Headbutt"],"picked":"Flex+1","floor":18},{"not_picked":["Twin Strike","Clothesline"],"picked":"Barricade","floor":19},{"not_picked":["Iron Wave","Clothesline","Second Wind+1"],"picked":"SKIP","floor":21},{"not_picked":["Armaments+1","Battle Trance+1"],"picked":"Shockwave+1","floor":23},{"not_picked":["Searing Blow+1","Perfected Strike","Carnage"],"picked":"SKIP","floor":27},{"not_picked":["Thunderclap","Warcry+1"],"picked":"Intimidate+1","floor":31},{"not_picked":["Fiend Fire","Feed"],"picked":"Bludgeon","floor":33},{"not_picked":["Dual Wield+1","Iron Wave+1"],"picked":"Fire Breathing+1","floor":35},{"not_picked":["Dropkick","Power Through+1"],"picked":"Anger+1","floor":37},{"not_picked":["Armaments+1","Headbutt+1"],"picked":"Anger","floor":38},{"not_picked":["Intimidate+1","Cleave+1"],"picked":"Seeing Red+1","floor":39},{"not_picked":["Headbutt","Clash+1"],"picked":"Fire Breathing+1","floor":40},{"not_picked":["Thunderclap","Perfected Strike+1","Sword Boomerang"],"picked":"SKIP","floor":41},{"not_picked":["Clothesline+1","Brutality"],"picked":"Thunderclap+1","floor":42},{"not_picked":["Blood for Blood","Bloodletting+1","Clothesline"],"picked":"SKIP","floor":44}],"player_experience":0,"relics_obtained":[{"floor":9.0,"key":"Pen Nib"},{"floor":23,"key":"Bronze Scales"},{"floor":26,"key":"Matryoshka"},{"floor":40,"key":"Champion Belt"},{"floor":43,"key":"Darkstone Periapt"},{"floor":43,"key":"Happy Flower"}],"event_choices":[{"damage_healed":0.0,"max_hp_gain":5.0,"max_hp_loss":0.0,"gold_gain":0.0,"event_name":"Big Fish","player_choice":"Donut","floor":2.0,"gold_loss":0.0,"damage_taken":0.0},{"cards_removed":["Defend_R"],"damage_healed":0.0,"max_hp_gain":0.0,"max_hp_loss":0.0,"gold_gain":0.0,"event_name":"Golden Wing","player_choice":"Card Removal","floor":4.0,"gold_loss":0.0,"damage_taken":7.0},{"damage_healed":0.0,"max_hp_gain":0.0,"max_hp_loss":0.0,"gold_gain":0.0,"event_name":"Scrap Ooze","player_choice":"Success","floor":5.0,"gold_loss":0.0,"damage_taken":3.0,"relics_obtained":["Toxic Egg 2"]},{"damage_healed":0.0,"max_hp_gain":0.0,"max_hp_loss":0.0,"gold_gain":0.0,"event_name":"Accursed Blacksmith","player_choice":"Forge","floor":11.0,"gold_loss":0.0,"damage_taken":0.0,"cards_upgraded":["Cleave"]},{"damage_healed":0,"gold_gain":0,"player_choice":"Simplicity","damage_taken":0,"max_hp_gain":0,"max_hp_loss":0,"event_name":"Back to Basics","floor":22,"gold_loss":0,"cards_upgraded":["Strike_R","Strike_R","Strike_R","Strike_R","Strike_R","Defend_R","Defend_R","Defend_R"]},{"damage_healed":0,"gold_gain":0,"player_choice":"Bought 1 Potion","damage_taken":0,"max_hp_gain":0,"max_hp_loss":0,"event_name":"The Woman in Blue","floor":24,"gold_loss":0},{"damage_healed":0,"gold_gain":0,"player_choice":"Read","damage_taken":0,"max_hp_gain":0,"max_hp_loss":0,"event_name":"The Library","floor":29,"gold_loss":0,"cards_obtained":["Battle Trance"]},{"damage_healed":0,"gold_gain":0,"player_choice":"Ignored","damage_taken":0,"max_hp_gain":0,"max_hp_loss":0,"event_name":"Beggar","floor":30,"gold_loss":0},{"damage_healed":0,"gold_gain":0,"player_choice":"Upgraded","damage_taken":0,"max_hp_gain":0,"max_hp_loss":0,"event_name":"Upgrade Shrine","floor":36,"gold_loss":0,"cards_upgraded":["Bludgeon"]}],"is_beta":false,"boss_relics":[{"not_picked":["Eternal Feather","Snecko Eye"],"picked":"Philosopher\u0027s Stone"},{"not_picked":["Coffee Dripper","Velvet Choker"],"picked":"Sozu"}],"items_purged_floors":[],"is_endless":false,"potions_floor_spawned":[3,8,12,14,19,21,27,33,35,38,41,44],"killed_by":"Nemesis","ascension_level":0}