{"path_per_floor":["M","?","M","M","M","E","R","E","T","$","?","M","M","T","R","B",null,"M","?","?","?"],"character_chosen":"IRONCLAD","items_purchased":["Secret Weapon"],"gold_per_floor":[118,68,87,107,126,155,155,185,212,14,14,30,50,73,73,174,174,194,194,194,194,194],"floor_reached":22,"campfire_rested":0,"playtime":1812,"item_purchase_floors":[10],"current_hp_per_floor":[88,88,88,88,79,72,72,59,59,59,59,54,60,60,60,67,88,44,44,27,11,0],"items_purged":[],"gold":194,"score":204,"play_id":"c809d51b-d51d-433d-8007-1e17980e77fb","local_time":"20180519175440","is_prod":false,"is_daily":false,"chose_seed":false,"is_ascension_mode":true,"campfire_upgraded":2,"timestamp":1526766880,"campfire_choices":[{"data":"Metallicize","floor":7,"key":"SMITH"},{"data":"Bash","floor":15,"key":"SMITH"}],"path_taken":["M","?","M","?","M","E","R","E","T","$","?","M","M","?","R","BOSS","M","?","?","?","M"],"build_version":"2018-05-18","seed_source_timestamp":528072796822501,"purchased_purges":0,"victory":false,"master_deck":["Strike_R","Strike_R","Defend_R","Defend_R","Defend_R","Bash+1","Armaments","Disarm","Headbutt","Metallicize+1","Armaments","Cleave","Secret Weapon+1","Infernal Blade","Warcry","Offering","Demon Form+1","Sever Soul+1","Heavy Blade+1","Bandage Up"],"max_hp_per_floor":[88,88,88,88,88,88,88,88,88,88,88,88,88,88,88,88,88,88,88,93,93,93],"relics":["Burning Blood","Juzu Bracelet","Dream Catcher","Potion Belt","Regal Pillow","Astrolabe","Nilry\u0027s Codex"],"card_choices":[{"not_picked":["Shrug It Off","Body Slam"],"picked":"Armaments","floor":1},{"not_picked":["Twin Strike","Cleave"],"picked":"Disarm","floor":3},{"not_picked":["Spot Weakness","Body Slam"],"picked":"Headbutt","floor":4},{"not_picked":["Dual Wield","Combust"],"picked":"Metallicize","floor":5},{"not_picked":["Brutality","Spot Weakness"],"picked":"Armaments","floor":6},{"not_picked":["Disarm","Sever Soul"],"picked":"Cleave","floor":8},{"not_picked":["Shrug It Off","True Grit"],"picked":"Infernal Blade","floor":12},{"not_picked":["Spot Weakness","Clothesline"],"picked":"Warcry","floor":13},{"not_picked":["Limit Break","Exhume"],"picked":"Offering","floor":16},{"not_picked":["Second Wind","Iron Wave","Warcry"],"picked":"SKIP","floor":18}],"player_experience":307740,"potions_floor_usage":[8,13,13,16,16,16,16],"damage_taken":[{"damage":3,"enemies":"Small Slimes","floor":1,"turns":4},{"damage":0,"enemies":"Cultist","floor":3,"turns":4},{"damage":0,"enemies":"2 Louse","floor":4,"turns":2},{"damage":15,"enemies":"Large Slime","floor":5,"turns":8},{"damage":13,"enemies":"Lagavulin","floor":6,"turns":13},{"damage":19,"enemies":"3 Sentries","floor":8,"turns":14},{"damage":11,"enemies":"Looter","floor":12,"turns":4},{"damage":0,"enemies":"Blue Slaver","floor":13,"turns":3},{"damage":8,"enemies":"The Guardian","floor":16,"turns":13},{"damage":50,"enemies":"2 Thieves","floor":18,"turns":4},{"damage":15,"enemies":"3 Byrds","floor":22,"turns":2}],"relics_obtained":[{"floor":6,"key":"Juzu Bracelet"},{"floor":8,"key":"Dream Catcher"},{"floor":9,"key":"Potion Belt"},{"floor":14,"key":"Regal Pillow"},{"floor":21,"key":"Nilry\u0027s Codex"}],"event_choices":[{"event_name":"The Cleric","player_choice":"Card Removal","floor":2,"damage_taken":0},{"event_name":"Living Wall","player_choice":"Grow","floor":11,"damage_taken":0},{"event_name":"Match and Keep!","player_choice":"1 cards matched","floor":19,"damage_taken":0},{"event_name":"Forgotten Altar","player_choice":"Shed Blood","floor":20,"damage_taken":0},{"event_name":"Cursed Tome","player_choice":"Obtained Book","floor":21,"damage_taken":0}],"boss_relics":[{"not_picked":["Black Star","Sozu"],"picked":"Astrolabe"}],"items_purged_floors":[],"potions_floor_spawned":[6,12,13],"seed_played":"6763966817556878486","killed_by":"3 Byrds","ascension_level":1,"potions_obtained":[{"floor":6,"key":"Block Potion"},{"floor":12,"key":"EntropicBrew"},{"floor":13,"key":"Strength Potion"}],"is_trial":false}