{"gold_per_floor":[112,112,69,219,219,248,248,280,280,220,239,274,291,318,318,318],"floor_reached":16,"playtime":367,"items_purged":["Doubt"],"score":324,"play_id":"66cde15c-5772-4431-9cc2-2e5e0d2f2c66","local_time":"20190531153840","is_ascension_mode":true,"campfire_choices":[{"data":"Immolate","floor":7,"key":"SMITH"},{"data":"Regret","floor":15,"key":"PURGE"}],"neow_cost":"NONE","seed_source_timestamp":806795167453607,"circlet_count":0,"master_deck":["AscendersBane","Strike_R","Strike_R","Strike_R","Strike_R","Strike_R","Defend_R+1","Defend_R+1","Defend_R","Defend_R","Bash+1","Pommel Strike+1","Spot Weakness","Immolate+1","Pummel","Fiend Fire"],"relics":["Burning Blood","NeowsBlessing","The Courier","War Paint","Peace Pipe","Gremlin Horn","PreservedInsect","Ancient Tea Set"],"potions_floor_usage":[11,12,16],"damage_taken":[{"damage":0,"enemies":"2 Louse","floor":1,"turns":1},{"damage":0,"enemies":"Lagavulin","floor":6,"turns":1},{"damage":0,"enemies":"3 Sentries","floor":8,"turns":1},{"damage":0,"enemies":"Jaw Worm","floor":11,"turns":1},{"damage":35,"enemies":"Gremlin Nob","floor":12,"turns":4},{"damage":0,"enemies":"Small Slimes","floor":13,"turns":1},{"damage":46,"enemies":"Hexaghost","floor":16,"turns":9}],"seed_played":"7195293022506566173","potions_obtained":[{"floor":6,"key":"GamblersBrew"},{"floor":8,"key":"Energy Potion"},{"floor":12,"key":"Weak Potion"}],"is_trial":false,"path_per_floor":["M","?","$","?","?","E","R","E","T","$","M","E","M","T","R","B"],"character_chosen":"IRONCLAD","items_purchased":["Spot Weakness"],"campfire_rested":0,"item_purchase_floors":[3],"current_hp_per_floor":[74,51,51,51,51,57,57,63,63,63,69,40,46,46,46,0],"gold":318,"neow_bonus":"THREE_ENEMY_KILL","is_prod":false,"is_daily":false,"chose_seed":false,"campfire_upgraded":1,"win_rate":0,"timestamp":1559309920,"path_taken":["M","?","$","?","?","E","R","E","T","?","M","E","M","?","R","BOSS"],"build_version":"2019-01-23","purchased_purges":1,"victory":false,"max_hp_per_floor":[75,75,75,75,75,75,75,75,75,75,75,75,75,75,75,75],"card_choices":[{"not_picked":["Bloodletting","Armaments"],"picked":"Pommel Strike","floor":1},{"not_picked":["Flex","Intimidate"],"picked":"Immolate","floor":6},{"not_picked":["Uppercut","Fire Breathing"],"picked":"Pummel","floor":8},{"not_picked":["Clothesline","Uppercut","Fire Breathing"],"picked":"SKIP","floor":11},{"not_picked":["Cleave","Armaments"],"picked":"Fiend Fire","floor":12},{"not_picked":["Flex","Wild Strike","Shrug It Off"],"picked":"SKIP","floor":13}],"player_experience":563163,"relics_obtained":[{"floor":6,"key":"War Paint"},{"floor":8,"key":"Peace Pipe"},{"floor":9,"key":"Gremlin Horn"},{"floor":12,"key":"PreservedInsect"},{"floor":14,"key":"Ancient Tea Set"}],"event_choices":[{"damage_healed":0,"gold_gain":0,"player_choice":"Entered Light","damage_taken":23,"max_hp_gain":0,"max_hp_loss":0,"event_name":"Shining Light","floor":2,"gold_loss":0,"cards_upgraded":["Pommel Strike","Bash"]},{"damage_healed":0,"gold_gain":150,"player_choice":"AGREE","damage_taken":0,"max_hp_gain":0,"max_hp_loss":0,"event_name":"Liars Game","floor":4,"gold_loss":0,"cards_obtained":["Doubt"]},{"damage_healed":0,"gold_gain":0,"player_choice":"Box","damage_taken":0,"relics_obtained":["The Courier"],"max_hp_gain":0,"max_hp_loss":0,"event_name":"Big Fish","floor":5,"gold_loss":0,"cards_obtained":["Regret"]}],"is_beta":false,"boss_relics":[],"items_purged_floors":[10],"is_endless":false,"potions_floor_spawned":[6,8,12],"killed_by":"Hexaghost","ascension_level":19}