{"path_per_floor":["M","$","?","?","?","R","M","R","T","T","?","M","M","M","R","B",null,"M","M","M","$","?","R","M","M","T","R","E","$","E","M","R","B",null,"M","M","M","?","M","E","?"],"character_chosen":"IRONCLAD","items_purchased":["Whirlwind","Darkstone Periapt","Whirlwind"],"gold_per_floor":[114,35,35,112,112,112,127,127,152,152,152,167,182,197,197,297,297,312,327,342,11,11,11,26,41,91,91,121,121,151,166,166,266,266,281,296,311,311,326,356,356,356],"floor_reached":42,"campfire_rested":3,"playtime":2133,"current_hp_per_floor":[74,74,74,74,58,58,64,64,64,64,61,67,73,66,66,61,80,80,80,71,71,56,81,63,46,46,72,74,74,38,51,78,20,111,93,99,91,91,48,13,13,0],"items_purged":[],"gold":356,"score":785,"play_id":"cc658f7e-306a-4a78-b96f-1b5c28f9c50a","local_time":"20180427105955","daily_mods":["Shiny","Lethality","Hoarder"],"is_prod":false,"is_daily":true,"chose_seed":false,"is_ascension_mode":false,"campfire_upgraded":3,"timestamp":1524841195,"path_taken":["M","$","?","?","?","R","M","R","T","?","?","?","?","M","R","BOSS","M","M","M","$","?","R","M","?","T","R","E","?","E","M","R","BOSS","M","M","M","?","?","E","?","?"],"build_version":"2018-04-26","seed_source_timestamp":0,"purchased_purges":0,"victory":false,"master_deck":["Double Tap","Double Tap","Double Tap+1","Demon Form","Demon Form","Bludgeon","Bludgeon","Bludgeon","Feed+1","Feed","Feed","Limit Break","Limit Break","Limit Break","Barricade","Barricade","Barricade","Fiend Fire","Fiend Fire","Fiend Fire","Dark Embrace","Dark Embrace","Dark Embrace","Berserk","Berserk","Berserk","Impervious","Impervious","Impervious","Juggernaut","Juggernaut","Juggernaut+1","Brutality+1","Brutality","Brutality","Reaper","Reaper","Reaper","Exhume","Exhume","Exhume","Offering","Offering","Offering","Immolate","Immolate","Immolate","True Grit","True Grit","True Grit","Whirlwind","Whirlwind","Whirlwind","Cleave","Cleave","Cleave","Reaper","Reaper","Reaper","Reckless Charge","Reckless Charge","Reckless Charge+1","Fiend Fire","Fiend Fire","Fiend Fire","True Grit","True Grit","True Grit","Body Slam","Body Slam","Body Slam","Shrug It Off+1","Shrug It Off+1","Shrug It Off+1","Whirlwind","Whirlwind","Whirlwind","Armaments+1","Armaments+1","Armaments+1","Fiend Fire","Fiend Fire","Fiend Fire","Injury","Injury","Injury","Doubt","Doubt","Doubt","Decay","Decay","Decay","Ghostly Armor","Ghostly Armor","Ghostly Armor"],"max_hp_per_floor":[80,80,80,80,80,80,80,80,80,80,80,80,80,80,80,80,80,80,80,80,80,85,85,87,89,89,89,89,89,89,91,91,93,111,113,115,117,117,117,119,119,119],"relics":["Burning Blood","Singing Bowl","Bag of Marbles","Ancient Tea Set","Runic Cube","Darkstone Periapt","Lantern","Bottled Lightning","Blood Vial","Calling Bell","Anchor","Kunai","Torii","Art of War"],"card_choices":[{"not_picked":["Shrug It Off","Flex"],"picked":"True Grit","floor":1},{"not_picked":["Warcry","Clash"],"picked":"Cleave","floor":12},{"not_picked":["Searing Blow","Heavy Blade"],"picked":"Reaper","floor":13},{"not_picked":["Entrench","Heavy Blade"],"picked":"Reckless Charge","floor":14},{"not_picked":["Offering","Juggernaut"],"picked":"Fiend Fire","floor":16},{"not_picked":["Sword Boomerang","Clash"],"picked":"True Grit","floor":18},{"not_picked":["Flame Barrier","Fire Breathing"],"picked":"Body Slam","floor":19},{"not_picked":["Warcry","Headbutt"],"picked":"Shrug It Off","floor":20},{"not_picked":["Whirlwind","Exhume"],"picked":"Armaments","floor":28},{"not_picked":["Feed","Havoc"],"picked":"Fiend Fire","floor":30},{"not_picked":["Body Slam","Evolve"],"picked":"Ghostly Armor","floor":39}],"player_experience":765231,"potions_floor_usage":[7,18,20,20,33,33,39,40],"damage_taken":[{"damage":12,"enemies":"Small Slimes","floor":1,"turns":1},{"damage":0,"enemies":"Jaw Worm","floor":7,"turns":1},{"damage":0,"enemies":"2 Louse","floor":12,"turns":2},{"damage":0,"enemies":"Looter","floor":13,"turns":1},{"damage":13,"enemies":"2 Fungi Beasts","floor":14,"turns":2},{"damage":37,"enemies":"The Guardian","floor":16,"turns":6},{"damage":0,"enemies":"Spheric Guardian","floor":18,"turns":2},{"damage":4,"enemies":"2 Thieves","floor":19,"turns":1},{"damage":44,"enemies":"Centurion and Healer","floor":20,"turns":4},{"damage":46,"enemies":"Cultist and Chosen","floor":24,"turns":5},{"damage":45,"enemies":"Snecko","floor":25,"turns":4},{"damage":4,"enemies":"Slavers","floor":28,"turns":1},{"damage":42,"enemies":"Book of Stabbing","floor":30,"turns":4},{"damage":7,"enemies":"Chosen and Byrds","floor":31,"turns":4},{"damage":68,"enemies":"Champ","floor":33,"turns":7},{"damage":26,"enemies":"Orb Walker","floor":35,"turns":3},{"damage":4,"enemies":"3 Shapes","floor":36,"turns":2},{"damage":18,"enemies":"Sphere and 2 Shapes","floor":37,"turns":3},{"damage":51,"enemies":"4 Shapes","floor":39,"turns":3},{"damage":45,"enemies":"2 Orb Walkers","floor":40,"turns":4},{"damage":15,"enemies":"Maw","floor":42,"turns":4}],"event_choices":[{"event_name":"The Cleric","player_choice":"Leave","floor":3,"damage_taken":0},{"event_name":"Golden Wing","player_choice":"Gained Gold","floor":4,"damage_taken":0},{"event_name":"Shining Light","player_choice":"Entered Light","floor":5,"damage_taken":0},{"event_name":"Scrap Ooze","player_choice":"success","floor":11,"damage_taken":3},{"event_name":"Forgotten Altar","player_choice":"Shed Blood","floor":22,"damage_taken":0},{"event_name":"Tomb of Lord Red Mask","player_choice":"Ignored","floor":41,"damage_taken":0}],"boss_relics":[{"not_picked":["Cursed Key","Ectoplasm"],"picked":"Runic Cube"},{"not_picked":["Black Star","Tiny House"],"picked":"Calling Bell"}],"potions_floor_spawned":[1,7,13,16,18,19,31,35,39],"seed_played":"7526765206531724544","killed_by":"Maw","ascension_level":0,"is_trial":false}