{"path_per_floor":["M","?","?","M","M","R","?","M","T","?","R","M","M","M","R","B",null,"M","?","M","?","?","R"],"character_chosen":"IRONCLAD","items_purchased":[],"gold_per_floor":[112,112,112,131,147,147,147,162,186,261,261,284,303,318,318,438,438,454,454,432,432,432,432,432],"floor_reached":24,"campfire_rested":1,"playtime":937,"current_hp_per_floor":[80,73,73,79,80,80,80,80,80,69,69,74,77,71,71,69,90,49,49,12,12,12,39,0],"items_purged":[],"gold":432,"score":188,"play_id":"f498a79f-94ec-467e-8595-34823d66af1b","local_time":"20180503000518","is_prod":false,"is_daily":false,"chose_seed":false,"is_ascension_mode":false,"campfire_upgraded":3,"timestamp":1525320318,"path_taken":["M","?","?","?","M","R","?","M","T","?","R","M","M","M","R","BOSS","M","?","M","?","?","R","M"],"build_version":"2018-05-01v2","seed_source_timestamp":1490644426568251,"purchased_purges":0,"victory":false,"master_deck":["Strike_R+1","Strike_R+1","Strike_R+1","Strike_R+1","Defend_R+1","Defend_R+1","Defend_R+1","Defend_R+1","Bash+1","Rampage+1","Iron Wave","Armaments+1","Demon Form","Normality","Regret","Clumsy","Battle Trance","Writhe"],"max_hp_per_floor":[80,80,80,80,80,80,80,80,80,80,80,80,80,80,80,80,90,90,90,90,90,90,90,90],"relics":["Burning Blood","NeowsBlessing","Golden Idol","Ancient Tea Set","Calling Bell","Juzu Bracelet","Pear","Gambling Chip","Bag of Marbles"],"card_choices":[{"not_picked":["Pommel Strike","Sever Soul"],"picked":"Rampage","floor":4},{"not_picked":["Warcry","Thunderclap"],"picked":"Iron Wave","floor":13},{"not_picked":["Spot Weakness","Thunderclap"],"picked":"Armaments","floor":14},{"not_picked":["Dark Embrace","Impervious"],"picked":"Demon Form","floor":16},{"not_picked":["Twin Strike","Entrench"],"picked":"Battle Trance","floor":18}],"player_experience":118460,"potions_floor_usage":[8,12,13,16,20],"damage_taken":[{"damage":0,"enemies":"2 Louse","floor":1,"turns":1},{"damage":0,"enemies":"Jaw Worm","floor":4,"turns":1},{"damage":0,"enemies":"Cultist","floor":5,"turns":1},{"damage":4,"enemies":"Blue Slaver","floor":8,"turns":3},{"damage":1,"enemies":"Exordium Thugs","floor":12,"turns":5},{"damage":3,"enemies":"Exordium Wildlife","floor":13,"turns":3},{"damage":12,"enemies":"3 Louse","floor":14,"turns":5},{"damage":8,"enemies":"The Guardian","floor":16,"turns":12},{"damage":47,"enemies":"Spheric Guardian","floor":18,"turns":7},{"damage":43,"enemies":"2 Thieves","floor":20,"turns":5},{"damage":41,"enemies":"Centurion and Healer","floor":24,"turns":7}],"event_choices":[{"event_name":"Golden Wing","player_choice":"Card Removal","floor":2,"damage_taken":0},{"event_name":"Golden Idol","player_choice":"Take Wound","floor":3,"damage_taken":0},{"event_name":"Purifier","player_choice":"One Purge","floor":7,"damage_taken":0},{"event_name":"World of Goop","player_choice":"Gather Gold","floor":10,"damage_taken":0},{"event_name":"The Mausoleum","player_choice":"Yes","floor":19,"damage_taken":0},{"event_name":"Back to Basics","player_choice":"Simplicity","floor":21,"damage_taken":0},{"event_name":"Drug Dealer","player_choice":"Ignored","floor":22,"damage_taken":0}],"boss_relics":[{"not_picked":["Sozu","Lizard Tail"],"picked":"Calling Bell"}],"potions_floor_spawned":[4,8,12,14,18],"seed_played":"-4241970857930556652","killed_by":"Centurion and Healer","ascension_level":0,"is_trial":false}