{"gold_per_floor":[111,127,145,158,158,158,169,189,189,189,217,230,52,64,64,166,166,183,194,212,224,224,251,268,268],"floor_reached":25,"playtime":1245,"items_purged":[],"score":332,"play_id":"7d0b501b-9027-42d9-9b54-3509f0837067","local_time":"20190506172459","is_ascension_mode":true,"campfire_choices":[{"floor":6,"key":"REST"},{"floor":10,"key":"REST"},{"floor":15,"key":"REST"}],"neow_cost":"PERCENT_DAMAGE","seed_source_timestamp":39114200906600,"circlet_count":0,"master_deck":["Strike_B","Strike_B","Defend_B","Defend_B+1","Defend_B","Defend_B","Zap","Dualcast+1","Gash","Reinforced Body","All For One","Scrape","Gash","White Noise","Creative AI","Gash","Gash","Scrape","Rainbow","Lockon","Rebound","Hologram","Glacier","Chill","Glacier","Self Repair","Seek","Beam Cell+1","Auto Shields+1"],"relics":["Cracked Core","Darkstone Periapt","Anchor","Bag of Marbles","Orrery","Bottled Lightning"],"potions_floor_usage":[2,4,11,16,18,19,23,23,23,24,25],"damage_taken":[{"damage":1,"enemies":"Cultist","floor":1,"turns":3},{"damage":2,"enemies":"Jaw Worm","floor":2,"turns":3},{"damage":0,"enemies":"2 Louse","floor":3,"turns":2},{"damage":10,"enemies":"Gremlin Gang","floor":4,"turns":4},{"damage":15,"enemies":"2 Fungi Beasts","floor":7,"turns":3},{"damage":0,"enemies":"3 Louse","floor":8,"turns":3},{"damage":0,"enemies":"Gremlin Nob","floor":11,"turns":3},{"damage":10,"enemies":"Lots of Slimes","floor":12,"turns":3},{"damage":0,"enemies":"Exordium Wildlife","floor":14,"turns":2},{"damage":28,"enemies":"Slime Boss","floor":16,"turns":8},{"damage":0,"enemies":"Chosen","floor":18,"turns":2},{"damage":16,"enemies":"2 Thieves","floor":19,"turns":3},{"damage":15,"enemies":"Cultist and Chosen","floor":20,"turns":7},{"damage":30,"enemies":"Snecko","floor":21,"turns":4},{"damage":4,"enemies":"Book of Stabbing","floor":23,"turns":4},{"damage":10,"enemies":"Centurion and Healer","floor":24,"turns":8},{"damage":8,"enemies":"Slavers","floor":25,"turns":3}],"seed_played":"8219480986811716047","potions_obtained":[{"floor":1,"key":"Energy Potion"},{"floor":3,"key":"Strength Potion"},{"floor":8,"key":"SteroidPotion"},{"floor":12,"key":"LiquidBronze"},{"floor":14,"key":"Dexterity Potion"},{"floor":16,"key":"Block Potion"},{"floor":18,"key":"SteroidPotion"},{"floor":22,"key":"Fruit Juice"},{"floor":22,"key":"Strength Potion"},{"floor":23,"key":"Weak Potion"},{"floor":24,"key":"PowerPotion"}],"is_trial":false,"path_per_floor":["M","M","M","M","?","R","M","M","T","R","E","M","$","M","R","B",null,"M","M","M","M","?","E","M","E"],"character_chosen":"DEFECT","items_purchased":["Gash","Bag of Marbles"],"campfire_rested":3,"item_purchase_floors":[13,13],"current_hp_per_floor":[53,51,51,41,26,48,33,33,33,55,55,45,45,45,67,39,75,75,59,44,14,14,15,5,0],"gold":268,"neow_bonus":"REMOVE_TWO","is_prod":false,"is_daily":false,"chose_seed":false,"campfire_upgraded":0,"win_rate":0,"timestamp":1557177899,"path_taken":["M","M","?","M","?","R","M","M","T","R","E","M","$","M","R","BOSS","M","M","M","M","?","E","M","E"],"build_version":"2019-04-23","purchased_purges":0,"victory":false,"max_hp_per_floor":[75,75,75,75,75,75,75,75,75,75,75,75,75,75,75,75,75,75,75,75,75,75,80,80,80],"card_choices":[{"not_picked":["Chill","Reprogram"],"picked":"Gash","floor":1},{"not_picked":["Hologram","Stack"],"picked":"Reinforced Body","floor":2},{"not_picked":["Ball Lightning","Chill"],"picked":"All For One","floor":3},{"not_picked":["Chaos","Doom and Gloom"],"picked":"Scrape","floor":4},{"not_picked":["Go for the Eyes","Turbo"],"picked":"Gash","floor":7},{"not_picked":["Ball Lightning","Force Field"],"picked":"White Noise","floor":8},{"not_picked":["Barrage","Skim"],"picked":"Creative AI","floor":11},{"not_picked":["Beam Cell","Compile Driver"],"picked":"Gash","floor":12},{"not_picked":["Rebound","FTL"],"picked":"Scrape","floor":14},{"not_picked":["Hyperbeam","Meteor Strike"],"picked":"Rainbow","floor":16},{"not_picked":["Rip and Tear","Go for the Eyes"],"picked":"Lockon","floor":17},{"not_picked":["Beam Cell","Heatsinks"],"picked":"Rebound","floor":17},{"not_picked":["Blizzard","Compile Driver"],"picked":"Hologram","floor":17},{"not_picked":["Genetic Algorithm","Coolheaded"],"picked":"Glacier","floor":17},{"not_picked":["Sunder","Blizzard"],"picked":"Chill","floor":17},{"not_picked":["Ball Lightning","White Noise"],"picked":"Glacier","floor":18},{"not_picked":["Turbo","Conserve Battery"],"picked":"Self Repair","floor":19},{"not_picked":["Steam","Leap+1"],"picked":"Seek","floor":20},{"not_picked":["FTL","Stack"],"picked":"Beam Cell+1","floor":21},{"not_picked":["Rip and Tear+1","Rebound","BootSequence"],"picked":"SKIP","floor":23},{"not_picked":["Coolheaded","Cold Snap"],"picked":"Auto Shields+1","floor":24}],"player_experience":856299,"relics_obtained":[{"floor":9,"key":"Darkstone Periapt"},{"floor":11,"key":"Anchor"},{"floor":23,"key":"Bottled Lightning"}],"event_choices":[{"damage_healed":0,"gold_gain":0,"player_choice":"Entered Light","damage_taken":15,"max_hp_gain":0,"max_hp_loss":0,"event_name":"Shining Light","floor":5,"gold_loss":0,"cards_upgraded":["Defend_B","Dualcast"]},{"damage_healed":0,"gold_gain":0,"player_choice":"Got Potions","damage_taken":0,"max_hp_gain":0,"max_hp_loss":0,"event_name":"Lab","floor":22,"gold_loss":0}],"is_beta":true,"boss_relics":[{"not_picked":["White Beast Statue","Black Star"],"picked":"Orrery"}],"items_purged_floors":[],"is_endless":false,"potions_floor_spawned":[1,3,8,12,14,16,18,23,24],"killed_by":"Slavers","ascension_level":4}