{"gold_per_floor":[119,135,155,171,188,213,213,233,258,105,115,140,151,168,168,270,270,289,303,303,303,303],"floor_reached":22,"playtime":2260,"items_purged":[],"score":283,"play_id":"79c19ef5-d7ac-47a4-ae5a-29e4c998fcc4","local_time":"20190703204439","is_ascension_mode":true,"campfire_choices":[{"floor":7,"key":"REST"},{"data":"Armaments","floor":15,"key":"SMITH"}],"neow_cost":"NONE","seed_source_timestamp":98033910875000,"circlet_count":0,"master_deck":["Strike_R","Strike_R","Defend_R","Defend_R+1","Defend_R","Defend_R","Bash","Armaments+1","Inflame","Armaments","Body Slam","Impervious","Cleave","Ghostly Armor+1","Battle Trance","Double Tap","Flame Barrier+1","Combust+1","Wild Strike+1"],"relics":["Burning Blood","Art of War","Omamori","War Paint","Astrolabe"],"potions_floor_usage":[4,5,16,16,16],"damage_taken":[{"damage":1,"enemies":"Cultist","floor":1,"turns":4},{"damage":2,"enemies":"Small Slimes","floor":2,"turns":5},{"damage":8,"enemies":"2 Louse","floor":3,"turns":3},{"damage":5,"enemies":"Gremlin Gang","floor":4,"turns":4},{"damage":1,"enemies":"Red Slaver","floor":5,"turns":6},{"damage":56,"enemies":"3 Sentries","floor":6,"turns":13},{"damage":8,"enemies":"Blue Slaver","floor":8,"turns":4},{"damage":10,"enemies":"Exordium Wildlife","floor":11,"turns":4},{"damage":18,"enemies":"Gremlin Nob","floor":12,"turns":5},{"damage":6,"enemies":"Large Slime","floor":13,"turns":7},{"damage":0,"enemies":"Looter","floor":14,"turns":3},{"damage":3,"enemies":"The Guardian","floor":16,"turns":12},{"damage":10,"enemies":"Spheric Guardian","floor":18,"turns":4},{"damage":28,"enemies":"2 Thieves","floor":19,"turns":4},{"damage":37,"enemies":"Centurion and Healer","floor":22,"turns":8}],"seed_played":"1495851260216435185","potions_obtained":[{"floor":3,"key":"Explosive Potion"},{"floor":4,"key":"Weak Potion"},{"floor":12,"key":"EssenceOfSteel"},{"floor":13,"key":"Swift Potion"},{"floor":14,"key":"Fire Potion"}],"is_trial":false,"path_per_floor":["M","M","M","M","M","E","R","M","T","$","M","E","M","M","R","B",null,"M","M","?","$","M"],"character_chosen":"IRONCLAD","items_purchased":["Omamori"],"campfire_rested":1,"item_purchase_floors":[10],"current_hp_per_floor":[85,88,86,87,88,38,64,62,62,62,58,46,46,52,52,55,80,76,54,37,37,0],"gold":303,"neow_bonus":"TEN_PERCENT_HP_BONUS","is_prod":false,"is_daily":false,"chose_seed":false,"campfire_upgraded":1,"win_rate":0,"timestamp":1562201079,"path_taken":["M","M","M","M","M","E","R","M","T","$","?","E","M","M","R","BOSS","M","M","?","$","M"],"build_version":"2019-06-30","purchased_purges":0,"victory":false,"max_hp_per_floor":[88,88,88,88,88,88,88,88,88,88,88,88,88,88,88,88,88,88,88,93,93,93],"card_choices":[{"not_picked":["Fire Breathing","Intimidate"],"picked":"Armaments","floor":2},{"not_picked":["Sever Soul","Thunderclap"],"picked":"Inflame","floor":3},{"not_picked":["Warcry","Iron Wave"],"picked":"Armaments","floor":4},{"not_picked":["Armaments","Thunderclap"],"picked":"Body Slam","floor":5},{"not_picked":["Flex","Headbutt"],"picked":"Impervious","floor":6},{"not_picked":["Rampage","Power Through"],"picked":"Cleave","floor":8},{"not_picked":["Cleave","Blood for Blood"],"picked":"Ghostly Armor","floor":11},{"not_picked":["Wild Strike","Iron Wave"],"picked":"Battle Trance","floor":12},{"not_picked":["Flex","Iron Wave","Sword Boomerang"],"picked":"SKIP","floor":13},{"not_picked":["Warcry","Cleave","Uppercut"],"picked":"SKIP","floor":14},{"not_picked":["Fiend Fire","Immolate"],"picked":"Double Tap","floor":16},{"not_picked":["Uppercut+1","Thunderclap","Hemokinesis"],"picked":"SKIP","floor":18},{"not_picked":["Armaments","Flex","Pommel Strike"],"picked":"SKIP","floor":19}],"player_experience":1176656,"relics_obtained":[{"floor":6,"key":"Art of War"},{"floor":12,"key":"War Paint"}],"event_choices":[{"damage_healed":0,"gold_gain":0,"player_choice":"Shed Blood","damage_taken":22,"max_hp_gain":5,"max_hp_loss":0,"event_name":"Forgotten Altar","floor":20,"gold_loss":0}],"is_beta":true,"boss_relics":[{"not_picked":["Eternal Feather","Fusion Hammer"],"picked":"Astrolabe"}],"items_purged_floors":[],"is_endless":false,"potions_floor_spawned":[3,4,12,13,14],"killed_by":"Centurion and Healer","ascension_level":8}