{"gold_per_floor":[110,30,30,30,30,57,76,46,46,60,76,76,91,106,106,106],"floor_reached":16,"playtime":621,"items_purged":[],"score":112,"play_id":"048c88c2-c935-4a6d-9a6f-f06798218553","local_time":"20180904223047","is_ascension_mode":true,"campfire_choices":[{"floor":12,"key":"DIG"},{"floor":15,"key":"REST"}],"neow_cost":"","seed_source_timestamp":719905066235164,"circlet_count":0,"master_deck":["Strike_B","Strike_B","Strike_B","Defend_B","Defend_B","Defend_B","Defend_B","Zap","Dualcast","Double Energy","Sunder+1","Reprogram","Heatsinks","Darkness","Static Discharge","Fusion","Electrodynamics","Static Discharge"],"relics":["Cracked Core","Shovel","Darkstone Periapt","Thread and Needle"],"potions_floor_usage":[10,11,11,14,16],"damage_taken":[{"damage":0,"enemies":"Small Slimes","floor":1,"turns":2},{"damage":26,"enemies":"Lagavulin","floor":6,"turns":5},{"damage":12,"enemies":"Jaw Worm","floor":7,"turns":2},{"damage":0,"enemies":"Cultist","floor":10,"turns":2},{"damage":1,"enemies":"3 Louse","floor":11,"turns":3},{"damage":0,"enemies":"Large Slime","floor":13,"turns":5},{"damage":2,"enemies":"Exordium Thugs","floor":14,"turns":3},{"damage":59,"enemies":"The Guardian","floor":16,"turns":9}],"seed_played":"8000182300437813707","potions_obtained":[{"floor":1,"key":"Dexterity Potion"},{"floor":8,"key":"Weak Potion"},{"floor":8,"key":"PowerPotion"},{"floor":10,"key":"Block Potion"},{"floor":14,"key":"Swift Potion"}],"is_trial":false,"path_per_floor":["M","$","?","?","?","E","M","?","T","M","M","R","M","M","R"],"character_chosen":"DEFECT","items_purchased":["Sunder"],"campfire_rested":1,"item_purchase_floors":[2],"current_hp_per_floor":[75,75,75,75,75,49,37,37,37,37,36,36,36,34,56,0],"gold":106,"neow_bonus":"","is_prod":false,"is_daily":false,"chose_seed":false,"campfire_upgraded":0,"win_rate":0,"timestamp":1536114647,"path_taken":["M","$","?","?","?","E","M","?","T","?","M","R","M","M","R","BOSS"],"build_version":"2018-09-03","purchased_purges":0,"victory":false,"max_hp_per_floor":[75,75,75,75,75,75,75,75,75,75,75,75,75,75,75,75],"card_choices":[{"not_picked":["Hologram","Conserve Battery"],"picked":"Double Energy","floor":1},{"not_picked":["White Noise","Compile Driver"],"picked":"Heatsinks","floor":6},{"not_picked":["Hologram","Streamline"],"picked":"Darkness","floor":7},{"not_picked":["Compile Driver","Cold Snap"],"picked":"Static Discharge","floor":10},{"not_picked":["Steam","Reinforced Body"],"picked":"Fusion","floor":11},{"not_picked":["Ball Lightning","Turbo"],"picked":"Electrodynamics","floor":13},{"not_picked":["Leap","Barrage"],"picked":"Static Discharge","floor":14}],"player_experience":560834,"relics_obtained":[{"floor":6,"key":"Shovel"},{"floor":9,"key":"Darkstone Periapt"},{"floor":12,"key":"Thread and Needle"}],"event_choices":[{"event_name":"Living Wall","player_choice":"Change","floor":3,"damage_taken":0},{"event_name":"Upgrade Shrine","player_choice":"Upgraded","floor":4,"damage_taken":0},{"event_name":"The Cleric","player_choice":"Leave","floor":5,"damage_taken":0},{"event_name":"The Woman in Blue","player_choice":"Bought 2 Potions","floor":8,"damage_taken":0}],"is_beta":true,"boss_relics":[],"items_purged_floors":[],"is_endless":false,"potions_floor_spawned":[1,10,14],"killed_by":"The Guardian","ascension_level":2}