{"path_per_floor":["M","$","M","?","?","E","R","M","T","R","M","R","M","$","R","B",null,"M","M","M","$","M","R","M","R","T","?","$","?","M","M","R"],"character_chosen":"IRONCLAD","items_purchased":["Toolbox","Clash","Armaments","Bronze Scales","Body Slam","Anchor"],"gold_per_floor":[361,46,59,134,134,166,166,177,177,177,197,197,217,66,66,166,196,211,221,235,185,198,198,213,213,238,238,9,9,25,41,41],"floor_reached":33,"campfire_rested":3,"playtime":1669,"current_hp_per_floor":[72,72,72,61,61,47,68,72,72,72,72,72,72,72,72,44,77,77,77,70,70,77,77,42,65,65,65,65,51,54,42,67],"items_purged":["Normality"],"gold":41,"score":249,"play_id":"0ffa7d48-c618-4058-b80f-e9399b149eeb","local_time":"20180311190358","is_prod":false,"is_daily":false,"is_ascension_mode":false,"campfire_upgraded":4,"timestamp":1520809438,"path_taken":["M","$","M","?","?","E","R","?","T","R","M","R","M","$","R","BOSS","M","M","M","$","M","R","M","R","T","?","$","?","M","M","R","BOSS"],"build_version":"2018-03-09","purchased_purges":1,"victory":false,"master_deck":["Strike_R","Strike_R","Strike_R","Strike_R","Strike_R","Defend_R","Defend_R","Defend_R","Defend_R","Bash","Flame Barrier+1","Clash+1","Armaments","Clash","Wild Strike","Perfected Strike+1","Brutality+1","Body Slam+1","Limit Break+1","Burning Pact+1","Shrug It Off+1","Impervious+1","Rampage+1","Body Slam+1","Bloodletting+1","Cleave"],"max_hp_per_floor":[72,72,72,72,72,72,72,72,72,72,72,72,72,72,72,72,77,77,77,77,77,77,77,77,77,77,77,77,82,84,86,86],"relics":["Burning Blood","Toolbox","Orichalcum","Toxic Egg 2","Bronze Scales","Tiny House","Singing Bowl","Blood Vial","Anchor"],"card_choices":[{"not_picked":["Heavy Blade","Flex"],"picked":"Flame Barrier"},{"not_picked":["Heavy Blade","True Grit"],"picked":"Clash"},{"not_picked":["Perfected Strike","Fire Breathing"],"picked":"Wild Strike"},{"not_picked":["Thunderclap","Flame Barrier"],"picked":"Perfected Strike"},{"not_picked":["Thunderclap","Spot Weakness"],"picked":"Brutality"},{"not_picked":["Spot Weakness","Rage"],"picked":"Body Slam"},{"not_picked":["Barricade","Impervious"],"picked":"Limit Break"},{"not_picked":["Havoc","Armaments"],"picked":"Burning Pact"},{"not_picked":["Metallicize","Warcry"],"picked":"Shrug It Off"},{"not_picked":["Clothesline","Second Wind"],"picked":"Impervious"},{"not_picked":["Sword Boomerang","Warcry"],"picked":"Rampage"},{"not_picked":["Warcry","Clothesline"],"picked":"Bloodletting"},{"not_picked":["Second Wind","Flex"],"picked":"Cleave"}],"player_experience":397629,"potions_floor_usage":[16,16,18,22,22,22,31],"damage_taken":[{"damage":0,"enemies":"2 Louse","floor":1,"turns":4},{"damage":5,"enemies":"Small Slimes","floor":3,"turns":3},{"damage":24,"enemies":"Lagavulin","floor":6,"turns":7},{"damage":0,"enemies":"Jaw Worm","floor":8,"turns":3},{"damage":6,"enemies":"Large Slime","floor":11,"turns":4},{"damage":1,"enemies":"Exordium Wildlife","floor":13,"turns":2},{"damage":34,"enemies":"Hexaghost","floor":16,"turns":8},{"damage":18,"enemies":"Shell Parasite","floor":18,"turns":7},{"damage":6,"enemies":"3 Byrds","floor":19,"turns":3},{"damage":13,"enemies":"Snake Plant","floor":20,"turns":4},{"damage":5,"enemies":"Snecko","floor":22,"turns":4},{"damage":41,"enemies":"Centurion and Healer","floor":24,"turns":8},{"damage":7,"enemies":"Sentry and Sphere","floor":30,"turns":5},{"damage":22,"enemies":"Snecko","floor":31,"turns":5},{"damage":77,"enemies":"Champ","floor":33,"turns":10}],"event_choices":[{"event_name":"World of Goop","player_choice":"Gather Gold","floor":4,"damage_taken":0},{"event_name":"Living Wall","player_choice":"Grow","floor":5,"damage_taken":0},{"event_name":"Accursed Blacksmith","player_choice":"Rummage","floor":27,"damage_taken":0},{"event_name":"Forgotten Altar","player_choice":"Shed Blood","floor":29,"damage_taken":0}],"boss_relics":[{"not_picked":["Question Card","Astrolabe"],"picked":"Tiny House"}],"potions_floor_spawned":[6,11,13,18,20,30],"seed_played":"-7585696803215271967","killed_by":"Champ","ascension_level":0,"is_trial":false}