{"gold_per_floor":[117,128,108,13,88,88,107,139,164,164,60,80,112,131,131,204,204,181,181,201,72,90,124,124,158,158,175,125,154,154,154,154,154],"floor_reached":33,"playtime":1083,"items_purged":["Strike_R","Strike_R","Strike_R","Strike_R"],"score":626,"play_id":"356d72e2-5176-4167-8059-192251f98753","local_time":"20190601162840","is_ascension_mode":true,"campfire_choices":[{"data":"Uppercut","floor":6.0,"key":"SMITH"},{"data":"Inflame","floor":10.0,"key":"SMITH"},{"floor":15.0,"key":"REST"},{"floor":24.0,"key":"REST"},{"floor":32.0,"key":"RECALL"}],"neow_cost":"NONE","seed_source_timestamp":1516839492840377,"circlet_count":0,"master_deck":["AscendersBane","Strike_R","Defend_R","Defend_R","Defend_R","Defend_R","Bash","Cleave","Inflame+1","Uppercut+1","Disarm","Armaments","Demon Form","Sword Boomerang","Reaper","Shrug It Off+1","Shrug It Off","Flame Barrier","Feed","True Grit","Demon Form+1","Shrug It Off+1"],"special_seed":0,"relics":["Burning Blood","Smiling Mask","Dream Catcher","Pen Nib","Strawberry","Fusion Hammer","Frozen Egg 2","Red Skull","Letter Opener","Toxic Egg 2","Singing Bowl"],"potions_floor_usage":[33],"damage_taken":[{"damage":10.0,"enemies":"Small Slimes","floor":1.0,"turns":4.0},{"damage":1.0,"enemies":"Cultist","floor":2.0,"turns":3.0},{"damage":7.0,"enemies":"Jaw Worm","floor":7.0,"turns":3.0},{"damage":35.0,"enemies":"3 Sentries","floor":8.0,"turns":7.0},{"damage":9.0,"enemies":"Looter","floor":12.0,"turns":3.0},{"damage":10.0,"enemies":"Lagavulin","floor":13.0,"turns":7.0},{"damage":18.0,"enemies":"Exordium Wildlife","floor":14.0,"turns":6.0},{"damage":35.0,"enemies":"Slime Boss","floor":16.0,"turns":8.0},{"damage":32.0,"enemies":"2 Thieves","floor":18.0,"turns":4.0},{"damage":10.0,"enemies":"Chosen","floor":20.0,"turns":5.0},{"damage":36.0,"enemies":"Snecko","floor":22.0,"turns":6.0},{"damage":57.0,"enemies":"Gremlin Leader","floor":23.0,"turns":7.0},{"damage":63.0,"enemies":"Book of Stabbing","floor":25.0,"turns":6.0},{"damage":11.0,"enemies":"Snake Plant","floor":27.0,"turns":5.0},{"damage":50.0,"enemies":"Gremlin Leader","floor":29.0,"turns":6.0},{"damage":75,"enemies":"Automaton","floor":33,"turns":6}],"seed_played":"1519180076781253061","potions_obtained":[{"floor":2.0,"key":"Fire Potion"},{"floor":3.0,"key":"Block Potion"},{"floor":8.0,"key":"Block Potion"},{"floor":18.0,"key":"FearPotion"},{"floor":25.0,"key":"EssenceOfSteel"}],"is_trial":false,"path_per_floor":["M","M","?","$","?","R","M","E","T","R","$","M","E","M","R","B",null,"M","?","M","$","M","E","R","E","T","M","$","E","T","?","R","B"],"character_chosen":"IRONCLAD","items_purchased":["Uppercut","Armaments","Flame Barrier"],"campfire_rested":2,"item_purchase_floors":[4,11,21],"current_hp_per_floor":[64,69,69,69,58,58,57,28,28,28,28,25,28,16,40,11,64,54,54,64,64,58,58,82,49,49,51,51,53,53,53,53,0],"gold":154,"neow_bonus":"RANDOM_COMMON_RELIC","is_prod":false,"is_daily":false,"chose_seed":false,"campfire_upgraded":2,"win_rate":0,"timestamp":1559431720,"path_taken":["M","M","?","?","?","R","M","E","T","R","$","M","E","M","R","BOSS","M","?","M","$","M","E","R","E","T","M","$","E","?","?","R","BOSS"],"build_version":"2019-01-23","purchased_purges":4,"victory":false,"max_hp_per_floor":[75,75,75,75,75,75,75,75,75,75,75,75,82,82,82,82,82,82,82,82,82,82,82,82,82,82,82,82,82,82,82,82,82],"card_choices":[{"not_picked":["Burning Pact","Dropkick"],"picked":"Cleave","floor":1.0},{"not_picked":["Pommel Strike","Havoc"],"picked":"Inflame","floor":2.0},{"not_picked":["Second Wind","Clothesline","Entrench"],"picked":"SKIP","floor":7.0},{"not_picked":["Havoc","Infernal Blade"],"picked":"Disarm","floor":8.0},{"not_picked":["Sever Soul","Havoc"],"picked":"Demon Form","floor":12.0},{"not_picked":["Cleave","Headbutt","Uppercut"],"picked":"SKIP","floor":13.0},{"not_picked":["Flex","Rampage"],"picked":"Sword Boomerang","floor":14.0},{"not_picked":["Impervious","Exhume"],"picked":"Reaper","floor":16.0},{"not_picked":["Clash","Cleave"],"picked":"Shrug It Off+1","floor":18.0},{"not_picked":["Twin Strike+1","Rage","Spot Weakness"],"picked":"SKIP","floor":20.0},{"not_picked":["Wild Strike","Uppercut","Dropkick"],"picked":"SKIP","floor":22.0},{"not_picked":["Bloodletting","Iron Wave"],"picked":"Feed","floor":23.0},{"not_picked":["Sword Boomerang","Perfected Strike"],"picked":"True Grit","floor":25.0},{"not_picked":["Sword Boomerang","Sever Soul"],"picked":"Demon Form+1","floor":27.0},{"not_picked":["Cleave","Sever Soul"],"picked":"Shrug It Off","floor":29.0}],"player_experience":762080,"relics_obtained":[{"floor":8.0,"key":"Dream Catcher"},{"floor":9.0,"key":"Pen Nib"},{"floor":13.0,"key":"Strawberry"},{"floor":23.0,"key":"Frozen Egg 2"},{"floor":25.0,"key":"Red Skull"},{"floor":26.0,"key":"Letter Opener"},{"floor":29.0,"key":"Toxic Egg 2"},{"floor":30.0,"key":"Singing Bowl"}],"event_choices":[{"damage_healed":0.0,"max_hp_gain":0.0,"max_hp_loss":0.0,"gold_gain":0.0,"event_name":"The Woman in Blue","player_choice":"Bought 1 Potion","floor":3.0,"gold_loss":0.0,"damage_taken":0.0},{"damage_healed":0.0,"max_hp_gain":0.0,"max_hp_loss":0.0,"gold_gain":75.0,"event_name":"World of Goop","player_choice":"Gather Gold","floor":5.0,"gold_loss":0.0,"damage_taken":11.0},{"damage_healed":0.0,"max_hp_gain":0.0,"max_hp_loss":0.0,"gold_gain":0.0,"event_name":"The Library","player_choice":"Read","floor":19.0,"gold_loss":0.0,"damage_taken":0.0,"cards_obtained":["Shrug It Off"]},{"damage_healed":0.0,"max_hp_gain":0.0,"max_hp_loss":0.0,"gold_gain":0.0,"event_name":"Vampires","player_choice":"Ignored","floor":31.0,"gold_loss":0.0,"damage_taken":0.0}],"is_beta":false,"boss_relics":[{"not_picked":["Astrolabe","Busted Crown"],"picked":"Fusion Hammer"}],"items_purged_floors":[4,11,21,28],"is_endless":false,"potions_floor_spawned":[2,7,8,18,25],"killed_by":"Automaton","ascension_level":20}