{"gold_per_floor":[114,127,127,91,91,91,116,116,116,151,151,102,127,170,170,289,289,304,155,173,173],"floor_reached":21,"playtime":1319,"items_purged":["Defend_B"],"score":224,"play_id":"25d8aa4c-ad88-4b04-b8ec-2dfdec3dec35","local_time":"20190702211348","is_ascension_mode":true,"campfire_choices":[{"data":"Zap","floor":6,"key":"SMITH"},{"data":"Defragment","floor":8,"key":"SMITH"},{"floor":11,"key":"REST"},{"floor":15,"key":"REST"}],"neow_cost":"NONE","seed_source_timestamp":6727801981142378,"circlet_count":0,"master_deck":["Strike_B","Strike_B","Strike_B","Defend_B","Defend_B","Defend_B","Zap+1","Dualcast","Consume","Go for the Eyes","Defragment+1","Cold Snap","Recycle","Cold Snap","Reinforced Body","Ball Lightning","Amplify","Loop","Leap","Coolheaded"],"relics":["Cracked Core","Golden Idol","Ornamental Fan","Dream Catcher","Bag of Marbles","Philosopher\u0027s Stone"],"potions_floor_usage":[18],"damage_taken":[{"damage":2,"enemies":"2 Louse","floor":1,"turns":2},{"damage":0,"enemies":"Cultist","floor":2,"turns":3},{"damage":7,"enemies":"Jaw Worm","floor":7,"turns":3},{"damage":15,"enemies":"Gremlin Nob","floor":10,"turns":4},{"damage":1,"enemies":"Gremlin Gang","floor":13,"turns":4},{"damage":30,"enemies":"3 Sentries","floor":14,"turns":7},{"damage":28,"enemies":"The Guardian","floor":16,"turns":10},{"damage":55,"enemies":"3 Byrds","floor":18,"turns":6},{"damage":15,"enemies":"Spheric Guardian","floor":20,"turns":4},{"damage":5,"enemies":"3 Cultists","floor":21,"turns":3}],"seed_played":"-1744543427528429129","potions_obtained":[{"floor":7,"key":"Dexterity Potion"},{"floor":10,"key":"Weak Potion"},{"floor":13,"key":"Ancient Potion"}],"is_trial":false,"path_per_floor":["M","M","?","$","?","R","M","R","T","E","R","$","M","E","R","B",null,"M","$","M","M"],"character_chosen":"DEFECT","items_purchased":["Defragment","Cold Snap","Leap","Coolheaded"],"campfire_rested":2,"item_purchase_floors":[4,12,19,19],"current_hp_per_floor":[73,73,73,73,55,55,48,48,48,33,55,55,54,24,46,18,75,20,20,5,0],"gold":173,"neow_bonus":"THREE_CARDS","is_prod":false,"is_daily":false,"chose_seed":false,"campfire_upgraded":2,"win_rate":0,"timestamp":1562120028,"path_taken":["M","M","?","$","?","R","M","R","T","E","R","?","?","E","R","BOSS","M","$","M","M"],"build_version":"2019-07-01","purchased_purges":1,"victory":false,"max_hp_per_floor":[75,75,75,75,75,75,75,75,75,75,75,75,75,75,75,75,75,75,75,75,75],"card_choices":[{"not_picked":["Turbo","Gash"],"picked":"Consume","floor":0},{"not_picked":["Streamline","Barrage"],"picked":"Go for the Eyes","floor":1},{"not_picked":["Aggregate","Reinforced Body","Reprogram"],"picked":"SKIP","floor":2},{"not_picked":["Hologram","Coolheaded"],"picked":"Cold Snap","floor":7},{"not_picked":["Compile Driver","Turbo"],"picked":"Recycle","floor":10},{"not_picked":["All For One","Cold Snap","Consume"],"picked":"SKIP","floor":13},{"not_picked":["Streamline","Static Discharge"],"picked":"Reinforced Body","floor":14},{"not_picked":["Go for the Eyes","Blizzard"],"picked":"Ball Lightning","floor":15},{"not_picked":["Buffer","Seek"],"picked":"Amplify","floor":16},{"not_picked":["Gash","Stack+1"],"picked":"Loop","floor":18},{"not_picked":["Rebound","Sweeping Beam+1","Beam Cell"],"picked":"SKIP","floor":20}],"player_experience":239253,"relics_obtained":[{"floor":9,"key":"Ornamental Fan"},{"floor":10,"key":"Dream Catcher"},{"floor":14,"key":"Bag of Marbles"}],"event_choices":[{"cards_removed":["Strike_B"],"damage_healed":0,"gold_gain":0,"player_choice":"Offered Basic","damage_taken":0,"max_hp_gain":0,"max_hp_loss":0,"event_name":"Bonfire Elementals","floor":3,"gold_loss":0},{"damage_healed":0,"gold_gain":0,"player_choice":"Take Damage","damage_taken":18,"relics_obtained":["Golden Idol"],"max_hp_gain":0,"max_hp_loss":0,"event_name":"Golden Idol","floor":5,"gold_loss":0}],"is_beta":false,"boss_relics":[{"not_picked":["White Beast Statue","Pandora\u0027s Box"],"picked":"Philosopher\u0027s Stone"}],"items_purged_floors":[19],"is_endless":false,"potions_floor_spawned":[7,10,13,16],"killed_by":"3 Cultists","ascension_level":4}