{"path_per_floor":["M","?","?","?","M","E","R","E","T","?","M","M","E","M","R"],"character_chosen":"IRONCLAD","items_purchased":[],"gold_per_floor":[116,116,116,66,81,106,106,137,186,361,371,386,418,437,437,437],"floor_reached":16,"campfire_rested":2,"playtime":710,"current_hp_per_floor":[78,78,71,71,77,30,54,33,33,33,35,37,22,23,47,0],"items_purged":[],"gold":437,"score":132,"play_id":"25f4633f-6f4e-4d70-8fce-08aefee4118b","local_time":"20180422144708","is_prod":false,"is_daily":false,"chose_seed":false,"is_ascension_mode":true,"campfire_upgraded":0,"timestamp":1524422828,"path_taken":["M","?","?","?","M","E","R","E","T","?","M","M","E","M","R","BOSS"],"build_version":"2018-04-19","seed_source_timestamp":593403837595560,"purchased_purges":0,"victory":false,"master_deck":["Strike_R","Strike_R","Strike_R","Defend_R","Defend_R","Defend_R","Defend_R","Bash","Fiend Fire","Body Slam+1","Body Slam","Offering","Barricade","Exhume"],"max_hp_per_floor":[80,80,80,80,80,80,80,80,80,80,80,80,80,80,80,80],"relics":["Burning Blood","Anchor","Orichalcum","Omamori","Letter Opener"],"card_choices":[{"not_picked":["Warcry","Sword Boomerang"],"picked":"Body Slam","floor":1},{"not_picked":["Flex","Cleave"],"picked":"Body Slam","floor":5},{"not_picked":["Inflame","Cleave"],"picked":"Offering","floor":6},{"not_picked":["Rage","Iron Wave"],"picked":"Barricade","floor":8},{"not_picked":["True Grit","Shrug It Off"],"picked":"Exhume","floor":12}],"player_experience":701788,"potions_floor_usage":[11,12,14],"damage_taken":[{"damage":8,"enemies":"2 Louse","floor":1,"turns":3},{"damage":0,"enemies":"Cultist","floor":5,"turns":2},{"damage":53,"enemies":"Lagavulin","floor":6,"turns":8},{"damage":27,"enemies":"3 Sentries","floor":8,"turns":13},{"damage":4,"enemies":"Jaw Worm","floor":11,"turns":1},{"damage":4,"enemies":"Looter","floor":12,"turns":1},{"damage":21,"enemies":"Gremlin Nob","floor":13,"turns":6},{"damage":8,"enemies":"Blue Slaver","floor":14,"turns":2},{"damage":49,"enemies":"Hexaghost","floor":16,"turns":10}],"event_choices":[{"event_name":"Accursed Blacksmith","player_choice":"Forge","floor":2,"damage_taken":0},{"event_name":"Golden Wing","player_choice":"Card Removal","floor":3,"damage_taken":0},{"event_name":"The Cleric","player_choice":"Card Removal","floor":4,"damage_taken":0},{"event_name":"Liars Game","player_choice":"agreed","floor":10,"damage_taken":0}],"boss_relics":[],"potions_floor_spawned":[8,11,13],"seed_played":"3221401047197660162","killed_by":"Hexaghost","ascension_level":2,"is_trial":false}