{"path_per_floor":["M","M","M","?","?","E","?","$","T","M","R","M","M","M","R"],"character_chosen":"DEFECT","items_purchased":["Symbiotic Virus","EntropicBrew"],"gold_per_floor":[118,132,149,324,324,368,368,17,44,64,64,79,92,113,113,113],"floor_reached":16,"campfire_rested":2,"playtime":905,"current_hp_per_floor":[62,58,47,47,47,40,40,40,40,22,42,49,37,33,53,0],"items_purged":[],"gold":113,"score":104,"play_id":"b812d7f2-532d-4e9d-a5f0-0b0916914cfb","local_time":"20180516090922","is_prod":false,"is_daily":false,"chose_seed":false,"is_ascension_mode":false,"campfire_upgraded":0,"timestamp":1526476162,"path_taken":["M","M","M","?","?","E","?","$","T","M","R","M","M","M","R","BOSS"],"build_version":"2018-05-15","seed_source_timestamp":238266127041565,"purchased_purges":0,"victory":false,"master_deck":["Defend_B","Defend_B","Defend_B","Defend_B","Zap","Dualcast","Echo Form+1","Biased Cognition+1","Force Field+1","Coolheaded","Hologram","White Noise","Doubt","Double Energy","Static Discharge","White Noise","Glacier","Heatsinks"],"max_hp_per_floor":[75,75,75,75,69,69,69,69,69,69,69,69,69,69,69,69],"relics":["Astrolabe","Golden Idol","Ancient Tea Set","Symbiotic Virus","Omamori"],"card_choices":[{"not_picked":["Static Discharge","Streamline"],"picked":"Coolheaded","floor":1},{"not_picked":["Reprogram","Beam Cell"],"picked":"Hologram","floor":2},{"not_picked":["Beam Cell","Genetic Algorithm"],"picked":"White Noise","floor":3},{"not_picked":["Stack","Steam"],"picked":"Double Energy","floor":6},{"not_picked":["Coolheaded","Creative AI"],"picked":"White Noise","floor":10},{"not_picked":["Aggregate","Scrape","Ball Lightning"],"picked":"SKIP","floor":12},{"not_picked":["White Noise","Ball Lightning"],"picked":"Glacier","floor":13},{"not_picked":["Barrage","BootSequence"],"picked":"Heatsinks","floor":14}],"player_experience":275800,"potions_floor_usage":[2,6,10,10,10,14,14],"damage_taken":[{"damage":13,"enemies":"Cultist","floor":1,"turns":5},{"damage":4,"enemies":"2 Louse","floor":2,"turns":4},{"damage":11,"enemies":"Jaw Worm","floor":3,"turns":5},{"damage":7,"enemies":"Lagavulin","floor":6,"turns":7},{"damage":18,"enemies":"Exordium Wildlife","floor":10,"turns":4},{"damage":0,"enemies":"Large Slime","floor":12,"turns":6},{"damage":12,"enemies":"2 Fungi Beasts","floor":13,"turns":4},{"damage":4,"enemies":"Red Slaver","floor":14,"turns":4},{"damage":54,"enemies":"Hexaghost","floor":16,"turns":16}],"relics_obtained":[{"floor":6,"key":"Ancient Tea Set"},{"floor":9,"key":"Omamori"}],"event_choices":[{"event_name":"Liars Game","player_choice":"agreed","floor":4,"damage_taken":0},{"event_name":"Golden Idol","player_choice":"Lose Max HP","floor":5,"damage_taken":0},{"event_name":"Transmorgrifier","player_choice":"Transform","floor":7,"damage_taken":0}],"boss_relics":[],"potions_floor_spawned":[1,3,12],"seed_played":"2838131236116358113","killed_by":"Hexaghost","ascension_level":0,"potions_obtained":[{"floor":1,"key":"Fire Potion"},{"floor":3,"key":"Fire Potion"},{"floor":12,"key":"SpeedPotion"}],"is_trial":false}