{"path_per_floor":["M","?","?","$","?","E","R","E","T","M","M","R","E","M","R","B",null,"M","?","$","M","M","E","R","E","T","E","?","E","M","M","R","B",null,"M","?","?","$","M","E","M","R","T","E","T","E","M","M","R","B"],"character_chosen":"THE_SILENT","items_purchased":["Mind Blast","Tingsha","Bandage Up","Dream Catcher"],"gold_per_floor":[114,114,114,14,70,100,100,130,130,145,160,160,190,205,205,305,305,320,320,20,35,50,80,80,140,215,245,160,190,205,220,220,320,320,335,335,335,141,156,186,201,201,226,256,281,311,326,341,341,341],"floor_reached":51,"campfire_rested":1,"playtime":1202,"item_purchase_floors":[4,20,38,38],"current_hp_per_floor":[60,60,60,60,60,60,60,53,53,53,53,53,53,53,53,44,70,70,70,70,70,70,70,70,70,70,70,70,70,70,70,70,70,70,70,70,60,60,62,64,70,70,70,70,70,70,70,70,70,70],"items_purged":[],"gold":341,"score":1508,"play_id":"c7965756-25f9-4179-85ca-c89efff9ca19","local_time":"20180519104237","daily_mods":["Insanity","Elite Swarm","Hoarder"],"is_prod":false,"is_daily":true,"chose_seed":false,"is_ascension_mode":false,"campfire_upgraded":4,"timestamp":1526740957,"campfire_choices":[{"data":"Mind Blast","floor":7,"key":"SMITH"},{"data":"Mind Blast","floor":12,"key":"SMITH"},{"data":"Mind Blast","floor":15,"key":"SMITH"},{"data":"Terror","floor":24,"key":"SMITH"},{"data":"1","floor":32,"key":"LIFT"},{"data":"2","floor":42,"key":"LIFT"},{"floor":49,"key":"REST"}],"path_taken":["M","?","?","$","?","E","R","E","T","M","M","R","E","?","R","BOSS","M","?","$","?","?","E","R","E","T","E","?","E","?","M","R","BOSS","M","?","?","$","M","E","M","R","T","E","?","E","M","M","R","BOSS"],"build_version":"2018-05-18","seed_source_timestamp":501306746254482,"purchased_purges":0,"victory":true,"master_deck":["PiercingWail","Dagger Throw","Die Die Die","Defend_G+1","Deadly Poison","Distraction","Corpse Explosion","Escape Plan","Flechettes","Dodge and Roll","Envenom","Choke","Acrobatics","Concentrate","Predator","Phantasmal Killer","Masterful Stab","Acrobatics","Bullet Time","Dagger Spray","Finisher","Venomology","Eviscerate","Corpse Explosion","Venomology","Poisoned Stab","Underhanded Strike","Backflip","Envenom","Venomology","Burst","Storm of Steel","Endless Agony","Die Die Die","Bane","Quick Slash","Terror+1","Underhanded Strike","Quick Slash","Concentrate","Catalyst","A Thousand Cuts","Outmaneuver","Outmaneuver","PiercingWail","Dodge and Roll","Slice","Doppelganger","Acrobatics","A Thousand Cuts","Mind Blast+1","Mind Blast+1","Mind Blast+1","Wraith Form v2","Wraith Form v2","Wraith Form v2","Night Terror","Night Terror","Night Terror","Night Terror","Night Terror","Night Terror","Endless Agony","Endless Agony","Endless Agony","Blur","Blur","Blur","Blur","Blur","Blur","Slice","Slice","Slice","PiercingWail","PiercingWail","PiercingWail","Unload","Unload","Unload","Accuracy+1","Accuracy+1","Accuracy+1","Cloak And Dagger+1","Cloak And Dagger+1","Cloak And Dagger+1","Adrenaline","Adrenaline","Adrenaline","Venomology","Venomology","Venomology","Venomology","Venomology","Venomology","Wraith Form v2","Wraith Form v2","Wraith Form v2","Crippling Poison","Crippling Poison","Crippling Poison","Deadly Poison","Deadly Poison","Deadly Poison","Adrenaline","Adrenaline","Adrenaline","Deflect+1","Deflect+1","Deflect+1","Bandage Up","Bandage Up","Bandage Up","Master of Strategy","Master of Strategy","Master of Strategy","Jack Of All Trades","Jack Of All Trades","Jack Of All Trades","Bandage Up","Bandage Up","Bandage Up","Noxious Fumes","Noxious Fumes","Noxious Fumes","Glass Knife","Glass Knife","Glass Knife","Noxious Fumes","Noxious Fumes","Noxious Fumes","Adrenaline","Adrenaline","Adrenaline","Night Terror+1","Night Terror+1","Night Terror+1","Backstab+1","Backstab+1","Backstab+1","Blade Dance+1","Blade Dance+1","Blade Dance+1","Deadly Poison+1","Deadly Poison+1","Deadly Poison+1"],"max_hp_per_floor":[70,70,70,70,70,70,70,70,70,70,70,70,70,70,70,70,70,70,70,70,70,70,70,70,70,70,70,70,70,70,70,70,70,70,70,70,70,70,70,70,70,70,70,70,70,70,70,70,70,70],"relics":["Ring of the Snake","Bag of Preparation","Omamori","Ginger","Art of War","Orrery","Tingsha","Girya","Tiny Chest","The Courier","Blood Vial","Anchor","Ornamental Fan","Black Star","Dream Catcher","Regal Pillow","Happy Flower","Pen Nib","Ninja Scroll","Darkstone Periapt","Juzu Bracelet","Bottled Flame","Toxic Egg 2"],"card_choices":[{"not_picked":["Quick Slash","Deadly Poison","Malaise"],"picked":"SKIP","floor":1},{"not_picked":["A Thousand Cuts","Tactician","Doppelganger"],"picked":"SKIP","floor":6},{"not_picked":["Bullet Time","Corpse Explosion"],"picked":"Wraith Form v2","floor":8},{"not_picked":["Crippling Poison","All Out Attack","Deflect"],"picked":"SKIP","floor":10},{"not_picked":["Footwork","Expertise","Flying Knee"],"picked":"SKIP","floor":11},{"not_picked":["Venomology","Grand Finale"],"picked":"Night Terror","floor":13},{"not_picked":["Dagger Throw","Setup","Slice"],"picked":"SKIP","floor":14},{"not_picked":["Doppelganger","Wraith Form v2"],"picked":"Night Terror","floor":16},{"not_picked":["Leg Sweep","Quick Slash"],"picked":"Endless Agony","floor":17},{"not_picked":["Underhanded Strike","Prepared"],"picked":"Blur","floor":17},{"not_picked":["Dodge and Roll","Expertise"],"picked":"Blur","floor":17},{"not_picked":["Riddle With Holes","Quick Slash"],"picked":"Slice","floor":17},{"not_picked":["Dagger Throw","Eviscerate"],"picked":"PiercingWail","floor":17},{"not_picked":["Blur","Acrobatics"],"picked":"Unload","floor":18},{"not_picked":["Outmaneuver","PiercingWail+1"],"picked":"Accuracy+1","floor":21},{"not_picked":["Dodge and Roll","Leg Sweep"],"picked":"Cloak And Dagger+1","floor":22},{"not_picked":["Envenom","A Thousand Cuts"],"picked":"Adrenaline","floor":23},{"not_picked":["Burst","Doppelganger"],"picked":"Venomology","floor":25},{"not_picked":["Tactician","A Thousand Cuts"],"picked":"Venomology","floor":27},{"not_picked":["Die Die Die","Storm of Steel"],"picked":"Wraith Form v2","floor":29},{"not_picked":["Dagger Spray","Malaise"],"picked":"Crippling Poison","floor":30},{"not_picked":["Backflip","Acrobatics"],"picked":"Deadly Poison","floor":31},{"not_picked":["Die Die Die","Doppelganger"],"picked":"Adrenaline","floor":33},{"not_picked":["Escape Plan+1","Flying Knee+1"],"picked":"Deflect+1","floor":35},{"not_picked":["Dark Shackles","Apotheosis"],"picked":"Bandage Up","floor":37},{"not_picked":["Transmutation","Swift Strike"],"picked":"Master of Strategy","floor":37},{"not_picked":["Flash of Steel","Magnetism"],"picked":"Jack Of All Trades","floor":37},{"not_picked":["Backflip+1","Masterful Stab"],"picked":"Noxious Fumes","floor":39},{"not_picked":["Bullet Time","Burst"],"picked":"Glass Knife","floor":40},{"not_picked":["Outmaneuver","Cloak And Dagger"],"picked":"Noxious Fumes","floor":41},{"not_picked":["Night Terror","Glass Knife"],"picked":"Adrenaline","floor":44},{"not_picked":["Phantasmal Killer","Grand Finale"],"picked":"Night Terror","floor":46},{"not_picked":["PiercingWail+1","Malaise+1"],"picked":"Backstab+1","floor":47},{"not_picked":["Crippling Poison+1","Prepared+1"],"picked":"Blade Dance+1","floor":48},{"not_picked":["Riddle With Holes","Sucker Punch+1"],"picked":"Deadly Poison+1","floor":49}],"player_experience":297086,"potions_floor_usage":[8,8,8,13,16,16,16,25,25,31,39,39,40,40,40],"damage_taken":[{"damage":10,"enemies":"Jaw Worm","floor":1,"turns":3},{"damage":0,"enemies":"Gremlin Nob","floor":6,"turns":2},{"damage":16,"enemies":"3 Sentries","floor":8,"turns":6},{"damage":0,"enemies":"Cultist","floor":10,"turns":1},{"damage":0,"enemies":"2 Louse","floor":11,"turns":1},{"damage":0,"enemies":"Lagavulin","floor":13,"turns":1},{"damage":0,"enemies":"Looter","floor":14,"turns":1},{"damage":9,"enemies":"The Guardian","floor":16,"turns":2},{"damage":0,"enemies":"3 Byrds","floor":18,"turns":1},{"damage":0,"enemies":"Shell Parasite","floor":21,"turns":1},{"damage":0,"enemies":"Cultist and Chosen","floor":22,"turns":1},{"damage":0,"enemies":"Book of Stabbing","floor":23,"turns":1},{"damage":0,"enemies":"Slavers","floor":25,"turns":1},{"damage":0,"enemies":"Book of Stabbing","floor":27,"turns":1},{"damage":0,"enemies":"Gremlin Leader","floor":29,"turns":1},{"damage":0,"enemies":"Centurion and Healer","floor":30,"turns":1},{"damage":0,"enemies":"Slaver and Parasite","floor":31,"turns":1},{"damage":0,"enemies":"Collector","floor":33,"turns":1},{"damage":0,"enemies":"3 Shapes","floor":35,"turns":1},{"damage":0,"enemies":"3 Darklings","floor":39,"turns":1},{"damage":0,"enemies":"Giant Head","floor":40,"turns":2},{"damage":0,"enemies":"Spire Growth","floor":41,"turns":1},{"damage":0,"enemies":"2 Orb Walkers","floor":44,"turns":1},{"damage":0,"enemies":"Giant Head","floor":46,"turns":1},{"damage":0,"enemies":"Maw","floor":47,"turns":1},{"damage":0,"enemies":"Flame Bruiser 2 Orb","floor":48,"turns":1},{"damage":0,"enemies":"Donu and Deca","floor":50,"turns":3}],"relics_obtained":[{"floor":6,"key":"Bag of Preparation"},{"floor":8,"key":"Omamori"},{"floor":9,"key":"Ginger"},{"floor":13,"key":"Art of War"},{"floor":23,"key":"Girya"},{"floor":25,"key":"Tiny Chest"},{"floor":26,"key":"The Courier"},{"floor":27,"key":"Blood Vial"},{"floor":29,"key":"Ornamental Fan"},{"floor":40,"key":"Regal Pillow"},{"floor":40,"key":"Happy Flower"},{"floor":43,"key":"Pen Nib"},{"floor":44,"key":"Ninja Scroll"},{"floor":44,"key":"Darkstone Periapt"},{"floor":45,"key":"Juzu Bracelet"},{"floor":46,"key":"Bottled Flame"},{"floor":46,"key":"Toxic Egg 2"}],"event_choices":[{"event_name":"Match and Keep!","player_choice":"0 cards matched","floor":2,"damage_taken":0},{"event_name":"The Cleric","player_choice":"Leave","floor":3,"damage_taken":0},{"event_name":"Golden Wing","player_choice":"Gained Gold","floor":5,"damage_taken":0},{"event_name":"Back to Basics","player_choice":"Simplicity","floor":19,"damage_taken":0},{"event_name":"Addict","player_choice":"Obtained Relic","floor":28,"damage_taken":0},{"event_name":"The Lab","player_choice":"Got Potions","floor":36,"damage_taken":0},{"event_name":"SensoryStone","player_choice":"Memory 3","floor":37,"damage_taken":0}],"boss_relics":[{"not_picked":["Cursed Key","Runic Pyramid"],"picked":"Orrery"},{"not_picked":["Runic Dome","Philosopher\u0027s Stone"],"picked":"Black Star"}],"items_purged_floors":[],"potions_floor_spawned":[6,8,10,11,14,18,23,25,30,35,41,48],"seed_played":"6445733851031675108","ascension_level":0,"potions_obtained":[{"floor":6,"key":"Strength Potion"},{"floor":8,"key":"Swift Potion"},{"floor":10,"key":"Energy Potion"},{"floor":11,"key":"FearPotion"},{"floor":14,"key":"GhostInAJar"},{"floor":18,"key":"Poison Potion"},{"floor":23,"key":"PowerPotion"},{"floor":25,"key":"Block Potion"},{"floor":35,"key":"Fire Potion"},{"floor":36,"key":"GhostInAJar"},{"floor":41,"key":"Weak Potion"}],"is_trial":false}