{"path_per_floor":["M","M","$","?","M","R","M","M","T","R","M","M","?","?","R","B",null,"M","$","?","$","M","R","?","?","T","R","E","$","R","M","R","B",null,"M","?","M","?","M","R","?","R","T","R","?","M","M","M","R","B"],"character_chosen":"DEFECT","items_purchased":["Bird Faced Urn","Hello World","DataDisk","Static Discharge"],"gold_per_floor":[366,378,36,36,55,55,68,88,88,88,98,117,117,117,117,213,213,231,11,11,11,28,28,28,28,28,28,53,53,53,71,71,167,167,186,233,246,246,264,264,0,0,50,50,50,67,79,92,92,92],"floor_reached":51,"campfire_rested":5,"playtime":2129,"current_hp_per_floor":[66,66,66,66,62,62,63,66,66,66,67,59,56,85,85,69,85,85,85,85,85,76,76,76,76,76,76,57,57,82,83,83,16,85,77,27,31,31,16,41,41,66,66,85,74,47,40,44,69,30],"items_purged":[],"gold":92,"score":682,"play_id":"9e012757-7ae8-48a5-9d1e-ef167e5868ea","local_time":"20180501201310","is_prod":false,"is_daily":false,"chose_seed":false,"is_ascension_mode":false,"campfire_upgraded":6,"timestamp":1525219990,"path_taken":["M","M","$","?","M","R","?","M","T","R","M","M","?","?","R","BOSS","M","$","?","$","M","R","?","?","T","R","E","$","R","M","R","BOSS","M","?","M","?","M","R","?","R","T","R","?","M","?","?","R","BOSS"],"build_version":"2018-05-01","seed_source_timestamp":1389116581917604,"purchased_purges":0,"victory":true,"master_deck":["Strike_B+1","Strike_B","Strike_B+1","Defend_B","Defend_B","Defend_B+1","Defend_B","Zap","Dualcast","Injury","Coolheaded+1","Melter","Hello World","Flash of Steel","Storm+1","Aggregate+1","Double Energy+1","Machine Learning","Sunder+1","Static Discharge+1","Coolheaded+1","Parasite","Aggregate","Loop+1","Creative AI","FTL","FTL+1","Impulse+1","Blizzard+1","Clumsy","Madness","Madness","Multi-Cast","Barrage+1","Thunder Strike"],"max_hp_per_floor":[75,75,75,75,75,75,75,75,75,75,75,75,75,85,85,85,85,85,85,85,85,85,85,85,85,85,85,85,85,85,85,85,85,85,85,85,85,85,85,85,85,85,85,85,85,85,85,85,85,85],"relics":["Cracked Core","Bird Faced Urn","Letter Opener","Toolbox","Cursed Key","DataDisk","Pantograph","Whetstone","Nuclear Battery","Sundial","Red Mask","War Paint"],"card_choices":[{"not_picked":["Axe Kick","Rebound"],"picked":"Coolheaded","floor":1},{"not_picked":["Reprogram","Seek"],"picked":"Melter","floor":2},{"not_picked":["Ball Lightning","Force Field"],"picked":"Storm","floor":5},{"not_picked":["Streamline","Leap"],"picked":"Aggregate","floor":7},{"not_picked":["Scrape","Hologram"],"picked":"Auto Shields","floor":8},{"not_picked":["Ball Lightning","Hello World"],"picked":"Double Energy","floor":11},{"not_picked":["Auto Shields","Reprogram"],"picked":"Seek","floor":12},{"not_picked":["All For One","Reboot"],"picked":"Machine Learning","floor":16},{"not_picked":["Sweeping Beam","Rebound"],"picked":"Sunder","floor":18},{"not_picked":["Beam Cell","Impulse"],"picked":"Coolheaded","floor":22},{"not_picked":["Sweeping Beam","Melter"],"picked":"Aggregate","floor":28},{"not_picked":["Steam Power","Axe Kick"],"picked":"Loop","floor":31},{"not_picked":["All For One","Hyperbeam"],"picked":"Creative AI","floor":33},{"not_picked":["Leap","Hologram"],"picked":"FTL","floor":35},{"not_picked":["Turbo","Consume"],"picked":"FTL","floor":36},{"not_picked":["Skim","Genetic Algorithm"],"picked":"Impulse","floor":37},{"not_picked":["Glacier","Streamline"],"picked":"Blizzard","floor":39},{"not_picked":["Axe Kick","Rebound"],"picked":"Multi-Cast","floor":46},{"not_picked":["Impulse","Capacitor"],"picked":"Barrage","floor":47},{"not_picked":["Stack","Sweeping Beam"],"picked":"Thunder Strike","floor":48}],"player_experience":109921,"potions_floor_usage":[7,8,11,12,18,31,35,39,46,47,48],"damage_taken":[{"damage":9,"enemies":"Small Slimes","floor":1,"turns":3},{"damage":0,"enemies":"Cultist","floor":2,"turns":4},{"damage":6,"enemies":"2 Louse","floor":5,"turns":3},{"damage":3,"enemies":"Red Slaver","floor":7,"turns":3},{"damage":1,"enemies":"Exordium Wildlife","floor":8,"turns":3},{"damage":13,"enemies":"Large Slime","floor":11,"turns":5},{"damage":12,"enemies":"Exordium Thugs","floor":12,"turns":4},{"damage":20,"enemies":"Slime Boss","floor":16,"turns":12},{"damage":0,"enemies":"Shell Parasite","floor":18,"turns":5},{"damage":11,"enemies":"3 Byrds","floor":22,"turns":3},{"damage":27,"enemies":"Gremlin Leader","floor":28,"turns":4},{"damage":2,"enemies":"Snake Plant","floor":31,"turns":2},{"damage":73,"enemies":"Champ","floor":33,"turns":8},{"damage":16,"enemies":"3 Shapes","floor":35,"turns":4},{"damage":60,"enemies":"Mysterious Sphere","floor":36,"turns":5},{"damage":6,"enemies":"Flame Bruiser 1 Orb","floor":37,"turns":4},{"damage":25,"enemies":"Spire Growth","floor":39,"turns":4},{"damage":39,"enemies":"3 Darklings","floor":46,"turns":3},{"damage":23,"enemies":"Sphere and 2 Shapes","floor":47,"turns":3},{"damage":18,"enemies":"Flame Bruiser 2 Orb","floor":48,"turns":5},{"damage":77,"enemies":"Time Eater","floor":50,"turns":8}],"event_choices":[{"event_name":"Match and Keep!","player_choice":"1 cards matched","floor":4,"damage_taken":0},{"event_name":"Scrap Ooze","player_choice":"success","floor":13,"damage_taken":3},{"event_name":"Bonfire Elementals","player_choice":"RARE","floor":14,"damage_taken":0},{"event_name":"Back to Basics","player_choice":"Elegance","floor":20,"damage_taken":0},{"event_name":"Addict","player_choice":"Ignored","floor":24,"damage_taken":0},{"event_name":"Ghosts","player_choice":"Ignored","floor":25,"damage_taken":0},{"event_name":"Mysterious Sphere","player_choice":"Fight","floor":36,"damage_taken":0},{"event_name":"Tomb of Lord Red Mask","player_choice":"Paid","floor":41,"damage_taken":0},{"event_name":"Winding Halls","player_choice":"Embrace Madness","floor":45,"damage_taken":0}],"boss_relics":[{"not_picked":["Philosopher\u0027s Stone","Snecko Eye"],"picked":"Cursed Key"},{"not_picked":["Runic Pyramid","White Beast Statue"],"picked":"Nuclear Battery"}],"potions_floor_spawned":[5,7,8,11,16,18,33,35,39,46,47],"seed_played":"-5581847175159959552","ascension_level":0,"is_trial":false}