{"path_per_floor":["M","?","$","M","M","E","R","M","T","R","$","M","?","?","R","B",null,"M","M","?","M"],"character_chosen":"IRONCLAD","items_purchased":["Armaments"],"gold_per_floor":[111,111,58,74,84,113,113,125,125,125,125,141,141,316,316,415,415,428,439,439,454,454],"floor_reached":22,"campfire_rested":2,"playtime":1453,"current_hp_per_floor":[72,60,60,60,66,17,38,34,34,55,55,61,66,66,66,69,77,41,26,26,17,0],"items_purged":[],"gold":454,"score":186,"play_id":"56b1d2e3-f72d-40a3-b5e7-4f2baa1460df","local_time":"20180423204044","is_prod":false,"is_daily":false,"chose_seed":false,"is_ascension_mode":false,"campfire_upgraded":1,"timestamp":1524530444,"path_taken":["M","?","$","M","M","E","R","M","T","R","$","M","?","?","R","BOSS","M","M","?","M","?"],"build_version":"2018-04-19","seed_source_timestamp":700274569460713,"purchased_purges":1,"victory":false,"master_deck":["Strike_R","Strike_R","Strike_R","Strike_R","Strike_R","Defend_R","Defend_R","Defend_R","Defend_R","Bash","Barricade+1","Armaments","Armaments","Flame Barrier","Dropkick","Doubt","Juggernaut","Rage+1","Metallicize+1","Ghostly Armor"],"max_hp_per_floor":[72,72,72,72,72,72,72,72,72,72,72,72,77,77,77,77,77,77,77,77,77,77],"relics":["Burning Blood","Oddly Smooth Stone","Calipers","Pantograph","Cursed Key"],"card_choices":[{"not_picked":["Juggernaut","Fiend Fire"],"picked":"Barricade","floor":0},{"not_picked":["Uppercut","Warcry"],"picked":"Armaments","floor":4},{"not_picked":["Infernal Blade","Wild Strike"],"picked":"Flame Barrier","floor":6},{"not_picked":["Sever Soul","Havoc"],"picked":"Dropkick","floor":12},{"not_picked":["Offering","Barricade"],"picked":"Juggernaut","floor":16},{"not_picked":["Twin Strike","Body Slam"],"picked":"Rage","floor":18},{"not_picked":["Headbutt","Anger"],"picked":"Metallicize","floor":19},{"not_picked":["Whirlwind","Cleave"],"picked":"Ghostly Armor","floor":21}],"player_experience":725786,"potions_floor_usage":[5,12,16,21,22],"damage_taken":[{"damage":5,"enemies":"Small Slimes","floor":1,"turns":4},{"damage":6,"enemies":"2 Louse","floor":4,"turns":7},{"damage":0,"enemies":"Jaw Worm","floor":5,"turns":7},{"damage":55,"enemies":"Gremlin Nob","floor":6,"turns":6},{"damage":10,"enemies":"3 Louse","floor":8,"turns":9},{"damage":0,"enemies":"Blue Slaver","floor":12,"turns":7},{"damage":14,"enemies":"The Guardian","floor":16,"turns":20},{"damage":42,"enemies":"Chosen","floor":18,"turns":8},{"damage":21,"enemies":"Shell Parasite","floor":19,"turns":9},{"damage":15,"enemies":"Sentry and Sphere","floor":21,"turns":8},{"damage":19,"enemies":"3 Cultists","floor":22,"turns":6}],"event_choices":[{"event_name":"Scrap Ooze","player_choice":"success","floor":2,"damage_taken":12},{"event_name":"Big Fish","player_choice":"Donut","floor":13,"damage_taken":0},{"event_name":"Liars Game","player_choice":"agreed","floor":14,"damage_taken":0},{"event_name":"Vampires","player_choice":"Ignored","floor":20,"damage_taken":0}],"boss_relics":[{"not_picked":["Mark of Pain","Snecko Eye"],"picked":"Cursed Key"}],"potions_floor_spawned":[4,8,12,19,21],"seed_played":"1729623834154201328","killed_by":"3 Cultists","ascension_level":0,"is_trial":false}