{"gold_per_floor":[112,127,145,145,158,184,184,217,297,297,297,297,297,472,472,472],"floor_reached":16,"playtime":462,"items_purged":[],"score":108,"play_id":"99fb80c1-aa47-4341-98cf-030015ffca6d","local_time":"20190619155959","is_ascension_mode":false,"campfire_choices":[{"floor":7,"key":"REST"},{"floor":11,"key":"REST"},{"floor":13,"key":"RECALL"},{"data":"Zap","floor":15,"key":"SMITH"}],"neow_cost":"NONE","seed_source_timestamp":28889193659200,"circlet_count":0,"master_deck":["Strike_B","Strike_B","Strike_B","Strike_B","Defend_B","Defend_B","Defend_B","Defend_B","Zap+1","Dualcast","Sweeping Beam","Scrape","Recycle","Defragment","Redo+1","Beam Cell","Parasite","Doubt"],"relics":["Cracked Core","NeowsBlessing","Toxic Egg 2","Nunchaku","Potion Belt","Frozen Egg 2"],"potions_floor_usage":[5,16],"damage_taken":[{"damage":0,"enemies":"2 Louse","floor":1,"turns":1},{"damage":0,"enemies":"Small Slimes","floor":2,"turns":1},{"damage":0,"enemies":"Cultist","floor":3,"turns":1},{"damage":0,"enemies":"3 Louse","floor":5,"turns":3},{"damage":35,"enemies":"Gremlin Nob","floor":6,"turns":5},{"damage":29,"enemies":"3 Sentries","floor":8,"turns":7},{"damage":61,"enemies":"Hexaghost","floor":16,"turns":9}],"seed_played":"6456041488797431178","potions_obtained":[{"floor":2,"key":"Block Potion"},{"floor":8,"key":"Swift Potion"}],"is_trial":false,"path_per_floor":["M","M","M","?","M","E","R","E","T","?","R","?","R","?","R","B"],"character_chosen":"DEFECT","items_purchased":[],"campfire_rested":2,"item_purchase_floors":[],"current_hp_per_floor":[75,75,75,63,63,28,50,21,21,21,43,61,61,61,61,0],"gold":472,"neow_bonus":"THREE_ENEMY_KILL","is_prod":false,"is_daily":false,"chose_seed":false,"campfire_upgraded":1,"win_rate":0,"timestamp":1560974399,"path_taken":["M","M","M","?","M","E","R","E","T","?","R","?","R","?","R","BOSS"],"build_version":"2019-06-18","purchased_purges":0,"victory":false,"max_hp_per_floor":[75,75,75,75,75,75,75,75,75,75,75,75,75,75,75,75],"card_choices":[{"not_picked":["Rebound","Stack"],"picked":"Sweeping Beam","floor":1},{"not_picked":["Stack","Gash"],"picked":"Scrape","floor":2},{"not_picked":["Ball Lightning","Force Field"],"picked":"Recycle","floor":3},{"not_picked":["Hologram+1","Beam Cell"],"picked":"Defragment","floor":5},{"not_picked":["Scrape","Lockon"],"picked":"Redo+1","floor":6},{"not_picked":["Skim+1","Lockon"],"picked":"Beam Cell","floor":8}],"player_experience":1078658,"relics_obtained":[{"floor":6,"key":"Nunchaku"},{"floor":8,"key":"Potion Belt"},{"floor":9,"key":"Frozen Egg 2"}],"event_choices":[{"damage_healed":0,"gold_gain":0,"player_choice":"Success","damage_taken":12,"relics_obtained":["Toxic Egg 2"],"max_hp_gain":0,"max_hp_loss":0,"event_name":"Scrap Ooze","floor":4,"gold_loss":0},{"damage_healed":0,"gold_gain":0,"player_choice":"Ignored","damage_taken":0,"max_hp_gain":0,"max_hp_loss":0,"event_name":"Golden Idol","floor":10,"gold_loss":0},{"damage_healed":18,"gold_gain":0,"player_choice":"Healed and dodged fight","damage_taken":0,"max_hp_gain":0,"max_hp_loss":0,"event_name":"Mushrooms","floor":12,"gold_loss":0,"cards_obtained":["Parasite"]},{"damage_healed":0,"gold_gain":175,"player_choice":"AGREE","damage_taken":0,"max_hp_gain":0,"max_hp_loss":0,"event_name":"Liars Game","floor":14,"gold_loss":0,"cards_obtained":["Doubt"]}],"is_beta":true,"boss_relics":[],"items_purged_floors":[],"is_endless":false,"potions_floor_spawned":[2,8],"killed_by":"Hexaghost","ascension_level":0}