{"gold_per_floor":[114,189,189,206,206,216,52,65,65,65,76,105,105,30,30,105,105,124,124,195,208,234,234,262,276,276,276,295,114,114,143,143,143],"floor_reached":33,"playtime":982,"items_purged":["Strike_B","Injury"],"score":566,"play_id":"c4df9a39-be8a-4534-ae12-b5dd9639a790","local_time":"20190525170325","is_ascension_mode":true,"campfire_choices":[{"floor":10.0,"key":"REST"},{"data":"Defragment","floor":13.0,"key":"SMITH"},{"data":"Self Repair","floor":15.0,"key":"SMITH"},{"data":"Biased Cognition","floor":23.0,"key":"SMITH"},{"floor":32,"key":"REST"}],"neow_cost":"NONE","seed_source_timestamp":914353332527825,"circlet_count":0,"master_deck":["AscendersBane","Defend_B","Defend_B","Defend_B","Defend_B","Zap+1","Dualcast","Self Repair+1","Compile Driver+1","Reinforced Body","Defragment+1","Cold Snap","Sweeping Beam+1","Core Surge","Biased Cognition+1","Go for the Eyes+1","Self Repair","Amplify","Heatsinks","Double Energy+1","Static Discharge","Ball Lightning"],"special_seed":0,"relics":["Cracked Core","Mercury Hourglass","Nunchaku","Cursed Key","Red Mask","Omamori","Whetstone","Bottled Lightning"],"potions_floor_usage":[31],"damage_taken":[{"damage":3.0,"enemies":"2 Louse","floor":1.0,"turns":3.0},{"damage":7.0,"enemies":"Small Slimes","floor":4.0,"turns":3.0},{"damage":7.0,"enemies":"Jaw Worm","floor":6.0,"turns":3.0},{"damage":33.0,"enemies":"Exordium Thugs","floor":8.0,"turns":4.0},{"damage":0.0,"enemies":"3 Louse","floor":11.0,"turns":2.0},{"damage":20.0,"enemies":"3 Sentries","floor":12.0,"turns":6.0},{"damage":21.0,"enemies":"Hexaghost","floor":16.0,"turns":9.0},{"damage":7.0,"enemies":"Chosen","floor":18.0,"turns":4.0},{"damage":13.0,"enemies":"3 Byrds","floor":21.0,"turns":4.0},{"damage":20.0,"enemies":"Masked Bandits","floor":22.0,"turns":5.0},{"damage":31.0,"enemies":"Book of Stabbing","floor":24.0,"turns":4.0},{"damage":17.0,"enemies":"Centurion and Healer","floor":25.0,"turns":8.0},{"damage":16,"enemies":"Snake Plant","floor":28,"turns":4},{"damage":29,"enemies":"Slavers","floor":31,"turns":4},{"damage":102,"enemies":"Collector","floor":33,"turns":7}],"seed_played":"-529724583619379943","potions_obtained":[{"floor":1.0,"key":"GamblersBrew"},{"floor":8.0,"key":"PowerPotion"},{"floor":12.0,"key":"GamblersBrew"},{"floor":21.0,"key":"PowerPotion"},{"floor":22.0,"key":"Poison Potion"}],"is_trial":false,"path_per_floor":["M","?","?","M","?","M","$","M","T","R","M","E","R","?","R","B",null,"M","?","T","M","?","R","E","M","T","T","M","$","?","E","R","B"],"character_chosen":"DEFECT","items_purchased":["Defragment","Static Discharge"],"campfire_rested":2,"item_purchase_floors":[7,29],"current_hp_per_floor":[68,57,57,57,57,57,57,31,31,54,61,48,48,48,48,37,68,71,71,71,68,65,65,51,61,61,61,72,72,50,38,62,0],"gold":143,"neow_bonus":"TEN_PERCENT_HP_BONUS","is_prod":false,"is_daily":false,"chose_seed":false,"campfire_upgraded":3,"win_rate":0,"timestamp":1558829005,"path_taken":["M","?","?","M","?","M","?","M","T","R","M","E","R","?","R","BOSS","M","?","?","M","?","R","E","M","T","?","M","$","?","E","R","BOSS"],"build_version":"2019-01-23","purchased_purges":2,"victory":false,"max_hp_per_floor":[78,78,78,78,78,78,78,78,78,78,78,78,78,78,78,78,78,78,78,78,78,78,78,78,78,78,78,78,78,83,83,83,83],"card_choices":[{"not_picked":["Fusion","Redo"],"picked":"Self Repair","floor":1.0},{"not_picked":["Streamline","Beam Cell"],"picked":"Compile Driver","floor":4.0},{"not_picked":["Recycle","Stack"],"picked":"Reinforced Body","floor":6.0},{"not_picked":["Undo","Sweeping Beam"],"picked":"Cold Snap","floor":8.0},{"not_picked":["Lockon","Steam"],"picked":"Sweeping Beam","floor":11.0},{"not_picked":["Tempest","Rebound"],"picked":"Core Surge","floor":12.0},{"not_picked":["Core Surge","Seek"],"picked":"Biased Cognition","floor":16.0},{"not_picked":["Consume","Barrage"],"picked":"Go for the Eyes+1","floor":18.0},{"not_picked":["Go for the Eyes","Beam Cell","Steam"],"picked":"SKIP","floor":21.0},{"not_picked":["Redo+1","BootSequence"],"picked":"Heatsinks","floor":22.0},{"not_picked":["Hyperbeam","FTL"],"picked":"Double Energy+1","floor":24.0},{"not_picked":["Go for the Eyes","Gash","Steam"],"picked":"SKIP","floor":25.0},{"not_picked":["Go for the Eyes","Blizzard","Redo"],"picked":"SKIP","floor":28},{"not_picked":["Scrape","Reinforced Body"],"picked":"Ball Lightning","floor":31}],"player_experience":729771,"relics_obtained":[{"floor":9.0,"key":"Mercury Hourglass"},{"floor":12.0,"key":"Nunchaku"},{"floor":22.0,"key":"Red Mask"},{"floor":24.0,"key":"Omamori"},{"floor":26.0,"key":"Whetstone"},{"floor":31,"key":"Bottled Lightning"}],"event_choices":[{"damage_healed":0.0,"max_hp_gain":0.0,"max_hp_loss":0.0,"gold_gain":75.0,"event_name":"World of Goop","player_choice":"Gather Gold","floor":2.0,"gold_loss":0.0,"damage_taken":11.0},{"damage_healed":0.0,"max_hp_gain":0.0,"max_hp_loss":0.0,"gold_gain":0.0,"event_name":"Living Wall","player_choice":"Grow","floor":3.0,"gold_loss":0.0,"damage_taken":0.0,"cards_upgraded":["Zap"]},{"damage_healed":0.0,"max_hp_gain":0.0,"max_hp_loss":0.0,"gold_gain":0.0,"event_name":"Liars Game","player_choice":"Ignored","floor":5.0,"gold_loss":0.0,"damage_taken":0.0},{"cards_removed":["Strike_B"],"damage_healed":0.0,"max_hp_gain":0.0,"max_hp_loss":0.0,"gold_gain":0.0,"event_name":"The Cleric","player_choice":"Card Removal","floor":14.0,"gold_loss":75.0,"damage_taken":0.0},{"damage_healed":0.0,"max_hp_gain":0.0,"max_hp_loss":0.0,"gold_gain":0.0,"cards_transformed":["Strike_B","Strike_B"],"event_name":"Drug Dealer","player_choice":"Became Test Subject","floor":19.0,"gold_loss":0.0,"damage_taken":0.0,"cards_obtained":["Self Repair","Amplify"]},{"damage_healed":0.0,"max_hp_gain":0.0,"max_hp_loss":0.0,"gold_gain":0.0,"event_name":"Masked Bandits","player_choice":"Fought Bandits","floor":22.0,"gold_loss":0.0,"damage_taken":0.0},{"damage_healed":0,"gold_gain":0,"player_choice":"Shed Blood","damage_taken":27,"max_hp_gain":5,"max_hp_loss":0,"event_name":"Forgotten Altar","floor":30,"gold_loss":0}],"is_beta":false,"boss_relics":[{"not_picked":["Busted Crown","Philosopher\u0027s Stone"],"picked":"Cursed Key"}],"items_purged_floors":[7,29],"is_endless":false,"potions_floor_spawned":[1,8,12,21,22],"killed_by":"Collector","ascension_level":20}