{"gold_per_floor":[111,121,121,138,152,177,189,232,244,256,279,291],"floor_reached":12,"playtime":358,"items_purged":[],"score":180,"play_id":"1e54ee11-4f6a-4d1d-b30a-8045ae3a1fe7","local_time":"20181110110448","is_ascension_mode":true,"campfire_choices":[{"data":"True Grit","floor":7,"key":"SMITH"},{"floor":10,"key":"REST"}],"neow_cost":"NONE","seed_source_timestamp":2255591245264,"circlet_count":0,"master_deck":["AscendersBane","Strike_R","Strike_R","Strike_R","Strike_R","Strike_R","Defend_R","Defend_R","Defend_R","Defend_R","Bash","Anger+1","Pommel Strike+1","Flame Barrier","Iron Wave","True Grit+1","Evolve","Reckless Charge"],"relics":["Burning Blood","MawBank","Lantern","Smiling Mask"],"potions_floor_usage":[6,6,8],"damage_taken":[{"damage":14,"enemies":"Jaw Worm","floor":1,"turns":4},{"damage":5,"enemies":"2 Louse","floor":2,"turns":3},{"damage":0,"enemies":"Small Slimes","floor":4,"turns":2},{"damage":7,"enemies":"Exordium Thugs","floor":5,"turns":4},{"damage":11,"enemies":"Lagavulin","floor":6,"turns":5},{"damage":28,"enemies":"Gremlin Nob","floor":8,"turns":5},{"damage":14,"enemies":"Red Slaver","floor":11,"turns":4},{"damage":38,"enemies":"Lagavulin","floor":12,"turns":6}],"seed_played":"-8992063554254355850","potions_obtained":[{"floor":4,"key":"Block Potion"},{"floor":5,"key":"FearPotion"},{"floor":6,"key":"Ancient Potion"}],"is_trial":false,"path_per_floor":["M","M","?","M","M","E","R","E","T","R","M","E"],"character_chosen":"IRONCLAD","items_purchased":[],"campfire_rested":1,"item_purchase_floors":[],"current_hp_per_floor":[67,68,43,49,48,43,43,21,21,45,37,0],"gold":291,"neow_bonus":"TEN_PERCENT_HP_BONUS","is_prod":false,"is_daily":false,"chose_seed":false,"campfire_upgraded":1,"win_rate":0,"timestamp":1541873088,"path_taken":["M","M","?","M","M","E","R","E","T","R","M","E"],"build_version":"2018-11-08","purchased_purges":0,"victory":false,"max_hp_per_floor":[82,82,82,82,82,82,82,82,82,82,82,82],"card_choices":[{"not_picked":["Ghostly Armor","Heavy Blade"],"picked":"Anger","floor":1},{"not_picked":["Havoc","Twin Strike"],"picked":"Pommel Strike","floor":2},{"not_picked":["Inflame","Iron Wave"],"picked":"Flame Barrier","floor":4},{"not_picked":["Sword Boomerang","Anger"],"picked":"Iron Wave","floor":5},{"not_picked":["Twin Strike","Sever Soul"],"picked":"True Grit","floor":6},{"not_picked":["Rage","Bludgeon"],"picked":"Evolve","floor":8},{"not_picked":["Iron Wave","Seeing Red"],"picked":"Reckless Charge","floor":11}],"player_experience":612484,"relics_obtained":[{"floor":6,"key":"MawBank"},{"floor":8,"key":"Lantern"},{"floor":9,"key":"Smiling Mask"}],"event_choices":[{"damage_healed":0,"gold_gain":0,"player_choice":"Entered Light","damage_taken":25,"max_hp_gain":0,"max_hp_loss":0,"event_name":"Shining Light","floor":3,"gold_loss":0,"cards_upgraded":["Pommel Strike","Anger"]}],"is_beta":false,"boss_relics":[],"items_purged_floors":[],"is_endless":false,"potions_floor_spawned":[4,5,6],"killed_by":"Lagavulin","ascension_level":20}