{"path_per_floor":["M","?","M","M","M","R","?","M","T","E","M","M","?","M","R"],"character_chosen":"DEFECT","items_purchased":[],"gold_per_floor":[20,95,110,124,136,136,136,149,172,211,226,241,241,254,254,254],"floor_reached":16,"campfire_rested":1,"playtime":769,"current_hp_per_floor":[75,64,64,64,64,64,64,57,57,35,32,26,11,11,33,0],"items_purged":[],"gold":254,"score":106,"play_id":"c1d9be25-1ee4-495d-bd10-f9a2fcc36940","local_time":"20180503011652","is_prod":false,"is_daily":false,"chose_seed":false,"is_ascension_mode":false,"campfire_upgraded":1,"timestamp":1525324612,"path_taken":["M","?","M","?","M","R","?","M","T","E","M","?","?","M","R","BOSS"],"build_version":"2018-05-01v2","seed_source_timestamp":1495114441155160,"purchased_purges":0,"victory":false,"master_deck":["Strike_B","Strike_B+1","Strike_B","Strike_B+1","Defend_B","Defend_B","Defend_B","Defend_B","Zap","Dualcast","Multi-Cast","Chill","Chaos+1","Injury","Blaster","Capacitor","Flux Capacitor","Nova"],"max_hp_per_floor":[75,75,75,75,75,75,75,75,75,75,75,75,75,75,75,75],"relics":["Cracked Core","Golden Idol","Orichalcum","Bronze Scales"],"card_choices":[{"not_picked":["Fusion","Reboot"],"picked":"Multi-Cast","floor":0},{"not_picked":["Buffer","Ball Lightning"],"picked":"Chill","floor":3},{"not_picked":["Beam Cell","Rebound"],"picked":"Chaos","floor":4},{"not_picked":["Sweeping Beam","Double Energy"],"picked":"Blaster","floor":8},{"not_picked":["Buffer","Rebound"],"picked":"Capacitor","floor":10},{"not_picked":["Gash","Doom and Gloom"],"picked":"Flux Capacitor","floor":11},{"not_picked":["Undo","Recycle"],"picked":"Nova","floor":12}],"player_experience":122860,"potions_floor_usage":[5,8,10,12],"damage_taken":[{"damage":0,"enemies":"Jaw Worm","floor":1,"turns":3},{"damage":0,"enemies":"2 Louse","floor":3,"turns":3},{"damage":0,"enemies":"Cultist","floor":4,"turns":3},{"damage":0,"enemies":"Gremlin Gang","floor":5,"turns":5},{"damage":7,"enemies":"Blue Slaver","floor":8,"turns":5},{"damage":22,"enemies":"Lagavulin","floor":10,"turns":6},{"damage":3,"enemies":"Large Slime","floor":11,"turns":6},{"damage":6,"enemies":"Red Slaver","floor":12,"turns":2},{"damage":0,"enemies":"3 Louse","floor":14,"turns":3},{"damage":38,"enemies":"The Guardian","floor":16,"turns":5}],"event_choices":[{"event_name":"World of Goop","player_choice":"Gather Gold","floor":2,"damage_taken":0},{"event_name":"Golden Idol","player_choice":"Take Wound","floor":7,"damage_taken":0},{"event_name":"Shining Light","player_choice":"Entered Light","floor":13,"damage_taken":0}],"boss_relics":[],"potions_floor_spawned":[1,4,5,11,12],"seed_played":"8178532000351949318","killed_by":"The Guardian","ascension_level":0,"is_trial":false}