{"gold_per_floor":[118,135,135,148,166,166,193,211,211,245,262,293,293,347,347,451,451,471,471,218,218,233],"floor_reached":22,"playtime":525,"items_purged":["Immolate+1"],"score":319,"play_id":"84a4194a-79f9-48e6-a9c2-bae3c0c65a9d","local_time":"20181118134109","is_ascension_mode":true,"campfire_choices":[{"data":"Bash","floor":6.0,"key":"SMITH"},{"data":"True Grit","floor":15,"key":"SMITH"}],"neow_cost":"NONE","seed_source_timestamp":384670106231322,"circlet_count":0,"master_deck":["Strike_R","Strike_R","Strike_R","Strike_R","Strike_R","Defend_R","Defend_R","Defend_R","Defend_R","Bash+1","Perfected Strike","Perfected Strike","True Grit+1","Perfected Strike","Perfected Strike+1","Armaments+1","Shrug It Off+1","Ghostly+1","Ghostly+1","Ghostly+1","Ghostly+1","Ghostly+1"],"special_seed":0,"relics":["Burning Blood","NeowsBlessing","Smiling Mask","Toxic Egg 2","Molten Egg 2","Kunai","Happy Flower","Runic Dome","WingedGreaves","Toolbox"],"potions_floor_usage":[16],"damage_taken":[{"damage":0.0,"enemies":"Jaw Worm","floor":1.0,"turns":1.0},{"damage":0.0,"enemies":"Small Slimes","floor":2.0,"turns":2.0},{"damage":0.0,"enemies":"2 Louse","floor":4.0,"turns":1.0},{"damage":8.0,"enemies":"Exordium Wildlife","floor":5.0,"turns":4.0},{"damage":18.0,"enemies":"3 Sentries","floor":7.0,"turns":7.0},{"damage":10.0,"enemies":"Looter","floor":8.0,"turns":3.0},{"damage":30.0,"enemies":"Lagavulin","floor":10.0,"turns":6.0},{"damage":6.0,"enemies":"Lots of Slimes","floor":11.0,"turns":5.0},{"damage":12.0,"enemies":"3 Sentries","floor":12.0,"turns":7.0},{"damage":0,"enemies":"Slime Boss","floor":16,"turns":3},{"damage":0,"enemies":"Spheric Guardian","floor":18,"turns":3},{"damage":2,"enemies":"Shell Parasite","floor":22,"turns":4}],"seed_played":"5773167149478936914","potions_obtained":[{"floor":4.0,"key":"SteroidPotion"},{"floor":5.0,"key":"SkillPotion"},{"floor":8.0,"key":"Fire Potion"},{"floor":10.0,"key":"FearPotion"},{"floor":12.0,"key":"Block Potion"},{"floor":16,"key":"FearPotion"}],"is_trial":false,"path_per_floor":["M","M","M","?","M","M","R","E","M","T","E","M","E","?","T","R","B",null,"M","?","$","?","M"],"character_chosen":"IRONCLAD","items_purchased":["Toolbox"],"campfire_rested":0,"item_purchase_floors":[20],"current_hp_per_floor":[80,80,80,80,78,78,66,62,62,38,38,32,32,32,32,38,80,80,80,80,40,40],"gold":233,"neow_bonus":"THREE_ENEMY_KILL","is_prod":false,"is_daily":false,"chose_seed":false,"campfire_upgraded":2,"win_rate":0,"timestamp":1542573669,"path_taken":["M","M","?","M","M","R","E","M","T","E","M","E","?","?","R","BOSS","M","?","$","?","M"],"build_version":"2018-11-15","purchased_purges":1,"victory":false,"max_hp_per_floor":[80,80,80,80,80,80,80,80,80,80,80,80,80,80,80,80,80,80,80,80,40,40],"card_choices":[{"not_picked":["Pommel Strike","Whirlwind"],"picked":"Perfected Strike","floor":1.0},{"not_picked":["Havoc","Metallicize"],"picked":"Perfected Strike","floor":2.0},{"not_picked":["Fire Breathing","Burning Pact","Havoc"],"picked":"SKIP","floor":4.0},{"not_picked":["Warcry","Reckless Charge"],"picked":"True Grit","floor":5.0},{"not_picked":["Sentinel","Dark Embrace","Heavy Blade"],"picked":"SKIP","floor":7.0},{"not_picked":["Sentinel","Dark Embrace","Heavy Blade"],"picked":"SKIP","floor":7.0},{"not_picked":["Intimidate","Flex"],"picked":"Perfected Strike","floor":8.0},{"not_picked":["Fire Breathing","Shockwave+1"],"picked":"Perfected Strike","floor":10.0},{"not_picked":["Iron Wave+1","Burning Pact+1"],"picked":"Armaments+1","floor":11.0},{"not_picked":["Searing Blow+1","Warcry+1"],"picked":"Shrug It Off+1","floor":12.0},{"not_picked":["Feed+1","Bludgeon+1"],"picked":"Immolate+1","floor":16},{"not_picked":["Corruption","Uppercut+1","Feel No Pain"],"picked":"SKIP","floor":18}],"player_experience":641940,"relics_obtained":[{"floor":7.0,"key":"Smiling Mask"},{"floor":9.0,"key":"Toxic Egg 2"},{"floor":10.0,"key":"Molten Egg 2"},{"floor":12.0,"key":"Kunai"},{"floor":14,"key":"Happy Flower"}],"event_choices":[{"damage_healed":0.0,"max_hp_gain":0.0,"max_hp_loss":0.0,"gold_gain":0.0,"event_name":"The Cleric","player_choice":"Leave","floor":3.0,"gold_loss":0.0,"damage_taken":0.0},{"damage_healed":0,"gold_gain":0,"player_choice":"Fled","damage_taken":0,"max_hp_gain":0,"max_hp_loss":0,"event_name":"Scrap Ooze","floor":13,"gold_loss":0},{"damage_healed":0,"gold_gain":0,"player_choice":"Opened","damage_taken":0,"relics_obtained":["WingedGreaves"],"max_hp_gain":0,"max_hp_loss":0,"event_name":"The Mausoleum","floor":19,"gold_loss":0},{"damage_healed":0,"gold_gain":0,"player_choice":"Became a Ghost","damage_taken":0,"max_hp_gain":0,"max_hp_loss":40,"event_name":"Ghosts","floor":21,"gold_loss":0,"cards_obtained":["Ghostly","Ghostly","Ghostly","Ghostly","Ghostly"]}],"is_beta":false,"boss_relics":[{"not_picked":["Astrolabe","Calling Bell"],"picked":"Runic Dome"}],"items_purged_floors":[20],"is_endless":false,"potions_floor_spawned":[4,5,8,10,12,16,18,22],"killed_by":"Shell Parasite","ascension_level":1}