{"path_per_floor":["M","?","M","M","M","R","M","R","T","?","M","M","R","M","R","B",null,"M","?"],"character_chosen":"DEFECT","items_purchased":[],"gold_per_floor":[17,17,35,46,63,63,78,78,78,153,172,184,184,198,198,300,300,287,319,319],"floor_reached":20,"campfire_rested":2,"playtime":1028,"current_hp_per_floor":[75,75,72,67,59,59,52,74,74,63,58,46,68,63,63,40,75,63,3,0],"items_purged":[],"gold":319,"score":168,"play_id":"642add1a-405b-4542-92bb-3703c9b439c4","local_time":"20180501153032","is_prod":false,"is_daily":false,"chose_seed":false,"is_ascension_mode":false,"campfire_upgraded":2,"timestamp":1525203032,"path_taken":["M","?","M","M","?","R","M","R","T","?","M","M","R","M","R","BOSS","M","?","?"],"build_version":"2018-04-30","seed_source_timestamp":1373274753635587,"purchased_purges":0,"victory":false,"master_deck":["Strike_B","Strike_B","Defend_B","Defend_B","Defend_B","Zap","Dualcast","Chill","Hello World","Ball Lightning","Hello World","Chaos","Consume+1","Conserve Battery","Capacitor+1","Glacier","Beam Cell","Machine Learning","Impulse+1","Rebound+1"],"max_hp_per_floor":[75,75,75,75,75,75,75,75,75,75,75,75,75,75,75,75,75,75,75,75],"relics":["Cracked Core","Matryoshka","Eternal Feather","Red Mask"],"card_choices":[{"not_picked":["Consume","Cold Snap"],"picked":"Ball Lightning","floor":1},{"not_picked":["Chill","Streamline"],"picked":"Hello World","floor":3},{"not_picked":["Hologram","Aggregate"],"picked":"Chaos","floor":4},{"not_picked":["Blizzard","Hologram"],"picked":"Consume","floor":5},{"not_picked":["Rip and Tear","Impulse"],"picked":"Conserve Battery","floor":7},{"not_picked":["Rebound","Barrage"],"picked":"Capacitor","floor":11},{"not_picked":["Cold Snap","Blaster"],"picked":"Glacier","floor":12},{"not_picked":["Heatsinks","Axe Kick"],"picked":"Beam Cell","floor":14},{"not_picked":["Meteor Strike","Hyperbeam"],"picked":"Machine Learning","floor":16},{"not_picked":["Auto Shields","Capacitor"],"picked":"Impulse","floor":18},{"not_picked":["Turbo","Ball Lightning"],"picked":"Rebound","floor":19}],"player_experience":101587,"potions_floor_usage":[14,16,16,20],"damage_taken":[{"damage":0,"enemies":"Small Slimes","floor":1,"turns":3},{"damage":3,"enemies":"Cultist","floor":3,"turns":3},{"damage":5,"enemies":"2 Louse","floor":4,"turns":3},{"damage":8,"enemies":"2 Fungi Beasts","floor":5,"turns":4},{"damage":7,"enemies":"Large Slime","floor":7,"turns":5},{"damage":5,"enemies":"3 Louse","floor":11,"turns":3},{"damage":12,"enemies":"2 Fungi Beasts","floor":12,"turns":3},{"damage":5,"enemies":"Lots of Slimes","floor":14,"turns":5},{"damage":38,"enemies":"Hexaghost","floor":16,"turns":11},{"damage":12,"enemies":"2 Thieves","floor":18,"turns":5},{"damage":60,"enemies":"Masked Bandits","floor":19,"turns":5},{"damage":11,"enemies":"Chosen","floor":20,"turns":2}],"event_choices":[{"event_name":"Bonfire Elementals","player_choice":"BASIC","floor":2,"damage_taken":0},{"event_name":"World of Goop","player_choice":"Gather Gold","floor":10,"damage_taken":0},{"event_name":"Masked Bandits","player_choice":"Fought over 287 gold","floor":19,"damage_taken":0}],"boss_relics":[{"not_picked":["White Beast Statue","Philosopher\u0027s Stone"],"picked":"Eternal Feather"}],"potions_floor_spawned":[1,7,14,18],"seed_played":"-6811490378284922463","killed_by":"Chosen","ascension_level":0,"is_trial":false}