{"path_per_floor":["M","M","M","M","M","R","E","R","T","R","?","M","M","?","R","B",null,"M","?","M","?","M"],"character_chosen":"THE_SILENT","items_purchased":[],"gold_per_floor":[114,129,144,159,174,174,204,204,204,204,204,219,234,234,234,334,334,349,349,364,364,379,379],"floor_reached":23,"campfire_rested":3,"playtime":1127,"current_hp_per_floor":[59,49,49,39,36,57,41,62,62,62,50,41,29,29,65,47,70,70,70,64,64,24,0],"items_purged":[],"gold":379,"score":220,"play_id":"905914a3-6495-4129-9363-babb1168e1b9","local_time":"20180408144140","daily_mods":["Insanity","Elite Swarm","Vintage"],"is_prod":false,"is_daily":true,"is_ascension_mode":false,"campfire_upgraded":1,"timestamp":1523212900,"path_taken":["M","M","M","M","M","R","E","R","T","R","?","M","M","?","R","BOSS","M","?","?","?","M","E"],"build_version":"2018-04-05v2","purchased_purges":0,"victory":false,"master_deck":["Bouncing Flask","Backstab","Terror","Quick Slash","Corpse Explosion","Dash+1","Burst","Crippling Poison","Tactician","Neutralize","Wraith Form","Finisher","Dash+1","Wraith Form","Acrobatics","Reflex","Blade Dance","Accuracy","Skewer","Malaise","Night Terror","Bane","Adrenaline+1","Reflex","Bouncing Flask","Cloak And Dagger","Outmaneuver","Deadly Poison","Noxious Fumes","Dagger Spray","Night Terror","Unload","Noxious Fumes","Blade Dance","Poisoned Stab","Outmaneuver","Doppelganger","Flechettes","Accuracy","Accuracy","Poisoned Stab","Doppelganger","Bouncing Flask","Storm of Steel","Eviscerate","Setup","Noxious Fumes","A Thousand Cuts","Adrenaline"],"max_hp_per_floor":[70,70,70,70,70,70,70,70,70,70,70,70,70,70,70,70,70,70,70,70,70,70,70],"relics":["Ring of the Snake","Blue Candle","Snake Skull","Anchor","Darkstone Periapt","Ornamental Fan","Pantograph","The Courier","Mummified Hand","Frozen Egg 2","Regal Pillow","Bag of Marbles","Philosopher\u0027s Stone","Dodecahedron","Whetstone","Vajra"],"card_choices":[{"not_picked":["Phantasmal Killer","After Image"],"picked":"A Thousand Cuts","floor":7},{"not_picked":["Grand Finale","Die Die Die"],"picked":"Adrenaline","floor":16}],"player_experience":617809,"potions_floor_usage":[16,18],"damage_taken":[{"damage":11,"enemies":"Jaw Worm","floor":1,"turns":2},{"damage":10,"enemies":"Small Slimes","floor":2,"turns":2},{"damage":0,"enemies":"Cultist","floor":3,"turns":2},{"damage":10,"enemies":"Looter","floor":4,"turns":3},{"damage":3,"enemies":"2 Fungi Beasts","floor":5,"turns":3},{"damage":16,"enemies":"Gremlin Nob","floor":7,"turns":4},{"damage":9,"enemies":"Exordium Wildlife","floor":12,"turns":3},{"damage":12,"enemies":"Blue Slaver","floor":13,"turns":4},{"damage":23,"enemies":"The Guardian","floor":16,"turns":6},{"damage":0,"enemies":"Spheric Guardian","floor":18,"turns":2},{"damage":6,"enemies":"3 Byrds","floor":20,"turns":5},{"damage":40,"enemies":"Centurion and Healer","floor":22,"turns":5},{"damage":26,"enemies":"Slavers","floor":23,"turns":3}],"event_choices":[{"event_name":"Scrap Ooze","player_choice":"success","floor":11,"damage_taken":12},{"event_name":"Purifier","player_choice":"One Purge","floor":14,"damage_taken":0},{"event_name":"Back to Basics","player_choice":"Elegance","floor":19,"damage_taken":0},{"event_name":"Purifier","player_choice":"One Purge","floor":21,"damage_taken":0}],"boss_relics":[{"not_picked":["Astrolabe","Velvet Choker"],"picked":"Philosopher\u0027s Stone"}],"potions_floor_spawned":[2,3,5,20],"seed_played":"751993229486629799","killed_by":"Slavers","ascension_level":0,"is_trial":false}