{"gold_per_floor":[144,144,144,144,193,291,291,340,365,14,14,63,112,210,210,210],"floor_reached":16,"playtime":957,"items_purged":[],"score":160,"play_id":"37489fac-35fb-4943-b095-97e5c492f585","local_time":"20180709035727","daily_mods":["Brewmaster","Cursed Run","Midas"],"is_ascension_mode":false,"campfire_choices":[{"floor":7,"key":"REST"},{"floor":15,"key":"REST"}],"neow_cost":"","seed_source_timestamp":0,"circlet_count":0,"master_deck":["Defend_G","Defend_G","Defend_G","Defend_G","Defend_G","Strike_G","Strike_G","Strike_G","Strike_G","Strike_G","Survivor","Neutralize","Venomology","Venomology","Venomology","Venomology","Venomology","Leg Sweep","Regret","Injury","Underhanded Strike","Concentrate","Flying Knee","Doubt","Bullet Time","Flying Knee","Burst"],"special_seed":17721,"relics":["Cursed Key","Darkstone Periapt","Du-Vu Doll","White Beast Statue","Ancient Tea Set","Golden Idol","Ice Cream","Singing Bowl","TwistedFunnel","Odd Mushroom","Regal Pillow"],"potions_floor_usage":[1,5,5,5,6,6,6,6,6,6,6,6,6,6,8,11,11,11,11,12,12,12,12,13,13,13,14,14,14,14,16,16,16,16,16,16],"damage_taken":[{"damage":0,"enemies":"Small Slimes","floor":1,"turns":5},{"damage":0,"enemies":"Jaw Worm","floor":5,"turns":4},{"damage":10,"enemies":"3 Sentries","floor":6,"turns":9},{"damage":0,"enemies":"2 Louse","floor":8,"turns":2},{"damage":8,"floor":11,"turns":5},{"damage":2,"enemies":"Large Slime","floor":12,"turns":4},{"damage":0,"enemies":"Exordium Thugs","floor":13,"turns":2},{"damage":27,"enemies":"Gremlin Nob","floor":14,"turns":4},{"damage":92,"enemies":"Hexaghost","floor":16,"turns":14}],"seed_played":"2365577451791200373","potions_obtained":[{"floor":1,"key":"PowerPotion"},{"floor":6,"key":"FearPotion"},{"floor":8,"key":"Block Potion"},{"floor":12,"key":"Block Potion"},{"floor":13,"key":"SkillPotion"},{"floor":14,"key":"FearPotion"}],"is_trial":false,"path_per_floor":["M","?","?","?","M","E","R","M","T","$","?","M","M","E","R"],"character_chosen":"THE_SILENT","items_purchased":["TwistedFunnel","Bullet Time"],"campfire_rested":2,"item_purchase_floors":[10,10],"current_hp_per_floor":[70,76,82,82,82,81,82,82,88,88,82,82,82,55,92,0],"gold":210,"neow_bonus":"","is_prod":false,"is_daily":true,"chose_seed":false,"campfire_upgraded":0,"win_rate":0,"timestamp":1531123047,"path_taken":["M","?","?","?","?","E","R","?","T","$","?","?","M","E","R","BOSS"],"build_version":"2018-07-05","purchased_purges":0,"victory":false,"max_hp_per_floor":[70,76,82,82,82,82,82,82,88,88,90,92,92,92,92,92],"card_choices":[{"not_picked":["Dagger Spray","Flying Knee"],"picked":"Leg Sweep","floor":1},{"not_picked":["Flechettes","Dagger Spray"],"picked":"Underhanded Strike","floor":5},{"not_picked":["Blur","Deflect"],"picked":"Concentrate","floor":6},{"not_picked":["Bane","Backflip"],"picked":"Flying Knee","floor":8},{"not_picked":["Dodge and Roll","Terror","Slice"],"picked":"Singing Bowl","floor":11},{"not_picked":["Cloak And Dagger","Backflip","Accuracy"],"picked":"Singing Bowl","floor":12},{"not_picked":["Quick Slash","Backflip"],"picked":"Flying Knee","floor":13},{"not_picked":["All Out Attack","Prepared"],"picked":"Burst","floor":14}],"player_experience":390513,"relics_obtained":[{"floor":6,"key":"Ice Cream"},{"floor":9,"key":"Singing Bowl"},{"floor":11,"key":"Odd Mushroom"},{"floor":14,"key":"Regal Pillow"}],"event_choices":[{"event_name":"Big Fish","player_choice":"Box","floor":2,"damage_taken":0},{"event_name":"Golden Idol","player_choice":"Take Wound","floor":3,"damage_taken":0},{"event_name":"Golden Wing","player_choice":"Ignored","floor":4,"damage_taken":0},{"event_name":"Mushrooms","player_choice":"Fought Mushrooms","floor":11,"damage_taken":0}],"boss_relics":[],"items_purged_floors":[],"is_endless":false,"potions_floor_spawned":[1,5,6,8,11,12,13,14],"killed_by":"Hexaghost","ascension_level":0}