{"path_per_floor":["M","?","M","?","M","R","$","E","T","R","T","R","?","M","R","B",null,"M","M","$","?","$","R","E","R","T"],"character_chosen":"IRONCLAD","items_purchased":["Panache","Mummified Hand","Spot Weakness","Flame Barrier"],"gold_per_floor":[117,192,205,205,219,219,35,73,73,73,99,99,162,183,183,313,313,336,356,40,40,4,4,65,65,91],"floor_reached":27,"campfire_rested":0,"playtime":930,"current_hp_per_floor":[76,65,71,71,75,75,75,69,69,69,69,69,69,66,66,23,80,80,80,80,80,80,80,56,56,56],"items_purged":[],"gold":91,"score":227,"play_id":"39d70a3c-d01d-4db2-beea-b247e8590460","local_time":"20180304061052","is_prod":false,"is_daily":false,"is_ascension_mode":false,"campfire_upgraded":6,"timestamp":1520161852,"path_taken":["M","?","M","?","?","R","$","E","T","R","?","R","?","M","R","BOSS","M","M","$","?","$","R","E","R","T","E"],"build_version":"2018-03-01-PROD1","purchased_purges":0,"victory":false,"master_deck":["Strike_R","Strike_R","Strike_R","Strike_R","Strike_R","Defend_R","Defend_R","Defend_R","Defend_R","Bash","Clumsy","Power Through+1","Inflame+1","Injury","Carnage+1","Panache+1","Burning Pact","Anger","Brutality+1","Anger","Burning Pact","Whirlwind","Limit Break+1","Ghostly Armor","Heavy Blade","Pommel Strike+1","Spot Weakness","Impervious","Flame Barrier","Fire Breathing+1"],"max_hp_per_floor":[80,80,80,80,80,80,80,80,80,80,80,80,80,80,80,80,80,80,80,80,80,80,80,80,80,80],"relics":["Burning Blood","Ginger","Golden Idol","Regal Pillow","Unceasing Top","Juzu Bracelet","Orrery","Mummified Hand","Tiny Chest","Bag of Marbles"],"card_choices":[{"not_picked":["Rampage","Warcry"],"picked":"Power Through"},{"not_picked":["Warcry","Blood for Blood"],"picked":"Inflame"},{"not_picked":["Perfected Strike","Dual Wield"],"picked":"Carnage"},{"not_picked":["Cleave","Warcry"],"picked":"Burning Pact"},{"not_picked":["Feel No Pain","Armaments"],"picked":"Anger"},{"not_picked":["Dark Embrace","Exhume"],"picked":"Brutality"},{"not_picked":["Rupture","Iron Wave"],"picked":"Anger"},{"not_picked":["Rupture","Body Slam"],"picked":"Burning Pact"},{"not_picked":["Perfected Strike","Anger"],"picked":"Whirlwind"},{"not_picked":["Clothesline","Armaments"],"picked":"Limit Break"},{"not_picked":["Evolve","Flex"],"picked":"Ghostly Armor"},{"not_picked":["Feel No Pain","Armaments"],"picked":"Heavy Blade"},{"not_picked":["Armaments","True Grit"],"picked":"Pommel Strike"},{"not_picked":["Anger","Clash"],"picked":"Fire Breathing"}],"player_experience":235919,"potions_floor_usage":[8,16,18,24,27],"damage_taken":[{"damage":10,"enemies":"Jaw Worm","floor":1,"turns":4},{"damage":0,"enemies":"Small Slimes","floor":3,"turns":3},{"damage":2,"enemies":"2 Louse","floor":5,"turns":3},{"damage":23,"enemies":"Gremlin Nob","floor":8,"turns":5},{"damage":9,"enemies":"Blue Slaver","floor":14,"turns":3},{"damage":49,"enemies":"Hexaghost","floor":16,"turns":10},{"damage":3,"enemies":"Chosen","floor":18,"turns":4},{"damage":6,"enemies":"3 Byrds","floor":19,"turns":4},{"damage":30,"enemies":"Book of Stabbing","floor":24,"turns":5},{"damage":69,"enemies":"Slavers","floor":27,"turns":3}],"event_choices":[{"event_name":"World of Goop","player_choice":"Gather Gold","floor":2,"damage_taken":0},{"event_name":"Golden Idol","player_choice":"Take Wound","floor":4,"damage_taken":0},{"event_name":"Golden Wing","player_choice":"Gained Gold","floor":13,"damage_taken":0},{"event_name":"The Library","player_choice":"Read","floor":21,"damage_taken":0}],"boss_relics":[{"not_picked":["Ectoplasm","Pandora\u0027s Box"],"picked":"Orrery"}],"potions_floor_spawned":[1,3,16,19,24],"seed_played":"7941203513776434256","killed_by":"Slavers","ascension_level":0,"is_trial":false}