{"path_per_floor":["M","M","?","M","?","R","?","R","T","M","E","M","?","M","R","B",null,"M","?","M","$","M","R"],"character_chosen":"DEFECT","items_purchased":["Panache","Frozen Egg 2","Aggregate"],"gold_per_floor":[114,128,128,144,319,319,319,319,343,361,391,404,404,418,418,521,521,540,540,558,21,32,32,32],"floor_reached":24,"campfire_rested":2,"playtime":1162,"current_hp_per_floor":[68,68,68,62,62,62,62,62,62,53,30,26,26,13,37,12,82,64,64,42,42,8,32,0],"items_purged":[],"gold":32,"score":198,"play_id":"06c53360-e810-4249-9313-2e14d835121a","local_time":"20180507005214","is_prod":false,"is_daily":false,"chose_seed":false,"is_ascension_mode":false,"campfire_upgraded":2,"timestamp":1525668734,"path_taken":["M","M","?","M","?","R","?","R","T","?","E","?","?","M","R","BOSS","M","?","?","$","M","R","M"],"build_version":"2018-05-03","seed_source_timestamp":1838825673162720,"purchased_purges":0,"victory":false,"master_deck":["Strike_B","Strike_B","Strike_B","Strike_B","Defend_B","Defend_B","Defend_B","Defend_B","Zap+1","Dualcast","Amplify","Darkness+1","Consume+1","Doubt","Doom and Gloom","Machine Learning","White Noise+1","Melter","Panache","Aggregate","Heatsinks+1"],"max_hp_per_floor":[68,68,68,68,68,68,68,68,68,68,82,82,82,82,82,82,82,82,82,82,82,82,82,82],"relics":["Cracked Core","Anchor","Mango","Black Star","Frozen Egg 2"],"card_choices":[{"not_picked":["Fission","Redo"],"picked":"Amplify","floor":0},{"not_picked":["Scrape","Doom and Gloom"],"picked":"Darkness","floor":1},{"not_picked":["Stack","Skim"],"picked":"Consume","floor":2},{"not_picked":["Go for the Eyes","Ball Lightning"],"picked":"Doom and Gloom","floor":14},{"not_picked":["Fusion","Reboot"],"picked":"Machine Learning","floor":16},{"not_picked":["Stack","Go for the Eyes"],"picked":"White Noise","floor":18},{"not_picked":["Coolheaded","Impulse"],"picked":"Melter","floor":20},{"not_picked":["Impulse","Capacitor"],"picked":"Heatsinks","floor":22}],"player_experience":164156,"potions_floor_usage":[2,4,10,11,18],"damage_taken":[{"damage":0,"enemies":"Small Slimes","floor":1,"turns":4},{"damage":0,"enemies":"2 Louse","floor":2,"turns":1},{"damage":6,"enemies":"Jaw Worm","floor":4,"turns":3},{"damage":9,"enemies":"Exordium Wildlife","floor":10,"turns":4},{"damage":37,"enemies":"Gremlin Nob","floor":11,"turns":4},{"damage":4,"enemies":"2 Fungi Beasts","floor":12,"turns":4},{"damage":13,"enemies":"Large Slime","floor":14,"turns":6},{"damage":25,"enemies":"Slime Boss","floor":16,"turns":7},{"damage":18,"enemies":"3 Byrds","floor":18,"turns":4},{"damage":22,"enemies":"Spheric Guardian","floor":20,"turns":4},{"damage":34,"enemies":"Snecko","floor":22,"turns":6},{"damage":35,"enemies":"Centurion and Healer","floor":24,"turns":4}],"event_choices":[{"event_name":"Golden Wing","player_choice":"Ignored","floor":3,"damage_taken":0},{"event_name":"Liars Game","player_choice":"agreed","floor":5,"damage_taken":0},{"event_name":"Upgrade Shrine","player_choice":"Upgraded","floor":7,"damage_taken":0},{"event_name":"Shining Light","player_choice":"Ignored","floor":13,"damage_taken":0},{"event_name":"Ghosts","player_choice":"Ignored","floor":19,"damage_taken":0}],"boss_relics":[{"not_picked":["Runic Pyramid","Velvet Choker"],"picked":"Black Star"}],"potions_floor_spawned":[1,2,4,10,16,22],"seed_played":"7547004929244678805","killed_by":"Centurion and Healer","ascension_level":0,"is_trial":false}