{"path_per_floor":["M","?","?","M","?","E","M","M","T","M","$","R","M","M","R","B",null,"M","M","?","?","M","R","?","R","T","R","?","$","M","M","R"],"character_chosen":"DEFECT","items_purchased":["Mind Blast","Doom and Gloom"],"gold_per_floor":[119,119,119,131,131,165,176,196,196,210,38,38,50,69,69,171,171,184,203,118,118,137,137,97,97,97,97,97,22,37,47,47,47],"floor_reached":33,"campfire_rested":5,"playtime":1298,"current_hp_per_floor":[69,69,62,58,58,56,56,53,53,53,53,77,77,65,65,52,82,52,24,24,8,2,26,26,50,50,74,74,74,45,37,61,0],"items_purged":["Strike_B"],"gold":47,"score":249,"play_id":"fd921525-71e2-4b13-81f9-3d5dfce2a692","local_time":"20180430040705","is_prod":false,"is_daily":false,"chose_seed":false,"is_ascension_mode":false,"campfire_upgraded":1,"timestamp":1525075625,"path_taken":["M","?","?","?","?","E","?","M","T","?","$","R","M","M","R","BOSS","M","M","?","?","M","R","?","R","T","R","?","?","?","M","R","BOSS"],"build_version":"2018-04-27v3","seed_source_timestamp":1245597612358973,"purchased_purges":1,"victory":false,"master_deck":["Strike_B","Strike_B","Defend_B","Defend_B","Defend_B","Zap","Dualcast","Redo+1","Genetic Algorithm","Sunder","Doom and Gloom","Go for the Eyes","Coolheaded","Mind Blast","Doom and Gloom","Echo Form+1","Loop","Creative AI","Stack","Beam Cell+1","Beam Cell+1","Cold Snap+1","Recycle"],"max_hp_per_floor":[75,75,75,75,75,82,82,82,82,82,82,82,82,82,82,82,82,82,82,82,82,82,82,82,82,82,82,82,82,82,82,82,82],"relics":["Cracked Core","Strawberry","Vajra","Runic Pyramid","Gremlin Horn","Enchiridion","Letter Opener"],"card_choices":[{"not_picked":["Gash","Cold Snap"],"picked":"Genetic Algorithm","floor":1},{"not_picked":["Turbo","Rebound"],"picked":"Sunder","floor":4},{"not_picked":["Streamline","Glacier"],"picked":"Doom and Gloom","floor":6},{"not_picked":["Doom and Gloom","Leap"],"picked":"Go for the Eyes","floor":7},{"not_picked":["Turbo","Conserve Battery"],"picked":"Coolheaded","floor":10},{"not_picked":["Darkness","Impulse"],"picked":"Echo Form","floor":13},{"not_picked":["Blizzard","Go for the Eyes"],"picked":"Loop","floor":14},{"not_picked":["Reboot","Meteor Strike"],"picked":"Creative AI","floor":16},{"not_picked":["Impulse","Go for the Eyes"],"picked":"Stack","floor":18},{"not_picked":["Gash","Barrage"],"picked":"Beam Cell","floor":19},{"not_picked":["Rebound","Sweeping Beam"],"picked":"Beam Cell","floor":22},{"not_picked":["Rebound","Go for the Eyes"],"picked":"Cold Snap","floor":30},{"not_picked":["Undo","Blizzard"],"picked":"Recycle","floor":31}],"player_experience":74867,"potions_floor_usage":[6,6,13,19,30,30,31],"damage_taken":[{"damage":6,"enemies":"Small Slimes","floor":1,"turns":3},{"damage":4,"enemies":"Cultist","floor":4,"turns":4},{"damage":9,"enemies":"3 Sentries","floor":6,"turns":6},{"damage":0,"enemies":"2 Louse","floor":7,"turns":3},{"damage":3,"enemies":"Looter","floor":8,"turns":3},{"damage":0,"enemies":"Exordium Wildlife","floor":10,"turns":2},{"damage":0,"enemies":"Exordium Thugs","floor":13,"turns":4},{"damage":12,"enemies":"Blue Slaver","floor":14,"turns":2},{"damage":13,"enemies":"Slime Boss","floor":16,"turns":6},{"damage":30,"enemies":"Shell Parasite","floor":18,"turns":7},{"damage":36,"enemies":"Spheric Guardian","floor":19,"turns":7},{"damage":6,"enemies":"Snecko","floor":22,"turns":6},{"damage":29,"enemies":"Slaver and Parasite","floor":30,"turns":4},{"damage":8,"enemies":"Snake Plant","floor":31,"turns":4},{"damage":64,"enemies":"Automaton","floor":33,"turns":8}],"event_choices":[{"event_name":"Wheel of Change","player_choice":"Card Removal","floor":2,"damage_taken":0},{"event_name":"Golden Wing","player_choice":"Card Removal","floor":3,"damage_taken":0},{"event_name":"Living Wall","player_choice":"Grow","floor":5,"damage_taken":0},{"event_name":"Addict","player_choice":"Obtained Relic","floor":20,"damage_taken":0},{"event_name":"Cursed Tome","player_choice":"Obtained Book","floor":21,"damage_taken":0},{"event_name":"The Woman in Blue","player_choice":"Bought 3 Potions","floor":24,"damage_taken":0},{"event_name":"Drug Dealer","player_choice":"Ignored","floor":28,"damage_taken":0}],"boss_relics":[{"not_picked":["Black Star","Eternal Feather"],"picked":"Runic Pyramid"}],"potions_floor_spawned":[1,4,10,18],"seed_played":"1644500162777127607","killed_by":"Automaton","ascension_level":0,"is_trial":false}