{"path_per_floor":["M","M","?","?","?","R","M","E","T","E","$","R","E","$","R","B",null,"M","?","M","M","M","R","E","R","T","R","?","?","$","M","R","B",null,"M","M","?","M","$","R","?","M","T","M","M","?","?"],"character_chosen":"IRONCLAD","items_purchased":["Anger","Reckless Charge","Rampage","Singing Bowl","Whetstone"],"gold_per_floor":[113,130,80,80,80,80,97,132,132,167,40,40,73,38,38,138,138,154,79,97,107,126,126,154,154,207,207,207,207,71,90,90,194,194,210,222,322,332,32,32,32,50,76,90,100,100,154,154],"floor_reached":48,"campfire_rested":4,"playtime":2791,"current_hp_per_floor":[80,74,74,74,74,74,77,80,80,64,64,64,41,41,65,29,80,64,64,48,50,50,74,49,73,73,73,73,73,73,78,78,11,80,80,64,64,55,55,79,79,61,61,69,62,62,12,0],"items_purged":["Defend_R","Strike_R"],"gold":154,"score":515,"play_id":"56d0e320-9aa0-450d-aded-7753ce4c0928","local_time":"20180327142526","is_prod":false,"is_daily":false,"is_ascension_mode":true,"campfire_upgraded":1,"timestamp":1522175126,"path_taken":["M","M","?","?","?","R","M","E","T","E","$","R","E","?","R","BOSS","M","?","M","M","M","R","E","R","T","R","?","?","$","M","R","BOSS","M","M","?","M","$","R","?","M","T","M","M","?","?","?"],"build_version":"2018-03-22v2","purchased_purges":2,"victory":false,"master_deck":["Strike_R","Bash+1","Brutality+1","Rage","Fire Breathing+1","Clash","Ghostly Armor","Anger","Intimidate","Reckless Charge","Juggernaut","Sever Soul","Clash+1","Anger","Infernal Blade","Inflame+1","Whirlwind","Fire Breathing+1","Rampage","Juggernaut","Sever Soul","Seeing Red+1","Rupture","Whirlwind"],"max_hp_per_floor":[80,80,80,80,80,80,80,80,80,80,80,80,80,80,80,80,80,80,80,80,80,80,80,80,80,80,80,80,80,80,80,80,80,80,80,80,80,80,80,80,80,80,80,82,82,82,84,84],"relics":["Burning Blood","Lantern","Girya","Toolbox","Ice Cream","Runic Cube","Ornamental Fan","Pen Nib","Sozu","Singing Bowl","Whetstone","Vajra","Du-Vu Doll"],"card_choices":[{"not_picked":["Iron Wave","Searing Blow"],"picked":"Fire Breathing","floor":1},{"not_picked":["Havoc","Clothesline"],"picked":"Clash","floor":7},{"not_picked":["Bloodletting","Flex"],"picked":"Ghostly Armor","floor":10},{"not_picked":["Wild Strike","Flame Barrier"],"picked":"Intimidate","floor":13},{"not_picked":["Bludgeon","Barricade"],"picked":"Juggernaut","floor":16},{"not_picked":["Perfected Strike","Flex"],"picked":"Sever Soul","floor":18},{"not_picked":["Pommel Strike","Sword Boomerang"],"picked":"Clash","floor":20},{"not_picked":["Headbutt","Intimidate"],"picked":"Anger","floor":21},{"not_picked":["Cleave","Pommel Strike"],"picked":"Infernal Blade","floor":22},{"not_picked":["Cleave","Impervious"],"picked":"Inflame","floor":24},{"not_picked":["Bludgeon","Fiend Fire"],"picked":"Juggernaut","floor":33},{"not_picked":["Pommel Strike","Dual Wield"],"picked":"Sever Soul","floor":35},{"not_picked":["Havoc","Entrench"],"picked":"Seeing Red","floor":36},{"not_picked":["Wild Strike","Infernal Blade"],"picked":"Rupture","floor":42},{"not_picked":["Pommel Strike","Headbutt"],"picked":"Whirlwind","floor":45}],"player_experience":519761,"potions_floor_usage":[8,8,18,21,24,35],"damage_taken":[{"damage":4,"enemies":"Cultist","floor":1,"turns":4},{"damage":12,"enemies":"2 Louse","floor":2,"turns":3},{"damage":3,"enemies":"Small Slimes","floor":7,"turns":3},{"damage":5,"enemies":"Gremlin Nob","floor":8,"turns":4},{"damage":22,"enemies":"3 Sentries","floor":10,"turns":7},{"damage":29,"enemies":"Lagavulin","floor":13,"turns":4},{"damage":42,"enemies":"The Guardian","floor":16,"turns":6},{"damage":22,"enemies":"3 Byrds","floor":18,"turns":3},{"damage":22,"enemies":"Shell Parasite","floor":20,"turns":3},{"damage":10,"enemies":"Centurion and Healer","floor":21,"turns":3},{"damage":6,"enemies":"Cultist and Chosen","floor":22,"turns":4},{"damage":40,"enemies":"Gremlin Leader","floor":24,"turns":4},{"damage":1,"enemies":"Snake Plant","floor":31,"turns":2},{"damage":73,"enemies":"Champ","floor":33,"turns":7},{"damage":2,"enemies":"Orb Walker","floor":35,"turns":2},{"damage":22,"enemies":"3 Darklings","floor":36,"turns":3},{"damage":15,"enemies":"4 Shapes","floor":38,"turns":4},{"damage":24,"enemies":"Maw","floor":42,"turns":5},{"damage":0,"enemies":"3 Darklings","floor":44,"turns":1},{"damage":13,"enemies":"Sphere and 2 Shapes","floor":45,"turns":3},{"damage":58,"enemies":"Mysterious Sphere","floor":47,"turns":4},{"damage":19,"enemies":"4 Shapes","floor":48,"turns":4}],"event_choices":[{"event_name":"The Cleric","player_choice":"Card Removal","floor":3,"damage_taken":0},{"event_name":"Bonfire Elementals","player_choice":"BASIC","floor":4,"damage_taken":0},{"event_name":"Upgrade Shrine","player_choice":"Upgraded","floor":5,"damage_taken":0},{"event_name":"Beggar","player_choice":"Gave Gold","floor":19,"damage_taken":0},{"event_name":"The Library","player_choice":"Read","floor":28,"damage_taken":0},{"event_name":"Duplicator","player_choice":"One dupe","floor":29,"damage_taken":0},{"event_name":"Golden Shrine","player_choice":"Pray","floor":37,"damage_taken":0},{"event_name":"Purifier","player_choice":"One Purge","floor":41,"damage_taken":0},{"event_name":"Wheel of Change","player_choice":"Card Removal","floor":46,"damage_taken":0},{"event_name":"Mysterious Sphere","player_choice":"Fight","floor":47,"damage_taken":0}],"boss_relics":[{"not_picked":["White Beast Statue","Ectoplasm"],"picked":"Runic Cube"},{"not_picked":["Pandora\u0027s Box","Runic Dome"],"picked":"Sozu"}],"potions_floor_spawned":[1,7,16,20,22,33,35,36,45],"seed_played":"-6756768898838885733","killed_by":"4 Shapes","ascension_level":2,"is_trial":false}