{"gold_per_floor":[109,184,201,219,9,36,36,1,24,55,69,44,44,55,55,150,150,162,162,162,173,185,185],"floor_reached":23,"playtime":924,"items_purged":[],"score":271,"play_id":"eb7d88ac-0a51-4c20-ad01-99236b82f7a0","local_time":"20190610191334","is_ascension_mode":true,"campfire_choices":[{"data":"Fire Breathing","floor":7,"key":"SMITH"},{"data":"Perfected Strike","floor":15,"key":"SMITH"}],"neow_cost":"NONE","seed_source_timestamp":1733080381893500,"circlet_count":0,"master_deck":["Strike_R","Strike_R","Strike_R","Strike_R","Defend_R","Defend_R","Defend_R","Defend_R","Bash","Fire Breathing+1","Twin Strike","Clash","Infernal Blade","Battle Trance","Perfected Strike+1","Twin Strike","Thunderclap","Madness","Iron Wave","RitualDagger","Dropkick","Twin Strike"],"relics":["Burning Blood","HandDrill","Boot","Bag of Preparation","Black Star"],"potions_floor_usage":[6,6,16,22],"damage_taken":[{"damage":3,"enemies":"Small Slimes","floor":1,"turns":5},{"damage":2,"enemies":"Jaw Worm","floor":3,"turns":4},{"damage":1,"enemies":"Cultist","floor":4,"turns":4},{"damage":24,"enemies":"3 Sentries","floor":6,"turns":6},{"damage":20,"enemies":"Lagavulin","floor":10,"turns":4},{"damage":9,"enemies":"3 Louse","floor":11,"turns":3},{"damage":0,"enemies":"Large Slime","floor":14,"turns":4},{"damage":23,"enemies":"Slime Boss","floor":16,"turns":9},{"damage":11,"enemies":"Spheric Guardian","floor":18,"turns":3},{"damage":16,"enemies":"Shell Parasite","floor":21,"turns":3},{"damage":41,"enemies":"Centurion and Healer","floor":22,"turns":5},{"damage":46,"enemies":"Book of Stabbing","floor":23,"turns":4}],"seed_played":"951429281114647143","potions_obtained":[{"floor":3,"key":"GamblersBrew"},{"floor":4,"key":"Ancient Potion"},{"floor":14,"key":"SpeedPotion"},{"floor":21,"key":"SpeedPotion"}],"is_trial":false,"path_per_floor":["M","?","M","M","$","E","R","?","T","E","M","$","?","M","R","B",null,"M","?","?","M","M","E"],"character_chosen":"IRONCLAD","items_purchased":["HandDrill","Thunderclap"],"campfire_rested":0,"item_purchase_floors":[5,12],"current_hp_per_floor":[75,64,68,73,73,55,55,75,75,61,58,58,58,64,64,47,72,67,61,90,80,45,0],"gold":185,"neow_bonus":"TRANSFORM_CARD","is_prod":false,"is_daily":false,"chose_seed":false,"campfire_upgraded":2,"win_rate":0,"timestamp":1560208414,"path_taken":["M","?","M","M","$","E","R","?","T","E","M","$","?","?","R","BOSS","M","?","?","?","M","E"],"build_version":"2019-06-07","purchased_purges":0,"victory":false,"max_hp_per_floor":[80,80,80,80,80,80,80,80,80,80,80,80,80,80,80,80,80,80,80,90,90,90,90],"card_choices":[{"not_picked":["Clothesline","Entrench"],"picked":"Twin Strike","floor":1},{"not_picked":["Body Slam","Armaments"],"picked":"Clash","floor":3},{"not_picked":["Perfected Strike","Headbutt"],"picked":"Infernal Blade","floor":4},{"not_picked":["Reckless Charge","Perfected Strike"],"picked":"Battle Trance","floor":6},{"not_picked":["Pommel Strike","Evolve"],"picked":"Perfected Strike","floor":10},{"not_picked":["Armaments","Wild Strike"],"picked":"Twin Strike","floor":11},{"not_picked":["Feel No Pain","True Grit","Shrug It Off"],"picked":"SKIP","floor":14},{"not_picked":["Reaper","Exhume"],"picked":"Feed","floor":16},{"not_picked":["Flex","Inflame"],"picked":"Iron Wave","floor":18},{"not_picked":["Warcry","Havoc+1"],"picked":"Dropkick","floor":21},{"not_picked":["Evolve","Reckless Charge"],"picked":"Twin Strike","floor":22}],"player_experience":1026205,"relics_obtained":[{"floor":6,"key":"Boot"},{"floor":10,"key":"Bag of Preparation"}],"event_choices":[{"damage_healed":0,"gold_gain":75,"player_choice":"Gather Gold","damage_taken":11,"max_hp_gain":0,"max_hp_loss":0,"event_name":"World of Goop","floor":2,"gold_loss":0},{"damage_healed":20,"gold_gain":0,"player_choice":"Healed","damage_taken":0,"max_hp_gain":0,"max_hp_loss":0,"event_name":"The Cleric","floor":8,"gold_loss":35},{"damage_healed":0,"gold_gain":0,"player_choice":"1 cards matched","damage_taken":0,"max_hp_gain":0,"max_hp_loss":0,"event_name":"Match and Keep!","floor":13,"gold_loss":0,"cards_obtained":["Madness"]},{"damage_healed":0,"gold_gain":0,"player_choice":"Joined the Cult","damage_taken":6,"max_hp_gain":0,"max_hp_loss":0,"event_name":"Nest","floor":19,"gold_loss":0,"cards_obtained":["RitualDagger"]},{"cards_removed":["Feed"],"damage_healed":19,"gold_gain":0,"player_choice":"Offered Rare","damage_taken":0,"max_hp_gain":10,"max_hp_loss":0,"event_name":"Bonfire Elementals","floor":20,"gold_loss":0}],"is_beta":true,"boss_relics":[{"not_picked":["Tiny House","Runic Dome"],"picked":"Black Star"}],"items_purged_floors":[],"is_endless":false,"potions_floor_spawned":[3,4,14,21],"killed_by":"Book of Stabbing","ascension_level":7}