{"gold_per_floor":[114,114,46,65,77,77,103,103,128,35,48,59,77,29,29,29],"floor_reached":16,"playtime":674,"items_purged":[],"score":117,"play_id":"b23a5512-17a3-471e-9dc4-372e3b428fc8","local_time":"20180712151131","is_ascension_mode":true,"campfire_choices":[{"floor":6,"key":"REST"},{"floor":8,"key":"REST"},{"floor":15,"key":"REST"}],"neow_cost":"FIFTY_PERCENT_DAMAGE","seed_source_timestamp":301513369396948,"circlet_count":0,"master_deck":["Strike_R","Strike_R","Strike_R","Strike_R","Strike_R","Defend_R","Bash","Shrug It Off","Twin Strike","Flame Barrier","Rupture","Combust","Corruption","Shrug It Off","Reckless Charge","Flash of Steel","Uppercut","Infernal Blade","Power Through","Perfected Strike"],"relics":["Burning Blood","Centennial Puzzle","Bronze Scales"],"potions_floor_usage":[5,7,13],"damage_taken":[{"damage":0,"enemies":"Jaw Worm","floor":1,"turns":3},{"damage":2,"enemies":"Cultist","floor":4,"turns":4},{"damage":9,"enemies":"2 Louse","floor":5,"turns":3},{"damage":46,"enemies":"Gremlin Nob","floor":7,"turns":6},{"damage":13,"enemies":"Lots of Slimes","floor":11,"turns":2},{"damage":25,"enemies":"Gremlin Gang","floor":12,"turns":4},{"damage":23,"enemies":"Exordium Thugs","floor":13,"turns":4},{"damage":36,"enemies":"The Guardian","floor":16,"turns":10}],"seed_played":"-4844675704480367416","potions_obtained":[{"floor":4,"key":"AttackPotion"},{"floor":5,"key":"Dexterity Potion"},{"floor":12,"key":"Poison Potion"}],"is_trial":false,"path_per_floor":["M","?","$","M","M","R","E","R","T","$","M","M","M","$","R"],"character_chosen":"IRONCLAD","items_purchased":["Combust","Flash of Steel","Perfected Strike"],"campfire_rested":3,"item_purchase_floors":[3,10,14],"current_hp_per_floor":[46,46,46,50,47,71,31,55,55,55,48,29,12,12,36,0],"gold":29,"neow_bonus":"TRANSFORM_TWO_CARDS","is_prod":false,"is_daily":false,"chose_seed":false,"campfire_upgraded":0,"win_rate":0,"timestamp":1531422691,"path_taken":["M","?","$","?","M","R","E","R","T","$","?","M","M","?","R","BOSS"],"build_version":"2018-07-11","purchased_purges":0,"victory":false,"max_hp_per_floor":[80,80,80,80,80,80,80,80,80,80,80,80,80,80,80,80],"card_choices":[{"not_picked":["Headbutt","Perfected Strike"],"picked":"Flame Barrier","floor":1},{"not_picked":["Sentinel","Spot Weakness"],"picked":"Corruption","floor":4},{"not_picked":["Sword Boomerang","Rage"],"picked":"Shrug It Off","floor":5},{"not_picked":["True Grit","Corruption"],"picked":"Reckless Charge","floor":7},{"not_picked":["Clash","Rampage"],"picked":"Uppercut","floor":11},{"not_picked":["Thunderclap","Warcry"],"picked":"Infernal Blade","floor":12},{"not_picked":["Flex","Body Slam"],"picked":"Power Through","floor":13}],"player_experience":399297,"relics_obtained":[{"floor":7,"key":"Centennial Puzzle"},{"floor":9,"key":"Bronze Scales"}],"event_choices":[{"event_name":"Transmorgrifier","player_choice":"Transform","floor":2,"damage_taken":0}],"boss_relics":[],"items_purged_floors":[],"is_endless":false,"potions_floor_spawned":[4,5,12],"killed_by":"The Guardian","ascension_level":3}