{"path_per_floor":["M","$","M","?","M","E","?","R","T","E","M","E","?","$","R","B",null,"M","M","?","?","$","E","R","M","T"],"character_chosen":"THE_SILENT","items_purchased":["Flash of Steel","Secret Technique","Bullet Time"],"gold_per_floor":[114,27,42,42,57,87,87,87,112,142,157,217,217,37,37,137,137,152,167,167,167,100,130,130,145,145],"floor_reached":27,"campfire_rested":2,"playtime":1148,"current_hp_per_floor":[70,70,70,70,70,65,80,80,80,63,63,53,53,53,77,50,80,41,41,67,67,67,26,50,28,28],"items_purged":[],"gold":145,"score":249,"play_id":"b44e3bc4-e3fb-4b6e-aeca-2df1a778eb68","local_time":"20180312005418","daily_mods":["Shiny","Elite Swarm","Lethality"],"is_prod":false,"is_daily":true,"is_ascension_mode":false,"campfire_upgraded":1,"timestamp":1520830458,"path_taken":["M","$","M","?","M","E","?","R","T","E","M","E","?","?","R","BOSS","M","M","?","?","$","E","R","?","T","E"],"build_version":"2018-03-09","purchased_purges":0,"victory":false,"master_deck":["Defend_G+1","Defend_G+1","Defend_G+1","Defend_G+1","Defend_G+1","Strike_G+1","Strike_G+1","Strike_G+1","Strike_G+1","Strike_G+1","Survivor","Neutralize","Flying Knee","Flash of Steel","All Out Attack","All Out Attack","Grand Finale+1","Venomology","Slice","Burst","Normality","Secret Technique","Adrenaline","Quick Slash+1","Crippling Poison+1","Bullet Time","Night Terror","Backflip+1","Decay"],"max_hp_per_floor":[70,70,70,70,70,70,80,80,80,80,80,80,80,80,80,80,80,80,80,80,80,80,80,80,80,80],"relics":["Ring of the Snake","Frozen Eye","Art of War","Pen Nib","Tiny Chest","Sundial","Cursed Key","Peace Pipe","Calipers"],"card_choices":[{"not_picked":["Blur","Sucker Punch"],"picked":"Flying Knee"},{"not_picked":["Deflect","Expertise"],"picked":"All Out Attack"},{"not_picked":["Dagger Throw","Cloak And Dagger"],"picked":"All Out Attack"},{"not_picked":["Storm of Steel","Glass Knife"],"picked":"Grand Finale"},{"not_picked":["Wraith Form","Bullet Time"],"picked":"Venomology"},{"not_picked":["Cloak And Dagger","Poisoned Stab"],"picked":"Slice"},{"not_picked":["Bullet Time","Unload"],"picked":"Burst"},{"not_picked":["Wraith Form","Tools of the Trade"],"picked":"Adrenaline"},{"not_picked":["Terror","Prepared"],"picked":"Quick Slash"},{"not_picked":["Backflip","Dagger Spray"],"picked":"Crippling Poison"},{"not_picked":["Phantasmal Killer","Tactician"],"picked":"Night Terror"},{"not_picked":["Catalyst","Flying Knee"],"picked":"Backflip"}],"player_experience":402909,"potions_floor_usage":[5,12,12,16,16,16,23,23,25,25,27,27,27],"damage_taken":[{"damage":0,"enemies":"Small Slimes","floor":1,"turns":2},{"damage":0,"enemies":"2 Louse","floor":3,"turns":1},{"damage":0,"enemies":"Cultist","floor":5,"turns":2},{"damage":5,"enemies":"3 Sentries","floor":6,"turns":5},{"damage":17,"enemies":"Gremlin Nob","floor":10,"turns":3},{"damage":0,"enemies":"Gremlin Gang","floor":11,"turns":1},{"damage":10,"enemies":"Lagavulin","floor":12,"turns":5},{"damage":27,"enemies":"Slime Boss","floor":16,"turns":6},{"damage":39,"enemies":"2 Thieves","floor":18,"turns":3},{"damage":0,"enemies":"Chosen","floor":19,"turns":2},{"damage":41,"enemies":"Gremlin Leader","floor":23,"turns":9},{"damage":22,"enemies":"Centurion and Healer","floor":25,"turns":6},{"damage":28,"enemies":"Book of Stabbing","floor":27,"turns":3}],"event_choices":[{"event_name":"The Cleric","player_choice":"Leave","floor":4,"damage_taken":0},{"event_name":"Bonfire Elementals","player_choice":"RARE","floor":7,"damage_taken":0},{"event_name":"Accursed Blacksmith","player_choice":"Rummage","floor":13,"damage_taken":0},{"event_name":"The Library","player_choice":"Heal","floor":20,"damage_taken":0},{"event_name":"Back to Basics","player_choice":"Simplicity","floor":21,"damage_taken":0}],"boss_relics":[{"not_picked":["Tiny House","Pandora\u0027s Box"],"picked":"Cursed Key"}],"potions_floor_spawned":[1,5,12,19,23],"seed_played":"-3661932950863109323","killed_by":"Book of Stabbing","ascension_level":0,"is_trial":false}