{"gold_per_floor":[116,116,116,116,129,154,154,166,191,218,237,267,267,125,125,197,197,197,197,197,28,28,28,28,28,28,28,28,28,28,28,28,28,28,28,28,28,28,28,28],"floor_reached":40,"playtime":1188,"items_purged":[],"score":970,"play_id":"70dfdb2e-0548-4ccf-a63d-c26b56a5860e","local_time":"20190601002151","is_ascension_mode":true,"campfire_choices":[{"data":"Dual Wield","floor":7.0,"key":"SMITH"},{"data":"Pummel","floor":13.0,"key":"SMITH"},{"data":"Sword Boomerang","floor":15.0,"key":"SMITH"},{"data":"Fiend Fire","floor":23,"key":"SMITH"},{"data":"Sword Boomerang","floor":27,"key":"SMITH"},{"data":"Spot Weakness","floor":30,"key":"SMITH"},{"data":"Heavy Blade","floor":32,"key":"SMITH"}],"neow_cost":"NONE","seed_source_timestamp":10891413164346,"circlet_count":0,"master_deck":["AscendersBane","Strike_R+1","Strike_R","Strike_R","Strike_R","Defend_R","Defend_R","Defend_R","Defend_R","Bash+1","Pummel+1","Dual Wield+1","Clothesline","Sword Boomerang+1","Spot Weakness+1","Fiend Fire+1","Heavy Blade+1","Thunderclap","Sword Boomerang+1","Fiend Fire","Parasite","Injury","Parasite","Madness","Madness","Armaments+1"],"special_seed":0,"relics":["Burning Blood","NeowsBlessing","Vajra","Anchor","Red Skull","Letter Opener","Oddly Smooth Stone","Kunai","Ectoplasm","Red Mask","Ancient Tea Set","NlothsMask","MawBank","Frozen Egg 2","Potion Belt","Calling Bell","Bronze Scales","Darkstone Periapt","Mango"],"potions_floor_usage":[25,25,28],"damage_taken":[{"damage":0.0,"enemies":"Cultist","floor":1.0,"turns":1.0},{"damage":0.0,"enemies":"Small Slimes","floor":5.0,"turns":1.0},{"damage":0.0,"enemies":"3 Sentries","floor":6.0,"turns":2.0},{"damage":0.0,"enemies":"2 Louse","floor":8.0,"turns":2.0},{"damage":6.0,"enemies":"Gremlin Nob","floor":10.0,"turns":3.0},{"damage":10.0,"enemies":"Exordium Wildlife","floor":11.0,"turns":5.0},{"damage":10.0,"enemies":"3 Sentries","floor":12.0,"turns":4.0},{"damage":28.0,"enemies":"Slime Boss","floor":16.0,"turns":4.0},{"damage":11,"enemies":"3 Byrds","floor":18,"turns":4},{"damage":11,"enemies":"Spheric Guardian","floor":19,"turns":3},{"damage":29,"enemies":"Masked Bandits","floor":20,"turns":4},{"damage":0,"enemies":"Chosen and Byrds","floor":24,"turns":2},{"damage":15,"enemies":"Slavers","floor":25,"turns":3},{"damage":2,"enemies":"Gremlin Leader","floor":28,"turns":3},{"damage":4,"enemies":"Sentry and Sphere","floor":29,"turns":3},{"damage":1,"enemies":"Slavers","floor":31,"turns":3},{"damage":33,"enemies":"Collector","floor":33,"turns":4},{"damage":0,"enemies":"3 Shapes","floor":35,"turns":2},{"damage":9,"enemies":"Orb Walker","floor":39,"turns":3},{"damage":68,"enemies":"Nemesis","floor":40,"turns":4}],"seed_played":"-1527347956698064540","potions_obtained":[{"floor":1.0,"key":"AttackPotion"},{"floor":6.0,"key":"Energy Potion"},{"floor":11.0,"key":"Strength Potion"},{"floor":19,"key":"Weak Potion"},{"floor":20,"key":"Explosive Potion"},{"floor":25,"key":"Fire Potion"},{"floor":29,"key":"FairyPotion"},{"floor":35,"key":"Energy Potion"}],"is_trial":false,"path_per_floor":["M","?","?","?","M","E","R","M","T","E","M","E","R","?","R","B",null,"M","M","?","$","?","R","M","E","T","R","E","M","R","E","R","B",null,"M","?","?","$","M","E"],"character_chosen":"IRONCLAD","items_purchased":["Ancient Tea Set"],"campfire_rested":0,"item_purchase_floors":[21],"current_hp_per_floor":[74,67,56,33,39,45,45,51,51,51,47,43,43,43,43,21,62,57,52,29,29,29,29,35,26,26,26,30,32,32,37,37,10,73,79,63,63,63,60,0],"gold":28,"neow_bonus":"THREE_ENEMY_KILL","is_prod":false,"is_daily":false,"chose_seed":false,"campfire_upgraded":7,"win_rate":0,"timestamp":1559341311,"path_taken":["M","?","?","?","?","E","R","M","T","E","M","E","R","?","R","BOSS","M","?","?","$","?","R","M","E","T","R","E","?","R","E","R","BOSS","M","?","?","?","?","E"],"build_version":"2019-01-23","purchased_purges":0,"victory":false,"max_hp_per_floor":[75,75,75,75,75,75,75,75,75,75,75,75,75,75,75,75,75,75,75,75,75,75,75,75,75,75,75,75,75,75,75,75,75,89,89,89,89,89,89,89],"card_choices":[{"not_picked":["True Grit","Headbutt"],"picked":"Pummel","floor":1.0},{"not_picked":["Iron Wave","Body Slam","Sentinel"],"picked":"SKIP","floor":5.0},{"not_picked":["Warcry","Double Tap"],"picked":"Dual Wield","floor":6.0},{"not_picked":["Flex","Armaments"],"picked":"Clothesline","floor":8.0},{"not_picked":["Barricade","Perfected Strike","Sever Soul"],"picked":"SKIP","floor":10.0},{"not_picked":["Clash","Rupture"],"picked":"Sword Boomerang","floor":11.0},{"not_picked":["Pommel Strike","Brutality"],"picked":"Spot Weakness","floor":12.0},{"not_picked":["Feed","Impervious"],"picked":"Fiend Fire","floor":16.0},{"not_picked":["Shrug It Off","Seeing Red"],"picked":"Heavy Blade","floor":18},{"not_picked":["Armaments","Wild Strike"],"picked":"Thunderclap","floor":19},{"not_picked":["Burning Pact","Clash","Wild Strike"],"picked":"SKIP","floor":24},{"not_picked":["Burning Pact","Metallicize"],"picked":"Sword Boomerang","floor":25},{"not_picked":["True Grit","Combust+1","Warcry"],"picked":"SKIP","floor":28},{"not_picked":["Searing Blow","Anger","Infernal Blade"],"picked":"SKIP","floor":29},{"not_picked":["Thunderclap","Havoc+1","Anger"],"picked":"SKIP","floor":31},{"not_picked":["Impervious","Feed"],"picked":"Fiend Fire","floor":33},{"not_picked":["Cleave+1","Body Slam","Seeing Red"],"picked":"SKIP","floor":35},{"not_picked":["Havoc","Wild Strike"],"picked":"Armaments+1","floor":39}],"player_experience":577073,"relics_obtained":[{"floor":6.0,"key":"Anchor"},{"floor":9.0,"key":"Red Skull"},{"floor":10.0,"key":"Letter Opener"},{"floor":12.0,"key":"Oddly Smooth Stone"},{"floor":20,"key":"Red Mask"},{"floor":25,"key":"MawBank"},{"floor":28,"key":"Frozen Egg 2"},{"floor":31,"key":"Potion Belt"},{"floor":34,"key":"Bronze Scales"},{"floor":34,"key":"Darkstone Periapt"},{"floor":34,"key":"Mango"}],"event_choices":[{"cards_removed":["Strike_R"],"damage_healed":0.0,"max_hp_gain":0.0,"max_hp_loss":0.0,"gold_gain":0.0,"event_name":"Golden Wing","player_choice":"Card Removal","floor":2.0,"gold_loss":0.0,"damage_taken":7.0},{"damage_healed":0.0,"max_hp_gain":0.0,"max_hp_loss":0.0,"gold_gain":0.0,"event_name":"Scrap Ooze","player_choice":"Success","floor":3.0,"gold_loss":0.0,"damage_taken":11.0,"relics_obtained":["Vajra"]},{"damage_healed":0.0,"max_hp_gain":0.0,"max_hp_loss":0.0,"gold_gain":0.0,"event_name":"Shining Light","player_choice":"Entered Light","floor":4.0,"gold_loss":0.0,"damage_taken":23.0,"cards_upgraded":["Bash","Strike_R"]},{"damage_healed":0.0,"max_hp_gain":0.0,"max_hp_loss":0.0,"gold_gain":0.0,"event_name":"WeMeetAgain","player_choice":"Paid Gold","floor":14.0,"gold_loss":142.0,"damage_taken":0.0,"relics_obtained":["Kunai"]},{"damage_healed":0,"gold_gain":0,"player_choice":"Fought Bandits","damage_taken":0,"max_hp_gain":0,"max_hp_loss":0,"event_name":"Masked Bandits","floor":20,"gold_loss":0},{"damage_healed":0,"gold_gain":0,"player_choice":"Trade","damage_taken":0,"relics_obtained":["NlothsMask"],"max_hp_gain":0,"max_hp_loss":0,"event_name":"FaceTrader","floor":22,"gold_loss":0},{"damage_healed":0,"gold_gain":0,"player_choice":"Embrace Madness","damage_taken":16,"max_hp_gain":0,"max_hp_loss":0,"event_name":"Winding Halls","floor":36,"gold_loss":0,"cards_obtained":["Madness","Madness"]},{"damage_healed":0,"gold_gain":222,"player_choice":"Wore Mask","damage_taken":0,"max_hp_gain":0,"max_hp_loss":0,"event_name":"Tomb of Lord Red Mask","floor":37,"gold_loss":0}],"is_beta":false,"boss_relics":[{"not_picked":["Eternal Feather","Runic Pyramid"],"picked":"Ectoplasm"},{"not_picked":["Runic Dome","Lizard Tail"],"picked":"Calling Bell"}],"items_purged_floors":[],"is_endless":false,"potions_floor_spawned":[1,6,8,11,19,20,25,29,35],"killed_by":"Nemesis","ascension_level":20}