{"gold_per_floor":[116,134,146,146,157,173,11,11,11,46,64,64,7,41,41,115,115,127,87,87,106,0,30,30,42,69,99,99,99,24,39,39,110,110,130,130,140,158,158,158,168,178,223,236,265,265,297,397,397,397,397,397,397,41,69,69],"floor_reached":57,"playtime":3206,"items_purged":["Strike_G","Strike_G"],"score":3224,"play_id":"7f73f67d-a717-4b07-85fe-d690e2fd1f70","local_time":"20190525112319","is_ascension_mode":true,"campfire_choices":[{"data":"Bouncing Flask","floor":8.0,"key":"SMITH"},{"floor":12.0,"key":"REST"},{"data":"Neutralize","floor":15.0,"key":"SMITH"},{"floor":24.0,"key":"REST"},{"data":"Footwork","floor":29.0,"key":"SMITH"},{"floor":32.0,"key":"REST"},{"floor":40.0,"key":"RECALL"},{"floor":49.0,"key":"REST"},{"floor":53,"key":"REST"}],"neow_cost":"NONE","seed_source_timestamp":891301739826207,"circlet_count":0,"master_deck":["AscendersBane","Defend_G","Defend_G","Defend_G","Defend_G","Defend_G","Strike_G","Strike_G","Survivor+1","Neutralize+1","Predator","Backflip","Bouncing Flask+1","Cloak And Dagger","Burst+1","Cloak And Dagger+1","Prepared+1","Catalyst+1","Malaise+1","PiercingWail+1","RitualDagger","Footwork+1","Calculated Gamble+1","PiercingWail+1","Concentrate+1","Noxious Fumes+1","Tactician+1","Night Terror+1","Deflect+1","Backflip+1"],"special_seed":0,"relics":["Ring of the Snake","PreservedInsect","Toxic Egg 2","FossilizedHelix","The Courier","Runic Pyramid","Dream Catcher","Singing Bowl","Matryoshka","Fusion Hammer","Regal Pillow","Pen Nib","Question Card","Torii","Calipers","Incense Burner","Lantern"],"potions_floor_usage":[56],"damage_taken":[{"damage":19.0,"enemies":"Jaw Worm","floor":1.0,"turns":8.0},{"damage":0.0,"enemies":"Cultist","floor":2.0,"turns":3.0},{"damage":0.0,"enemies":"2 Louse","floor":3.0,"turns":3.0},{"damage":4.0,"enemies":"Looter","floor":5.0,"turns":3.0},{"damage":7.0,"enemies":"Blue Slaver","floor":6.0,"turns":5.0},{"damage":19.0,"enemies":"3 Sentries","floor":10.0,"turns":7.0},{"damage":7.0,"enemies":"3 Louse","floor":11.0,"turns":3.0},{"damage":0.0,"enemies":"Gremlin Nob","floor":14.0,"turns":3.0},{"damage":0.0,"enemies":"The Guardian","floor":16.0,"turns":8.0},{"damage":5.0,"enemies":"3 Byrds","floor":18.0,"turns":5.0},{"damage":0.0,"enemies":"Spheric Guardian","floor":21.0,"turns":4.0},{"damage":21.0,"enemies":"Slavers","floor":23.0,"turns":6.0},{"damage":8.0,"enemies":"Shelled Parasite and Fungi","floor":25.0,"turns":10.0},{"damage":10.0,"enemies":"Gremlin Leader","floor":27.0,"turns":6.0},{"damage":14.0,"enemies":"Sentry and Sphere","floor":31.0,"turns":7.0},{"damage":0.0,"enemies":"Champ","floor":33.0,"turns":9.0},{"damage":0.0,"enemies":"3 Shapes","floor":35.0,"turns":7.0},{"damage":0.0,"enemies":"Orb Walker","floor":37.0,"turns":5.0},{"damage":0.0,"enemies":"Spire Growth","floor":38.0,"turns":4.0},{"damage":0.0,"enemies":"3 Darklings","floor":41.0,"turns":4.0},{"damage":29.0,"enemies":"Sphere and 2 Shapes","floor":42.0,"turns":5.0},{"damage":0.0,"enemies":"Transient","floor":44.0,"turns":6.0},{"damage":0.0,"enemies":"Giant Head","floor":45.0,"turns":5.0},{"damage":14.0,"enemies":"Reptomancer","floor":47.0,"turns":5.0},{"damage":0.0,"enemies":"Mind Bloom Boss Battle","floor":48.0,"turns":3.0},{"damage":0.0,"enemies":"Time Eater","floor":50.0,"turns":6.0},{"damage":28,"enemies":"Donu and Deca","floor":51,"turns":8},{"damage":23,"enemies":"Shield and Spear","floor":55,"turns":9},{"damage":7,"enemies":"The Heart","floor":56,"turns":12}],"seed_played":"-4561663744870999730","potions_obtained":[{"floor":1.0,"key":"SpeedPotion"},{"floor":3.0,"key":"SneckoOil"},{"floor":4.0,"key":"Regen Potion"},{"floor":4.0,"key":"Dexterity Potion"},{"floor":11.0,"key":"EntropicBrew"},{"floor":21.0,"key":"GhostInAJar"},{"floor":25.0,"key":"AttackPotion"},{"floor":33.0,"key":"GhostInAJar"},{"floor":48.0,"key":"GhostInAJar"},{"floor":55,"key":"PowerPotion"}],"is_trial":false,"path_per_floor":["M","M","M","?","M","M","$","R","T","E","M","R","$","E","R","B",null,"M","$","?","M","?","E","R","M","T","E","T","R","?","M","R","B",null,"M","?","M","M","?","R","M","M","T","M","E","?","E","?","R","B","B",null,"R","$","E","B",null],"character_chosen":"THE_SILENT","items_purchased":["Bouncing Flask","Cloak And Dagger","Prepared+1","PiercingWail+1","Incense Burner"],"campfire_rested":5,"item_purchase_floors":[7,7,13,19,54],"current_hp_per_floor":[40,40,40,40,36,43,43,43,43,24,17,36,36,36,36,36,59,54,54,48,48,48,27,46,38,38,28,28,28,28,14,33,35,60,62,62,62,62,62,62,64,37,37,39,39,39,25,27,67,67,39,70,82,82,59,52],"gold":69,"neow_bonus":"RANDOM_COMMON_RELIC","is_prod":false,"is_daily":false,"chose_seed":false,"campfire_upgraded":3,"win_rate":0,"timestamp":1558808599,"path_taken":["M","M","M","?","M","M","?","R","T","E","?","R","?","E","R","BOSS","M","?","?","M","?","E","R","M","T","E","?","R","?","M","R","BOSS","M","?","M","?","?","R","?","M","T","M","E","?","E","?","R","BOSS","BOSS","R","$","E","BOSS"],"build_version":"2019-01-23","purchased_purges":2,"victory":true,"max_hp_per_floor":[66,66,66,66,66,66,66,66,66,66,66,66,66,66,66,66,66,66,66,66,66,66,66,66,66,66,66,66,66,66,66,66,68,68,70,70,70,70,70,70,72,74,74,76,76,76,76,78,80,80,80,80,82,82,82,82],"card_choices":[{"not_picked":["Infinite Blades","Slice"],"picked":"Predator","floor":1.0},{"not_picked":["Escape Plan","Blade Dance","Outmaneuver"],"picked":"SKIP","floor":2.0},{"not_picked":["Underhanded Strike","PiercingWail"],"picked":"Dagger Throw","floor":3.0},{"not_picked":["Setup","Acrobatics","Underhanded Strike"],"picked":"SKIP","floor":5.0},{"not_picked":["Acrobatics","Sucker Punch"],"picked":"Backflip","floor":6.0},{"not_picked":["Cloak And Dagger+1","Sucker Punch"],"picked":"Burst+1","floor":10.0},{"not_picked":["Endless Agony","Flying Knee"],"picked":"Cloak And Dagger+1","floor":11.0},{"not_picked":["Dodge and Roll+1","Glass Knife"],"picked":"Catalyst+1","floor":14.0},{"not_picked":["Venomology+1","Bullet Time+1"],"picked":"Malaise+1","floor":16.0},{"not_picked":["All Out Attack","Blade Dance+1","Caltrops"],"picked":"SKIP","floor":18.0},{"not_picked":["Outmaneuver+1","Deadly Poison+1","Skewer"],"picked":"SKIP","floor":21.0},{"not_picked":["Quick Slash","Poisoned Stab","Riddle With Holes"],"picked":"SKIP","floor":23.0},{"not_picked":["Bouncing Flask+1","PiercingWail+1"],"picked":"Footwork","floor":24.0},{"not_picked":["Caltrops","Choke","Outmaneuver+1"],"picked":"SKIP","floor":25.0},{"not_picked":["Dagger Throw+1","Heel Hook"],"picked":"Calculated Gamble+1","floor":27.0},{"not_picked":["Deadly Poison+1","Setup+1"],"picked":"PiercingWail+1","floor":31.0},{"not_picked":["Backflip+1","Infinite Blades"],"picked":"Concentrate+1","floor":32.0},{"not_picked":["Grand Finale","A Thousand Cuts","Storm of Steel+1"],"picked":"Singing Bowl","floor":33.0},{"not_picked":["Choke","Expertise+1","Prepared+1"],"picked":"Singing Bowl","floor":35.0},{"not_picked":["Bane","Sucker Punch"],"picked":"Noxious Fumes","floor":37.0},{"not_picked":["Blade Dance+1","Underhanded Strike"],"picked":"Tactician+1","floor":38.0},{"not_picked":["Well Laid Plans","Outmaneuver+1","Poisoned Stab"],"picked":"Singing Bowl","floor":41.0},{"not_picked":["Flying Knee","Predator","Riddle With Holes+1"],"picked":"Singing Bowl","floor":42.0},{"not_picked":["Flying Knee","Finisher","Prepared+1"],"picked":"Singing Bowl","floor":44.0},{"not_picked":["PiercingWail+1","Acrobatics+1"],"picked":"Night Terror+1","floor":45.0},{"not_picked":["Backflip+1","Riddle With Holes+1","All Out Attack+1"],"picked":"Deflect+1","floor":47.0},{"not_picked":["Bane","Choke","Eviscerate","Underhanded Strike+1"],"picked":"Singing Bowl","floor":48.0},{"not_picked":["Tactician+1","Deflect+1","Quick Slash+1","Bouncing Flask+1"],"picked":"Singing Bowl","floor":49.0},{"not_picked":["Unload","Outmaneuver+1","Dagger Throw","Prepared+1"],"picked":"Singing Bowl","floor":53},{"not_picked":["Tactician+1","Finisher","Wraith Form v2"],"picked":"Backflip+1","floor":55}],"player_experience":725037,"relics_obtained":[{"floor":9.0,"key":"Toxic Egg 2"},{"floor":10.0,"key":"FossilizedHelix"},{"floor":14.0,"key":"The Courier"},{"floor":23.0,"key":"Dream Catcher"},{"floor":27.0,"key":"Singing Bowl"},{"floor":28.0,"key":"Matryoshka"},{"floor":43.0,"key":"Regal Pillow"},{"floor":43.0,"key":"Pen Nib"},{"floor":45.0,"key":"Question Card"},{"floor":47.0,"key":"Torii"},{"floor":48.0,"key":"Calipers"},{"floor":55,"key":"Lantern"}],"event_choices":[{"damage_healed":0.0,"max_hp_gain":0.0,"max_hp_loss":0.0,"gold_gain":0.0,"event_name":"Lab","player_choice":"Got Potions","floor":4.0,"gold_loss":0.0,"damage_taken":0.0},{"damage_healed":0.0,"max_hp_gain":0.0,"max_hp_loss":0.0,"gold_gain":0.0,"event_name":"Nest","player_choice":"Joined the Cult","floor":20.0,"gold_loss":0.0,"damage_taken":6.0,"cards_obtained":["RitualDagger"]},{"damage_healed":0.0,"max_hp_gain":0.0,"max_hp_loss":0.0,"gold_gain":0.0,"event_name":"Masked Bandits","player_choice":"Paid Fearfully","floor":22.0,"gold_loss":106.0,"damage_taken":0.0},{"cards_removed":["Strike_G"],"damage_healed":0.0,"max_hp_gain":0.0,"max_hp_loss":0.0,"gold_gain":0.0,"event_name":"Beggar","player_choice":"Gave Gold","floor":30.0,"gold_loss":75.0,"damage_taken":0.0},{"damage_healed":0.0,"max_hp_gain":0.0,"max_hp_loss":0.0,"gold_gain":0.0,"event_name":"Upgrade Shrine","player_choice":"Upgraded","floor":36.0,"gold_loss":0.0,"damage_taken":0.0,"cards_upgraded":["Survivor"]},{"damage_healed":0.0,"max_hp_gain":0.0,"max_hp_loss":0.0,"gold_gain":0.0,"event_name":"Accursed Blacksmith","player_choice":"Forge","floor":39.0,"gold_loss":0.0,"damage_taken":0.0,"cards_upgraded":["Noxious Fumes"]},{"cards_removed":["Dagger Throw"],"damage_healed":0.0,"max_hp_gain":0.0,"max_hp_loss":0.0,"gold_gain":0.0,"event_name":"Falling","player_choice":"Removed Attack","floor":46.0,"gold_loss":0.0,"damage_taken":0.0},{"damage_healed":0.0,"max_hp_gain":0.0,"max_hp_loss":0.0,"gold_gain":0.0,"event_name":"MindBloom","player_choice":"Fight","floor":48.0,"gold_loss":0.0,"damage_taken":0.0}],"is_beta":false,"boss_relics":[{"not_picked":["HoveringKite","Empty Cage"],"picked":"Runic Pyramid"},{"not_picked":["Cursed Key","Busted Crown"],"picked":"Fusion Hammer"}],"items_purged_floors":[7,54],"is_endless":false,"potions_floor_spawned":[1,3,11,21,25,33,38,42,48,55],"ascension_level":20}