{"path_per_floor":["M","T","M","M","M","R","E","$","T","R","M","$","M","?","R","B",null,"M","?","?","M","M","R"],"character_chosen":"IRONCLAD","items_purchased":["Flex","Carnage","Inflame"],"gold_per_floor":[16,41,52,64,74,74,108,17,98,98,115,45,61,61,61,156,156,175,175,75,88,102,102],"floor_reached":24,"campfire_rested":1,"playtime":1296,"current_hp_per_floor":[78,78,80,80,80,80,67,67,67,67,62,62,53,73,73,62,80,70,55,55,42,14,39],"items_purged":[],"gold":102,"score":198,"play_id":"8d13ad42-6d8e-42c0-b6ee-5fc5a1c4c0e6","local_time":"20180304210205","is_prod":false,"is_daily":false,"is_ascension_mode":false,"campfire_upgraded":3,"timestamp":1520215325,"path_taken":["M","?","M","?","M","R","E","$","T","R","M","?","M","?","R","BOSS","M","?","?","M","?","R","E"],"build_version":"2018-03-01-PROD1","purchased_purges":0,"victory":false,"master_deck":["Strike_R","Strike_R","Strike_R","Strike_R","Defend_R","Defend_R","Defend_R","Defend_R","Dual Wield","Dual Wield","Burning Pact","Shockwave","Ghostly Armor","Bludgeon+1","Shrug It Off","Flex","Carnage+1","Pommel Strike","Inflame","Inflame+1","Parasite","Reaper","Ghostly Armor","Second Wind","Perfected Strike","Flex","Perfected Strike","Flame Barrier","J.A.X.","Wild Strike+1","Perfected Strike+1"],"max_hp_per_floor":[80,80,80,80,80,80,80,80,80,80,80,80,80,80,80,80,80,80,85,85,85,85,85],"relics":["Burning Blood","Oddly Smooth Stone","Art of War","Tiny Chest","Orrery"],"card_choices":[{"not_picked":["Thunderclap","Armaments"],"picked":"Burning Pact"},{"not_picked":["Hemokinesis","Sword Boomerang"],"picked":"Shockwave"},{"not_picked":["Iron Wave","Metallicize"],"picked":"Ghostly Armor"},{"not_picked":["Twin Strike","Seeing Red"],"picked":"Bludgeon"},{"not_picked":["Intimidate","Body Slam"],"picked":"Shrug It Off"},{"not_picked":["Evolve","Second Wind"],"picked":"Pommel Strike"},{"not_picked":["Metallicize","Pommel Strike"],"picked":"Inflame"},{"not_picked":["Dark Embrace","Fiend Fire"],"picked":"Reaper"},{"not_picked":["Blood for Blood","Perfected Strike"],"picked":"Ghostly Armor"},{"not_picked":["Shockwave","Power Through"],"picked":"Second Wind"},{"not_picked":["Sword Boomerang","Evolve"],"picked":"Perfected Strike"},{"not_picked":["Sword Boomerang","Clothesline"],"picked":"Flex"},{"not_picked":["Body Slam","Sword Boomerang"],"picked":"Perfected Strike"},{"not_picked":["Warcry","Dropkick"],"picked":"Flame Barrier"},{"not_picked":["Rupture","Twin Strike"],"picked":"Wild Strike"},{"not_picked":["Anger","Entrench"],"picked":"Perfected Strike"}],"player_experience":249359,"potions_floor_usage":[5,7,7,16,18,22,24],"damage_taken":[{"damage":8,"enemies":"Cultist","floor":1,"turns":5},{"damage":2,"enemies":"2 Louse","floor":3,"turns":3},{"damage":4,"enemies":"Small Slimes","floor":4,"turns":6},{"damage":1,"enemies":"2 Fungi Beasts","floor":5,"turns":4},{"damage":19,"enemies":"Gremlin Nob","floor":7,"turns":4},{"damage":11,"enemies":"3 Louse","floor":11,"turns":3},{"damage":15,"enemies":"Exordium Thugs","floor":13,"turns":4},{"damage":17,"enemies":"Slime Boss","floor":16,"turns":9},{"damage":30,"enemies":"2 Thieves","floor":18,"turns":4},{"damage":19,"enemies":"Spheric Guardian","floor":21,"turns":5},{"damage":41,"enemies":"Snake Plant","floor":22,"turns":5},{"damage":57,"enemies":"Gremlin Leader","floor":24,"turns":3}],"event_choices":[{"event_name":"Mushrooms","player_choice":"Healed and dodged fight","floor":14,"damage_taken":0},{"event_name":"Forgotten Altar","player_choice":"Shed Blood","floor":19,"damage_taken":0},{"event_name":"Drug Dealer","player_choice":"Got JAXXED","floor":20,"damage_taken":0}],"boss_relics":[{"not_picked":["Black Star","Astrolabe"],"picked":"Orrery"}],"potions_floor_spawned":[3,4,5,11,16,21,22],"seed_played":"-6424034262129063546","killed_by":"Gremlin Leader","ascension_level":0,"is_trial":false}