{"gold_per_floor":[109,109,124,142,142,169,169,180,232,251,277,295,310,343,355,463,475],"floor_reached":17,"playtime":787,"items_purged":[],"score":188,"play_id":"aebf06c4-2955-4ece-bc56-6893e5ef532d","local_time":"20190407110053","is_ascension_mode":true,"campfire_choices":[{"data":"Bouncing Flask","floor":7,"key":"SMITH"},{"data":"Bullet Time","floor":15,"key":"SMITH"}],"neow_cost":"TEN_PERCENT_HP_LOSS","seed_source_timestamp":2137453942773518,"circlet_count":0,"master_deck":["Defend_G","Defend_G","Defend_G","Defend_G","Defend_G","Strike_G","Strike_G","Survivor","Neutralize","Dash","Expertise","Quick Slash","Bouncing Flask+1","Backflip","Bullet Time+1","Crippling Poison","Dodge and Roll","Noxious Fumes","After Image"],"relics":["Ring of the Snake","The Courier","Ancient Tea Set","Strawberry","Lantern","MawBank"],"potions_floor_usage":[6,14,16],"damage_taken":[{"damage":1,"enemies":"Jaw Worm","floor":1,"turns":5},{"damage":0,"enemies":"Small Slimes","floor":3,"turns":3},{"damage":0,"enemies":"Cultist","floor":4,"turns":5},{"damage":18,"enemies":"3 Sentries","floor":6,"turns":11},{"damage":0,"enemies":"Looter","floor":8,"turns":2},{"damage":0,"enemies":"Blue Slaver","floor":10,"turns":3},{"damage":22,"enemies":"Gremlin Nob","floor":11,"turns":5},{"damage":5,"enemies":"Red Slaver","floor":12,"turns":3},{"damage":3,"enemies":"Large Slime","floor":13,"turns":5},{"damage":7,"enemies":"Lagavulin","floor":14,"turns":6},{"damage":9,"enemies":"The Guardian","floor":16,"turns":9}],"seed_played":"-4458450573967293914","potions_obtained":[{"floor":3,"key":"SpeedPotion"},{"floor":4,"key":"Dexterity Potion"},{"floor":8,"key":"EssenceOfSteel"},{"floor":13,"key":"Ancient Potion"},{"floor":16,"key":"Swift Potion"}],"is_trial":false,"path_per_floor":["M","?","M","M","?","E","R","M","T","M","E","M","M","E","R","B",null],"character_chosen":"THE_SILENT","items_purchased":[],"campfire_rested":0,"item_purchase_floors":[],"current_hp_per_floor":[62,59,59,59,59,41,41,41,48,48,26,21,18,11,11,2,2],"gold":475,"neow_bonus":"TRANSFORM_TWO_CARDS","is_prod":false,"is_daily":false,"chose_seed":false,"campfire_upgraded":2,"win_rate":0,"timestamp":1554660053,"path_taken":["M","?","M","M","?","E","R","M","T","?","E","M","M","E","R","BOSS"],"build_version":"2019-01-23","purchased_purges":0,"victory":false,"max_hp_per_floor":[63,63,63,63,63,63,63,63,70,70,70,70,70,70,70,70,70],"card_choices":[{"not_picked":["Dodge and Roll","Catalyst","Finisher"],"picked":"SKIP","floor":1},{"not_picked":["Infinite Blades","Outmaneuver"],"picked":"Quick Slash","floor":3},{"not_picked":["Terror","Flechettes"],"picked":"Bouncing Flask","floor":4},{"not_picked":["Expertise","Bullet Time","Blade Dance"],"picked":"SKIP","floor":6},{"not_picked":["Expertise","Blade Dance"],"picked":"Bullet Time","floor":6},{"not_picked":["Tactician","Deadly Poison","Deflect"],"picked":"SKIP","floor":8},{"not_picked":["Tactician","Deadly Poison","Deflect"],"picked":"SKIP","floor":8},{"not_picked":["Sucker Punch","Quick Slash","Eviscerate"],"picked":"SKIP","floor":10},{"not_picked":["Blur","Bullet Time"],"picked":"Crippling Poison","floor":11},{"not_picked":["All Out Attack","Slice"],"picked":"Dodge and Roll","floor":12},{"not_picked":["Underhanded Strike","Deflect","Backflip"],"picked":"SKIP","floor":13},{"not_picked":["Leg Sweep","Bouncing Flask"],"picked":"Noxious Fumes","floor":14},{"not_picked":["Glass Knife","Bullet Time"],"picked":"After Image","floor":16}],"player_experience":702938,"relics_obtained":[{"floor":6,"key":"Ancient Tea Set"},{"floor":9,"key":"Strawberry"},{"floor":11,"key":"Lantern"},{"floor":14,"key":"MawBank"}],"event_choices":[{"damage_healed":0,"gold_gain":0,"player_choice":"Success","damage_taken":3,"relics_obtained":["The Courier"],"max_hp_gain":0,"max_hp_loss":0,"event_name":"Scrap Ooze","floor":2,"gold_loss":0},{"damage_healed":0,"gold_gain":0,"cards_transformed":["Strike_G"],"player_choice":"Transformed","damage_taken":0,"max_hp_gain":0,"max_hp_loss":0,"event_name":"Transmorgrifier","floor":5,"gold_loss":0,"cards_obtained":["Backflip"]}],"is_beta":false,"boss_relics":[],"items_purged_floors":[],"is_endless":false,"potions_floor_spawned":[3,4,8,13,16],"ascension_level":1}