{"gold_per_floor":[115,127,202,202,202,231,79,103,115,127,158,170,182,228,240,252],"floor_reached":16,"playtime":763,"items_purged":["Accuracy"],"score":143,"play_id":"6295017d-7f1d-409e-85b9-fd5636662387","local_time":"20190624185129","is_ascension_mode":true,"campfire_choices":[{"floor":10,"key":"REST"},{"data":"Noxious Fumes","floor":13,"key":"SMITH"},{"floor":15,"key":"REST"}],"neow_cost":"NONE","seed_source_timestamp":6028616952016504,"circlet_count":0,"master_deck":["Defend_G","Defend_G+1","Defend_G","Defend_G","Defend_G","Strike_G","Strike_G","Strike_G","Strike_G","Strike_G+1","Survivor","Neutralize+1","Deflect","Tools of the Trade","Noxious Fumes+1","Tactician"],"relics":["Ring of the Snake","Gremlin Horn","MawBank","The Specimen","Kunai"],"potions_floor_usage":[6,16],"damage_taken":[{"damage":0,"enemies":"2 Louse","floor":1,"turns":3},{"damage":0,"enemies":"Small Slimes","floor":2,"turns":4},{"damage":29,"enemies":"Lagavulin","floor":6,"turns":11},{"damage":0,"enemies":"Jaw Worm","floor":11,"turns":5},{"damage":18,"enemies":"3 Sentries","floor":14,"turns":6},{"damage":58,"enemies":"Slime Boss","floor":16,"turns":11}],"seed_played":"-4366123813099601382","potions_obtained":[{"floor":2,"key":"Fire Potion"},{"floor":14,"key":"GhostInAJar"}],"is_trial":false,"path_per_floor":["M","M","?","?","?","E","$","T","T","R","M","?","R","E","R","B"],"character_chosen":"THE_SILENT","items_purchased":["Noxious Fumes"],"campfire_rested":2,"item_purchase_floors":[7],"current_hp_per_floor":[63,63,52,38,61,32,32,32,32,53,53,53,53,35,56,0],"gold":252,"neow_bonus":"UPGRADE_CARD","is_prod":false,"is_daily":false,"chose_seed":false,"campfire_upgraded":1,"win_rate":0,"timestamp":1561420289,"path_taken":["M","M","?","?","?","E","$","?","T","R","M","?","R","E","R","BOSS"],"build_version":"2019-01-23","purchased_purges":1,"victory":false,"max_hp_per_floor":[70,70,70,70,70,70,70,70,70,70,70,70,70,70,70,70],"card_choices":[{"not_picked":["Prepared","Tactician"],"picked":"Deflect","floor":1},{"not_picked":["Blade Dance","Eviscerate"],"picked":"Accuracy","floor":2},{"not_picked":["Flying Knee","Finisher"],"picked":"Tools of the Trade","floor":6},{"not_picked":["Outmaneuver","Distraction","Slice"],"picked":"SKIP","floor":11},{"not_picked":["Noxious Fumes","A Thousand Cuts"],"picked":"Tactician","floor":14}],"player_experience":176280,"relics_obtained":[{"floor":6,"key":"Gremlin Horn"},{"floor":8,"key":"MawBank"},{"floor":9,"key":"The Specimen"},{"floor":14,"key":"Kunai"}],"event_choices":[{"damage_healed":0,"gold_gain":75,"player_choice":"Gather Gold","damage_taken":11,"max_hp_gain":0,"max_hp_loss":0,"event_name":"World of Goop","floor":3,"gold_loss":0},{"damage_healed":0,"gold_gain":0,"player_choice":"Entered Light","damage_taken":14,"max_hp_gain":0,"max_hp_loss":0,"event_name":"Shining Light","floor":4,"gold_loss":0,"cards_upgraded":["Defend_G","Strike_G"]},{"damage_healed":23,"gold_gain":0,"player_choice":"Banana","damage_taken":0,"max_hp_gain":0,"max_hp_loss":0,"event_name":"Big Fish","floor":5,"gold_loss":0},{"damage_healed":0,"gold_gain":0,"player_choice":"Ignored","damage_taken":0,"max_hp_gain":0,"max_hp_loss":0,"event_name":"Golden Idol","floor":12,"gold_loss":0}],"is_beta":false,"boss_relics":[],"items_purged_floors":[7],"is_endless":false,"potions_floor_spawned":[2,14],"killed_by":"Slime Boss","ascension_level":7}