{"gold_per_floor":[113,126,76,76,251,251,262,294,319,319,319,338,61,87,87,187,187,200,200,200,215,215,215,19,19,64,76,117,129,141,164,176,284,296,325,349,361,42,42,68,68,68],"floor_reached":42,"playtime":2175,"items_purged":["Doubt"],"score":641,"play_id":"e4e87f5e-afb5-4185-82ff-ba77b7cc494f","local_time":"20190620063057","is_ascension_mode":true,"campfire_choices":[{"floor":6,"key":"RECALL"},{"floor":10,"key":"REST"},{"floor":15,"key":"REST"},{"floor":23,"key":"REST"},{"data":"Electrodynamics","floor":25,"key":"SMITH"},{"floor":30,"key":"REST"},{"floor":32,"key":"REST"}],"neow_cost":"NONE","seed_source_timestamp":32807485813000,"circlet_count":0,"master_deck":["Strike_B+1","Strike_B+1","Defend_B+1","Defend_B","Defend_B","Zap+1","Dualcast","Defragment+1","Capacitor","Hello World","White Noise","Glacier","Defragment","Sunder","Electrodynamics+1","Doom and Gloom+1","Chill","Writhe","Skim","Darkness","Static Discharge+1","Electrodynamics","Writhe","Normality","Doubt","Self Repair","Panache","Beam Cell","Swift Strike","Purity","Bandage Up","Panacea"],"relics":["White Beast Statue","War Paint","Potion Belt","Whetstone","Lizard Tail","Juzu Bracelet","Cauldron","MawBank","Dead Branch","Mango","Calling Bell","Happy Flower","Singing Bowl","Pocketwatch","Smiling Mask"],"potions_floor_usage":[2,7,8,13,14,14,16,18,21,28,28,31,31,31,33,33,35,36,40,42,42],"damage_taken":[{"damage":1,"enemies":"Cultist","floor":1,"turns":4},{"damage":2,"enemies":"Jaw Worm","floor":2,"turns":3},{"damage":2,"enemies":"2 Louse","floor":7,"turns":2},{"damage":43,"enemies":"Lagavulin","floor":8,"turns":11},{"damage":15,"enemies":"2 Fungi Beasts","floor":12,"turns":3},{"damage":0,"enemies":"3 Sentries","floor":14,"turns":7},{"damage":32,"enemies":"The Guardian","floor":16,"turns":13},{"damage":18,"enemies":"Spheric Guardian","floor":18,"turns":4},{"damage":30,"enemies":"3 Byrds","floor":21,"turns":4},{"damage":34,"enemies":"Gremlin Leader","floor":28,"turns":9},{"damage":16,"enemies":"Snake Plant","floor":31,"turns":3},{"damage":43,"enemies":"Collector","floor":33,"turns":13},{"damage":48,"enemies":"Orb Walker","floor":35,"turns":5},{"damage":25,"enemies":"3 Darklings","floor":36,"turns":3},{"damage":16,"enemies":"Reptomancer","floor":40,"turns":5},{"damage":178,"enemies":"Giant Head","floor":42,"turns":10}],"seed_played":"-1804461457170218219","potions_obtained":[{"floor":1,"key":"AttackPotion"},{"floor":2,"key":"Fire Potion"},{"floor":7,"key":"Swift Potion"},{"floor":8,"key":"Dexterity Potion"},{"floor":12,"key":"SteroidPotion"},{"floor":14,"key":"Explosive Potion"},{"floor":16,"key":"EssenceOfSteel"},{"floor":18,"key":"SneckoOil"},{"floor":21,"key":"Explosive Potion"},{"floor":24,"key":"PowerPotion"},{"floor":24,"key":"LiquidBronze"},{"floor":24,"key":"LiquidBronze"},{"floor":24,"key":"GamblersBrew"},{"floor":28,"key":"Poison Potion"},{"floor":31,"key":"Dexterity Potion"},{"floor":33,"key":"SneckoOil"},{"floor":35,"key":"Fire Potion"},{"floor":36,"key":"SteroidPotion"},{"floor":40,"key":"Weak Potion"}],"is_trial":false,"path_per_floor":["M","M","?","T","?","R","M","E","T","R","?","M","$","E","R","B",null,"M","?","?","M","?","R","$","R","T","$","E","T","R","M","R","B",null,"M","M","?","$","?","E","?","E"],"character_chosen":"DEFECT","items_purchased":["Glacier","Defragment","Fruit Juice","Cauldron","Panache","Beam Cell","Swift Strike","SkillPotion"],"campfire_rested":5,"item_purchase_floors":[13,13,13,24,38,38,38,38],"current_hp_per_floor":[74,72,72,72,72,72,70,27,27,49,49,34,39,39,63,31,68,50,50,50,20,46,70,70,70,70,70,36,50,78,62,90,47,82,36,11,106,106,106,92,82,0],"gold":68,"neow_bonus":"BOSS_RELIC","is_prod":false,"is_daily":false,"chose_seed":false,"campfire_upgraded":1,"win_rate":0,"timestamp":1561026657,"path_taken":["M","M","?","?","?","R","M","E","T","R","?","?","$","E","R","BOSS","M","?","?","M","?","R","$","R","T","$","E","?","R","M","R","BOSS","M","M","?","?","?","E","?","E"],"build_version":"2019-06-19","purchased_purges":1,"victory":false,"max_hp_per_floor":[75,75,75,75,75,75,75,75,75,75,75,75,80,80,80,80,80,80,80,80,80,80,80,80,80,80,80,80,94,94,94,94,94,94,96,96,106,106,106,108,108,108],"card_choices":[{"not_picked":["BootSequence","White Noise"],"picked":"Defragment","floor":1},{"not_picked":["Streamline","Hologram"],"picked":"Capacitor","floor":2},{"not_picked":["Heatsinks","Rebound"],"picked":"Hello World","floor":7},{"not_picked":["Steam","Rebound"],"picked":"Machine Learning","floor":8},{"not_picked":["Tempest","Beam Cell"],"picked":"White Noise","floor":12},{"not_picked":["Rebound","Fusion"],"picked":"Sunder","floor":14},{"not_picked":["Core Surge","Buffer"],"picked":"Electrodynamics","floor":16},{"not_picked":["Gash","Beam Cell"],"picked":"Doom and Gloom+1","floor":18},{"not_picked":["Conserve Battery","Redo"],"picked":"Skim","floor":21},{"not_picked":["Steam Power","Stack"],"picked":"Darkness","floor":28},{"not_picked":["Stack","Sweeping Beam"],"picked":"Static Discharge+1","floor":31},{"not_picked":["Multi-Cast","Fission"],"picked":"Electrodynamics","floor":33},{"not_picked":["Cold Snap","Fusion+1","Steam Power"],"picked":"Singing Bowl","floor":35},{"not_picked":["Redo+1","Go for the Eyes+1"],"picked":"Self Repair","floor":36},{"not_picked":["Loop+1","Coolheaded+1","Leap"],"picked":"Singing Bowl","floor":40},{"not_picked":["Finesse","Mind Blast"],"picked":"Purity","floor":41},{"not_picked":["Blind","Trip"],"picked":"Bandage Up","floor":41},{"not_picked":["Finesse","Madness"],"picked":"Panacea","floor":41}],"player_experience":1094417,"relics_obtained":[{"floor":8,"key":"War Paint"},{"floor":9,"key":"Potion Belt"},{"floor":14,"key":"Whetstone"},{"floor":26,"key":"MawBank"},{"floor":28,"key":"Dead Branch"},{"floor":29,"key":"Mango"},{"floor":34,"key":"Happy Flower"},{"floor":34,"key":"Singing Bowl"},{"floor":34,"key":"Pocketwatch"},{"floor":40,"key":"Smiling Mask"}],"event_choices":[{"cards_removed":["Strike_B"],"damage_healed":0,"gold_gain":0,"player_choice":"Card Removal","damage_taken":0,"max_hp_gain":0,"max_hp_loss":0,"event_name":"The Cleric","floor":3,"gold_loss":50},{"damage_healed":0,"gold_gain":175,"player_choice":"AGREE","damage_taken":0,"max_hp_gain":0,"max_hp_loss":0,"event_name":"Liars Game","floor":5,"gold_loss":0,"cards_obtained":["Doubt"]},{"damage_healed":0,"gold_gain":0,"player_choice":"Upgraded","damage_taken":0,"max_hp_gain":0,"max_hp_loss":0,"event_name":"Upgrade Shrine","floor":11,"gold_loss":0,"cards_upgraded":["Defragment"]},{"damage_healed":0,"gold_gain":0,"cards_transformed":["Strike_B","Defend_B"],"player_choice":"Became Test Subject","damage_taken":0,"max_hp_gain":0,"max_hp_loss":0,"event_name":"Drug Dealer","floor":19,"gold_loss":0,"cards_obtained":["Stack","Chill"]},{"damage_healed":0,"gold_gain":0,"player_choice":"Opened","damage_taken":0,"relics_obtained":["Juzu Bracelet"],"max_hp_gain":0,"max_hp_loss":0,"event_name":"The Mausoleum","floor":20,"gold_loss":0,"cards_obtained":["Writhe"]},{"damage_healed":26,"gold_gain":0,"player_choice":"Heal","damage_taken":0,"max_hp_gain":0,"max_hp_loss":0,"event_name":"The Library","floor":22,"gold_loss":0},{"cards_removed":["Machine Learning"],"damage_healed":85,"gold_gain":0,"player_choice":"Offered Rare","damage_taken":0,"max_hp_gain":10,"max_hp_loss":0,"event_name":"Bonfire Elementals","floor":37,"gold_loss":0},{"cards_removed":["Stack"],"damage_healed":0,"gold_gain":0,"player_choice":"Removed Skill","damage_taken":0,"max_hp_gain":0,"max_hp_loss":0,"event_name":"Falling","floor":39,"gold_loss":0},{"damage_healed":0,"gold_gain":0,"player_choice":"Memory 3","damage_taken":10,"max_hp_gain":0,"max_hp_loss":0,"event_name":"SensoryStone","floor":41,"gold_loss":0}],"is_beta":true,"boss_relics":[{"not_picked":["Fusion Hammer","Orrery"],"picked":"Lizard Tail"},{"not_picked":["Philosopher\u0027s Stone","Sozu"],"picked":"Calling Bell"}],"items_purged_floors":[13],"is_endless":false,"potions_floor_spawned":[1,2,7,8,12,14,16,18,21,28,31,33,35,36,40],"killed_by":"Giant Head","ascension_level":5}