{"gold_per_floor":[116,183,28,203,213,213,224,224,248,264,291,305,305,337,337,337],"floor_reached":16,"playtime":697,"items_purged":[],"score":137,"play_id":"b5b75b0c-3372-477c-8844-1438e205c973","local_time":"20190609205044","is_ascension_mode":true,"campfire_choices":[{"data":"Zap","floor":6,"key":"SMITH"},{"data":"Recycle","floor":8,"key":"SMITH"},{"floor":15,"key":"REST"}],"neow_cost":"TEN_PERCENT_HP_LOSS","seed_source_timestamp":1652750087965800,"circlet_count":0,"master_deck":["Strike_B","Strike_B","Strike_B","Strike_B","Defend_B","Defend_B","Defend_B","Defend_B+1","Zap+1","Dualcast+1","All For One","Beam Cell","Beam Cell","Recycle+1","BootSequence","Core Surge","Darkness","Steam"],"relics":["Cracked Core","War Paint","Bronze Scales","Sundial","Spirit Poop","Gremlin Horn"],"potions_floor_usage":[5,11,16],"damage_taken":[{"damage":2,"enemies":"2 Louse","floor":1,"turns":3},{"damage":0,"enemies":"Jaw Worm","floor":5,"turns":2},{"damage":1,"enemies":"Cultist","floor":7,"turns":3},{"damage":9,"enemies":"Looter","floor":10,"turns":2},{"damage":27,"enemies":"Gremlin Nob","floor":11,"turns":4},{"damage":0,"enemies":"Exordium Wildlife","floor":12,"turns":3},{"damage":25,"enemies":"3 Sentries","floor":14,"turns":7},{"damage":26,"enemies":"The Guardian","floor":16,"turns":7}],"seed_played":"-8515074375825709143","potions_obtained":[{"floor":1,"key":"EssenceOfSteel"},{"floor":10,"key":"SkillPotion"},{"floor":14,"key":"Swift Potion"}],"is_trial":false,"path_per_floor":["M","?","$","?","M","R","M","R","T","M","E","M","?","E","R","B"],"character_chosen":"DEFECT","items_purchased":["War Paint"],"campfire_rested":1,"item_purchase_floors":[3],"current_hp_per_floor":[66,66,66,66,66,66,65,65,65,56,29,29,29,4,24,0],"gold":337,"neow_bonus":"THREE_RARE_CARDS","is_prod":false,"is_daily":false,"chose_seed":false,"campfire_upgraded":2,"win_rate":0,"timestamp":1560127844,"path_taken":["M","?","$","?","M","R","M","R","T","M","E","M","?","E","R","BOSS"],"build_version":"2019-06-07","purchased_purges":0,"victory":false,"max_hp_per_floor":[68,68,68,68,68,68,68,68,68,68,68,68,68,68,68,68],"card_choices":[{"not_picked":["Buffer","Machine Learning"],"picked":"All For One","floor":0},{"not_picked":["Auto Shields","Conserve Battery"],"picked":"Beam Cell","floor":1},{"not_picked":["Stack","Static Discharge"],"picked":"Beam Cell","floor":5},{"not_picked":["Streamline","BootSequence"],"picked":"Recycle","floor":7},{"not_picked":["Turbo","Stack"],"picked":"BootSequence","floor":10},{"not_picked":["Leap","Rebound"],"picked":"Core Surge","floor":11},{"not_picked":["Rebound","Stack"],"picked":"Darkness","floor":12},{"not_picked":["Fusion","Stack"],"picked":"Steam","floor":14}],"player_experience":1013002,"relics_obtained":[{"floor":9,"key":"Bronze Scales"},{"floor":11,"key":"Sundial"},{"floor":14,"key":"Gremlin Horn"}],"event_choices":[{"damage_healed":0,"gold_gain":67,"player_choice":"Gained Gold","damage_taken":0,"max_hp_gain":0,"max_hp_loss":0,"event_name":"Golden Wing","floor":2,"gold_loss":0},{"damage_healed":0,"gold_gain":175,"player_choice":"AGREE","damage_taken":0,"max_hp_gain":0,"max_hp_loss":0,"event_name":"Liars Game","floor":4,"gold_loss":0,"cards_obtained":["Doubt"]},{"cards_removed":["Doubt"],"damage_healed":0,"gold_gain":0,"player_choice":"Offered Curse","damage_taken":0,"relics_obtained":["Spirit Poop"],"max_hp_gain":0,"max_hp_loss":0,"event_name":"Bonfire Elementals","floor":13,"gold_loss":0}],"is_beta":true,"boss_relics":[],"items_purged_floors":[],"is_endless":false,"potions_floor_spawned":[1,10,14],"killed_by":"The Guardian","ascension_level":5}