{"gold_per_floor":[118,118,133,308,321,336,371,385,385,385,411,31,100,100,100,100],"floor_reached":16,"playtime":1723,"items_purged":["Doubt"],"score":141,"play_id":"b9eb3d6e-0140-49d7-ab85-034283d0efda","local_time":"20190706213657","is_ascension_mode":true,"campfire_choices":[{"floor":10,"key":"REST"},{"floor":15,"key":"REST"}],"neow_cost":"PERCENT_DAMAGE","seed_source_timestamp":903479134969598,"circlet_count":0,"master_deck":["Strike_R","Strike_R","Strike_R","Strike_R","Strike_R","Defend_R","Defend_R","Defend_R","Defend_R","Bash","Feed","Flame Barrier+1","Carnage","Intimidate","Feel No Pain","Infernal Blade","Battle Trance","Infernal Blade+1"],"relics":["Burning Blood","Bag of Marbles","Shovel","Charon\u0027s Ashes"],"potions_floor_usage":[7,7,11,11],"damage_taken":[{"damage":8,"enemies":"Jaw Worm","floor":1,"turns":4},{"damage":7,"enemies":"Small Slimes","floor":3,"turns":5},{"damage":8,"enemies":"2 Louse","floor":5,"turns":2},{"damage":9,"enemies":"Blue Slaver","floor":6,"turns":7},{"damage":28,"enemies":"3 Sentries","floor":7,"turns":9},{"damage":0,"enemies":"3 Louse","floor":8,"turns":4},{"damage":42,"enemies":"Lagavulin","floor":11,"turns":7},{"damage":56,"enemies":"Slime Boss","floor":16,"turns":10}],"seed_played":"-5897629161868254219","potions_obtained":[{"floor":1,"key":"Block Potion"},{"floor":3,"key":"Fire Potion"},{"floor":7,"key":"LiquidBronze"},{"floor":8,"key":"SteroidPotion"}],"is_trial":false,"path_per_floor":["M","?","M","?","M","M","E","M","T","R","E","$","?","?","R","B"],"character_chosen":"IRONCLAD","items_purchased":["Charon\u0027s Ashes"],"campfire_rested":2,"item_purchase_floors":[12],"current_hp_per_floor":[57,62,64,64,65,62,40,49,49,78,42,42,42,23,52,0],"gold":100,"neow_bonus":"THREE_RARE_CARDS","is_prod":false,"is_daily":false,"chose_seed":false,"campfire_upgraded":0,"win_rate":0,"timestamp":1562463417,"path_taken":["M","?","M","?","M","M","E","M","T","R","E","$","?","?","R","BOSS"],"build_version":"2019-07-05","purchased_purges":1,"victory":false,"max_hp_per_floor":[83,88,91,91,94,94,94,97,97,97,97,97,97,97,97,97],"card_choices":[{"not_picked":["Barricade","Limit Break"],"picked":"Feed","floor":0},{"not_picked":["Hemokinesis","Armaments"],"picked":"Flame Barrier","floor":1},{"not_picked":["Iron Wave","Intimidate"],"picked":"Carnage","floor":3},{"not_picked":["Combust","Pommel Strike"],"picked":"Intimidate","floor":5},{"not_picked":["Power Through","Twin Strike"],"picked":"Feel No Pain","floor":6},{"not_picked":["Armaments","Carnage"],"picked":"Infernal Blade","floor":7},{"not_picked":["Clash","Sword Boomerang"],"picked":"Battle Trance","floor":8},{"not_picked":["Shrug It Off","Warcry"],"picked":"Infernal Blade","floor":11}],"player_experience":76192,"relics_obtained":[{"floor":7,"key":"Bag of Marbles"},{"floor":11,"key":"Shovel"}],"event_choices":[{"damage_healed":0,"gold_gain":0,"player_choice":"Donut","damage_taken":0,"max_hp_gain":5,"max_hp_loss":0,"event_name":"Big Fish","floor":2,"gold_loss":0},{"damage_healed":0,"gold_gain":175,"player_choice":"AGREE","damage_taken":0,"max_hp_gain":0,"max_hp_loss":0,"event_name":"Liars Game","floor":4,"gold_loss":0,"cards_obtained":["Doubt"]},{"damage_healed":0,"gold_gain":69,"player_choice":"Gained Gold","damage_taken":0,"max_hp_gain":0,"max_hp_loss":0,"event_name":"Golden Wing","floor":13,"gold_loss":0},{"damage_healed":0,"gold_gain":0,"player_choice":"Entered Light","damage_taken":19,"max_hp_gain":0,"max_hp_loss":0,"event_name":"Shining Light","floor":14,"gold_loss":0,"cards_upgraded":["Infernal Blade","Flame Barrier"]}],"is_beta":false,"boss_relics":[],"items_purged_floors":[12],"is_endless":false,"potions_floor_spawned":[1,3,7,8],"killed_by":"Slime Boss","ascension_level":1}