{"gold_per_floor":[115,115,134,155,155,155,191,216,265,309,309,345,345,368,368,457,457,475,475],"floor_reached":19,"playtime":685,"items_purged":[],"score":374,"play_id":"31cfb4ba-5147-4db4-8464-20958138e6d8","local_time":"20190616191500","is_ascension_mode":true,"campfire_choices":[{"data":"Bash","floor":6.0,"key":"SMITH"},{"data":"Creative AI","floor":15.0,"key":"SMITH"}],"neow_cost":"PERCENT_DAMAGE","seed_source_timestamp":436301300652055,"circlet_count":0,"master_deck":["AscendersBane","Strike_R","Strike_R","Defend_R","Defend_R","Defend_R","Defend_R","Bash+1","Discovery","Ball Lightning","Leap","Creative AI+1","Backflip","Uppercut","Reboot","Feed"],"special_seed":0,"relics":["Burning Blood","PrismaticShard","Golden Idol","Question Card","Orichalcum","Oddly Smooth Stone","Boot","Darkstone Periapt","Black Star"],"potions_floor_usage":[],"damage_taken":[{"damage":1.0,"enemies":"2 Louse","floor":1.0,"turns":4.0},{"damage":2.0,"enemies":"Jaw Worm","floor":3.0,"turns":3.0},{"damage":8.0,"enemies":"Small Slimes","floor":4.0,"turns":3.0},{"damage":8.0,"enemies":"Gremlin Nob","floor":7.0,"turns":3.0},{"damage":0.0,"enemies":"Blue Slaver","floor":8.0,"turns":6.0},{"damage":18.0,"enemies":"3 Sentries","floor":10.0,"turns":12.0},{"damage":33.0,"enemies":"Lagavulin","floor":12.0,"turns":9.0},{"damage":2.0,"enemies":"Large Slime","floor":14.0,"turns":8.0},{"damage":18.0,"enemies":"Hexaghost","floor":16.0,"turns":8.0},{"damage":14,"enemies":"Chosen","floor":18,"turns":7},{"damage":25,"enemies":"Shell Parasite","floor":19,"turns":4}],"seed_played":"-8574268662995755589","potions_obtained":[{"floor":4.0,"key":"SteroidPotion"},{"floor":8.0,"key":"SkillPotion"},{"floor":10.0,"key":"FearPotion"}],"is_trial":false,"path_per_floor":["M","?","M","M","?","R","E","M","T","E","?","E","T","M","R","B",null,"M","M"],"character_chosen":"IRONCLAD","items_purchased":[],"campfire_rested":0,"item_purchase_floors":[],"current_hp_per_floor":[55,55,59,57,57,57,55,61,61,49,42,15,15,19,19,7,53,48,23],"gold":475,"neow_bonus":"REMOVE_TWO","is_prod":false,"is_daily":false,"chose_seed":false,"campfire_upgraded":2,"win_rate":0,"timestamp":1560737700,"path_taken":["M","?","M","M","?","R","E","M","T","E","?","E","?","M","R","BOSS","M","M"],"build_version":"2019-01-23","purchased_purges":0,"victory":false,"max_hp_per_floor":[75,68,68,68,68,68,68,68,68,68,68,68,68,68,68,68,68,71,71],"card_choices":[{"not_picked":["Thunderclap","Combust"],"picked":"Discovery","floor":1.0},{"not_picked":["Blade Dance","Flechettes"],"picked":"Ball Lightning","floor":3.0},{"not_picked":["Stack","Dodge and Roll"],"picked":"Leap","floor":4.0},{"not_picked":["Dodge and Roll","Searing Blow"],"picked":"Creative AI","floor":7.0},{"not_picked":["Havoc","Flex","Prepared"],"picked":"Backflip","floor":8.0},{"not_picked":["Clothesline","Capacitor","Double Energy","Burst"],"picked":"SKIP","floor":10.0},{"not_picked":["Backstab","Sweeping Beam","Burning Pact"],"picked":"Uppercut","floor":12.0},{"not_picked":["Barrage","Anger","Genetic Algorithm"],"picked":"Reboot","floor":14.0},{"not_picked":["Malaise","Machine Learning","Offering"],"picked":"Feed","floor":16.0},{"not_picked":["Compile Driver","Beam Cell","Thunderclap","Body Slam"],"picked":"SKIP","floor":18}],"player_experience":799625,"relics_obtained":[{"floor":7.0,"key":"Question Card"},{"floor":9.0,"key":"Orichalcum"},{"floor":10.0,"key":"Oddly Smooth Stone"},{"floor":12.0,"key":"Boot"},{"floor":13.0,"key":"Darkstone Periapt"}],"event_choices":[{"damage_healed":0.0,"max_hp_gain":0.0,"max_hp_loss":7.0,"gold_gain":0.0,"event_name":"Golden Idol","player_choice":"Lose Max HP","floor":2.0,"gold_loss":0.0,"damage_taken":0.0,"relics_obtained":["Golden Idol"]},{"damage_healed":0.0,"max_hp_gain":0.0,"max_hp_loss":0.0,"gold_gain":0.0,"event_name":"Liars Game","player_choice":"Ignored","floor":5.0,"gold_loss":0.0,"damage_taken":0.0},{"cards_removed":["Strike_R"],"damage_healed":0.0,"max_hp_gain":0.0,"max_hp_loss":0.0,"gold_gain":0.0,"event_name":"Golden Wing","player_choice":"Card Removal","floor":11.0,"gold_loss":0.0,"damage_taken":7.0}],"is_beta":false,"boss_relics":[{"not_picked":["Runic Cube","Pandora\u0027s Box"],"picked":"Black Star"}],"items_purged_floors":[],"is_endless":false,"potions_floor_spawned":[4,8,10],"killed_by":"Shell Parasite","ascension_level":20}