{"gold_per_floor":[114,114,114,22,41,60,60,79,79,98,117,117,117,136,136,136],"floor_reached":16,"playtime":470,"items_purged":[],"score":94,"play_id":"6f514ba3-70a7-409e-bcb9-cd9d2a67aa2e","local_time":"20180725051048","daily_mods":["Allstar","Time Dilation","Lethality"],"is_ascension_mode":false,"campfire_choices":[{"floor":13,"key":"REST"},{"data":"Madness","floor":15,"key":"SMITH"}],"neow_cost":"","seed_source_timestamp":0,"circlet_count":0,"master_deck":["Strike_B","Strike_B","Strike_B","Strike_B","Defend_B","Defend_B","Defend_B","Defend_B","Zap","Dualcast","Good Instincts","Secret Weapon","Blind","Mind Blast","Deep Breath","Loop","Madness+1","Loop","Ball Lightning","Glacier","Parasite"],"special_seed":17737,"relics":["Cracked Core","Golden Idol","Singing Bowl","Bottled Flame"],"potions_floor_usage":[14],"damage_taken":[{"damage":9,"enemies":"Small Slimes","floor":1,"turns":2},{"damage":10,"enemies":"Jaw Worm","floor":5,"turns":2},{"damage":2,"enemies":"2 Louse","floor":6,"turns":3},{"damage":13,"enemies":"Looter","floor":8,"turns":2},{"damage":5,"enemies":"3 Louse","floor":10,"turns":2},{"damage":0,"enemies":"Large Slime","floor":11,"turns":4},{"damage":0,"enemies":"Lots of Slimes","floor":14,"turns":3},{"damage":81,"enemies":"Hexaghost","floor":16,"turns":9}],"seed_played":"4244373246101252923","potions_obtained":[{"floor":5,"key":"Explosive Potion"},{"floor":11,"key":"FocusPotion"}],"is_trial":false,"path_per_floor":["M","?","?","$","M","M","?","M","T","M","M","?","R","M","R"],"character_chosen":"DEFECT","items_purchased":["Madness"],"campfire_rested":1,"item_purchase_floors":[4],"current_hp_per_floor":[66,48,73,73,63,61,49,38,38,35,35,54,77,79,79,0],"gold":136,"neow_bonus":"","is_prod":false,"is_daily":true,"chose_seed":false,"campfire_upgraded":1,"win_rate":0,"timestamp":1532509848,"path_taken":["M","?","?","?","M","M","?","M","T","M","M","?","R","M","R","BOSS"],"build_version":"2018-07-24","purchased_purges":0,"victory":false,"max_hp_per_floor":[75,75,75,75,75,75,75,77,77,79,79,79,79,81,81,81],"card_choices":[{"not_picked":["Skim","Turbo"],"picked":"Loop","floor":1},{"not_picked":["Go for the Eyes","Melter"],"picked":"Loop","floor":5},{"not_picked":["Coolheaded","Reinforced Body"],"picked":"Ball Lightning","floor":6},{"not_picked":["Beam Cell","Aggregate","Coolheaded"],"picked":"Singing Bowl","floor":8},{"not_picked":["Ball Lightning","Sweeping Beam","Coolheaded"],"picked":"Singing Bowl","floor":10},{"not_picked":["Chaos","Beam Cell"],"picked":"Glacier","floor":11},{"not_picked":["Stack","Gash","Steam Power"],"picked":"Singing Bowl","floor":14}],"player_experience":500793,"relics_obtained":[{"floor":9,"key":"Bottled Flame"}],"event_choices":[{"event_name":"Golden Idol","player_choice":"Take Damage","floor":2,"damage_taken":0},{"event_name":"Big Fish","player_choice":"Banana","floor":3,"damage_taken":0},{"event_name":"Scrap Ooze","player_choice":"success","floor":7,"damage_taken":12},{"event_name":"Mushrooms","player_choice":"Healed and dodged fight","floor":12,"damage_taken":0}],"is_beta":true,"boss_relics":[],"items_purged_floors":[],"is_endless":false,"potions_floor_spawned":[5,11],"killed_by":"Hexaghost","ascension_level":0}