{"gold_per_floor":[118,138,138,157,157,157,177,202,202,222,241,255,266,283,283,356,356,370,380,295,134,151,151,186,186,186,186,221,237,237,137,137,214,214,229,229,229,246,246,271,297,311,337,367,398,423,423,440,440,440,440,440,440,85,118,118],"floor_reached":57,"playtime":3803,"items_purged":["Strike_R","Strike_R","Strike_R"],"score":2863,"play_id":"e44a5e6a-7574-4998-95fb-a68ed60aaf58","local_time":"20190524211837","is_ascension_mode":true,"campfire_choices":[{"data":"Carnage","floor":6.0,"key":"SMITH"},{"data":"Disarm","floor":15.0,"key":"SMITH"},{"data":"Demon Form","floor":23.0,"key":"SMITH"},{"data":"Shockwave","floor":25.0,"key":"SMITH"},{"floor":27.0,"key":"REST"},{"data":"Flame Barrier","floor":32.0,"key":"SMITH"},{"floor":49,"key":"RECALL"},{"data":"Feel No Pain","floor":53,"key":"SMITH"}],"neow_cost":"NONE","seed_source_timestamp":840361461529908,"circlet_count":0,"master_deck":["AscendersBane","Strike_R","Defend_R","Defend_R","Defend_R","Defend_R","Bash","Dark Embrace","Carnage+1","Pummel","Headbutt","Demon Form+1","Battle Trance","Shrug It Off","Inflame","Flame Barrier+1","Disarm+1","Reaper","Disarm","Shockwave+1","Uppercut+1","Flame Barrier+1","Feed","True Grit+1","Impervious+1","Metallicize","Burning Pact+1","Corruption","Feel No Pain+1","Ghostly Armor+1"],"special_seed":0,"relics":["Burning Blood","PreservedInsect","Question Card","Snecko Eye","Kunai","Ancient Tea Set","Toxic Egg 2","WingedGreaves","Sozu","Anchor","Molten Egg 2","Bag of Preparation","Regal Pillow","Strawberry","Medical Kit","Bag of Marbles"],"potions_floor_usage":[56],"damage_taken":[{"damage":9.0,"enemies":"2 Louse","floor":1.0,"turns":3.0},{"damage":10.0,"enemies":"Small Slimes","floor":2.0,"turns":5.0},{"damage":1.0,"enemies":"Cultist","floor":4.0,"turns":3.0},{"damage":15.0,"enemies":"Large Slime","floor":7.0,"turns":3.0},{"damage":0.0,"enemies":"Gremlin Nob","floor":8.0,"turns":2.0},{"damage":12.0,"enemies":"2 Fungi Beasts","floor":10.0,"turns":2.0},{"damage":7.0,"enemies":"3 Louse","floor":11.0,"turns":2.0},{"damage":12.0,"enemies":"Exordium Wildlife","floor":12.0,"turns":4.0},{"damage":6.0,"enemies":"Lots of Slimes","floor":13.0,"turns":4.0},{"damage":17.0,"enemies":"3 Louse","floor":14.0,"turns":4.0},{"damage":19.0,"enemies":"Hexaghost","floor":16.0,"turns":11.0},{"damage":5.0,"enemies":"Chosen","floor":18.0,"turns":4.0},{"damage":23.0,"enemies":"2 Thieves","floor":19.0,"turns":4.0},{"damage":40.0,"enemies":"Shelled Parasite and Fungi","floor":22.0,"turns":18.0},{"damage":44.0,"enemies":"Slavers","floor":24.0,"turns":5.0},{"damage":10.0,"enemies":"Gremlin Leader","floor":28.0,"turns":5.0},{"damage":10.0,"enemies":"Snake Plant","floor":29.0,"turns":3.0},{"damage":18.0,"enemies":"Champ","floor":33.0,"turns":10.0},{"damage":2.0,"enemies":"3 Shapes","floor":35.0,"turns":6.0},{"damage":2.0,"enemies":"Orb Walker","floor":38.0,"turns":4.0},{"damage":27.0,"enemies":"Giant Head","floor":40.0,"turns":7.0},{"damage":44.0,"enemies":"Reptomancer","floor":41.0,"turns":5.0},{"damage":18.0,"enemies":"Sphere and 2 Shapes","floor":42.0,"turns":5.0},{"damage":17.0,"enemies":"Nemesis","floor":44.0,"turns":7.0},{"damage":48,"enemies":"Giant Head","floor":45,"turns":9},{"damage":15,"enemies":"Reptomancer","floor":46,"turns":6},{"damage":0,"enemies":"Transient","floor":48,"turns":6},{"damage":34,"enemies":"Awakened One","floor":50,"turns":12},{"damage":66,"enemies":"Donu and Deca","floor":51,"turns":10},{"damage":45,"enemies":"Shield and Spear","floor":55,"turns":6},{"damage":61,"enemies":"The Heart","floor":56,"turns":10}],"seed_played":"-1944659435841955689","potions_obtained":[{"floor":1.0,"key":"FearPotion"},{"floor":7.0,"key":"EssenceOfSteel"},{"floor":8.0,"key":"Fire Potion"},{"floor":10.0,"key":"Fire Potion"},{"floor":14.0,"key":"Swift Potion"},{"floor":16.0,"key":"Swift Potion"},{"floor":18.0,"key":"GamblersBrew"},{"floor":19.0,"key":"Regen Potion"},{"floor":24.0,"key":"Regen Potion"},{"floor":29.0,"key":"SpeedPotion"}],"is_trial":false,"path_per_floor":["M","M","?","M","?","R","M","E","T","M","M","M","M","M","R","B",null,"M","M","?","$","M","R","E","R","T","R","E","M","?","$","R","B",null,"M","?","?","M","$","E","E","M","T","E","E","E","?","M","R","B","B",null,"R","$","E","B",null],"character_chosen":"IRONCLAD","items_purchased":["Disarm","Medical Kit"],"campfire_rested":1,"item_purchase_floors":[21,54],"current_hp_per_floor":[65,61,61,66,55,55,46,52,52,46,45,39,39,28,28,15,60,61,52,52,52,58,58,32,32,32,54,75,75,75,75,75,75,75,78,68,68,75,75,82,76,87,87,82,71,69,69,97,97,97,66,92,92,92,72,75],"gold":118,"neow_bonus":"ONE_RANDOM_RARE_CARD","is_prod":false,"is_daily":false,"chose_seed":false,"campfire_upgraded":6,"win_rate":0,"timestamp":1558757917,"path_taken":["M","M","?","M","?","R","M","E","T","M","M","M","?","M","R","BOSS","M","M","?","$","M","R","E","R","T","R","E","M","?","$","R","BOSS","M","?","?","?","$","E","E","M","T","E","E","E","?","M","R","BOSS","BOSS","R","$","E","BOSS"],"build_version":"2019-01-23","purchased_purges":3,"victory":true,"max_hp_per_floor":[75,75,75,75,75,75,75,75,75,75,75,75,75,75,75,75,75,75,75,75,75,75,75,75,75,75,75,75,75,75,75,75,75,75,78,78,78,81,81,84,84,87,87,90,90,97,97,97,97,97,100,100,100,100,103,106],"card_choices":[{"not_picked":["Bloodletting","Clothesline"],"picked":"Carnage","floor":1.0},{"not_picked":["Flex","Power Through"],"picked":"Pummel","floor":2.0},{"not_picked":["Rupture","Thunderclap"],"picked":"Headbutt","floor":4.0},{"not_picked":["Clash","Flex","Second Wind"],"picked":"SKIP","floor":7.0},{"not_picked":["Thunderclap","Iron Wave"],"picked":"Demon Form","floor":8.0},{"not_picked":["Metallicize","Intimidate","Twin Strike"],"picked":"Battle Trance","floor":10.0},{"not_picked":["Clothesline","Battle Trance","Warcry"],"picked":"Shrug It Off","floor":11.0},{"not_picked":["Metallicize","Rampage","Anger"],"picked":"Inflame","floor":12.0},{"not_picked":["Ghostly Armor","Perfected Strike","Uppercut"],"picked":"Flame Barrier","floor":13.0},{"not_picked":["Headbutt","Wild Strike","Pommel Strike"],"picked":"Disarm","floor":14.0},{"not_picked":["Fiend Fire","Double Tap","Barricade"],"picked":"Reaper","floor":16.0},{"not_picked":["Twin Strike","Bloodletting","Havoc","Body Slam"],"picked":"SKIP","floor":18.0},{"not_picked":["Cleave","Heavy Blade","Blood for Blood","Ghostly Armor"],"picked":"SKIP","floor":19.0},{"not_picked":["True Grit","Cleave","Warcry"],"picked":"Shockwave","floor":22.0},{"not_picked":["Flex","Blood for Blood","Sentinel"],"picked":"Uppercut+1","floor":24.0},{"not_picked":["Rupture","Immolate","Anger","Iron Wave"],"picked":"SKIP","floor":28.0},{"not_picked":["Blood for Blood+1","Iron Wave","Heavy Blade"],"picked":"Flame Barrier+1","floor":29.0},{"not_picked":["Offering+1","Brutality","Impervious+1"],"picked":"Feed","floor":33.0},{"not_picked":["Twin Strike","Battle Trance+1","Perfected Strike"],"picked":"True Grit+1","floor":35.0},{"not_picked":["Carnage+1","Havoc+1","Headbutt","Twin Strike"],"picked":"SKIP","floor":38.0},{"not_picked":["Searing Blow","Intimidate+1","Headbutt"],"picked":"Impervious+1","floor":40.0},{"not_picked":["Dropkick","Perfected Strike","Brutality","Entrench+1"],"picked":"SKIP","floor":41.0},{"not_picked":["Sword Boomerang+1","Searing Blow+1","Iron Wave+1"],"picked":"Metallicize","floor":42.0},{"not_picked":["Searing Blow+1","Flex+1","Twin Strike+1"],"picked":"Burning Pact+1","floor":44.0},{"not_picked":["Flame Barrier+1","Uppercut+1","Sever Soul+1"],"picked":"Corruption","floor":45},{"not_picked":["Sword Boomerang+1","Metallicize","Clash+1"],"picked":"Feel No Pain","floor":46},{"not_picked":["Entrench+1","Searing Blow+1","Perfected Strike+1","Uppercut+1"],"picked":"SKIP","floor":48},{"not_picked":["Body Slam+1","Pommel Strike+1","Second Wind+1"],"picked":"Ghostly Armor+1","floor":55}],"player_experience":721234,"relics_obtained":[{"floor":8.0,"key":"PreservedInsect"},{"floor":9.0,"key":"Question Card"},{"floor":24.0,"key":"Ancient Tea Set"},{"floor":26.0,"key":"Toxic Egg 2"},{"floor":28.0,"key":"WingedGreaves"},{"floor":40.0,"key":"Anchor"},{"floor":41.0,"key":"Molten Egg 2"},{"floor":44.0,"key":"Bag of Preparation"},{"floor":45,"key":"Regal Pillow"},{"floor":46,"key":"Strawberry"},{"floor":55,"key":"Bag of Marbles"}],"event_choices":[{"damage_healed":0.0,"max_hp_gain":0.0,"max_hp_loss":0.0,"gold_gain":0.0,"event_name":"Liars Game","player_choice":"Ignored","floor":3.0,"gold_loss":0.0,"damage_taken":0.0},{"damage_healed":0.0,"max_hp_gain":0.0,"max_hp_loss":0.0,"gold_gain":0.0,"event_name":"Wheel of Change","player_choice":"Damaged","floor":5.0,"gold_loss":0.0,"damage_taken":11.0},{"damage_healed":0.0,"max_hp_gain":0.0,"max_hp_loss":0.0,"gold_gain":0.0,"event_name":"Addict","player_choice":"Obtained Relic","floor":20.0,"gold_loss":85.0,"damage_taken":0.0,"relics_obtained":["Kunai"]},{"damage_healed":0.0,"max_hp_gain":0.0,"max_hp_loss":0.0,"gold_gain":0.0,"event_name":"Vampires","player_choice":"Ignored","floor":30.0,"gold_loss":0.0,"damage_taken":0.0},{"damage_healed":0.0,"max_hp_gain":0.0,"max_hp_loss":0.0,"gold_gain":0.0,"event_name":"SensoryStone","player_choice":"Memory 3","floor":36.0,"gold_loss":0.0,"damage_taken":10.0},{"cards_removed":["Strike_R"],"damage_healed":0.0,"max_hp_gain":0.0,"max_hp_loss":0.0,"gold_gain":0.0,"event_name":"Purifier","player_choice":"Purged","floor":37.0,"gold_loss":0.0,"damage_taken":0.0},{"damage_healed":0,"gold_gain":0,"player_choice":"Ignored","damage_taken":0,"max_hp_gain":0,"max_hp_loss":0,"event_name":"Tomb of Lord Red Mask","floor":47,"gold_loss":0}],"is_beta":false,"boss_relics":[{"not_picked":["Runic Cube","Empty Cage"],"picked":"Snecko Eye"},{"not_picked":["Runic Dome","Calling Bell"],"picked":"Sozu"}],"items_purged_floors":[21,31,54],"is_endless":false,"potions_floor_spawned":[1,7,8,10,14,16,18,19,24,29,35,42,44,55],"ascension_level":20}