{"gold_per_floor":[109,124,143,13,13,13,33,63,117,146,196,196,226,236,236,236],"floor_reached":16,"playtime":486,"items_purged":["Strike_R"],"score":220,"play_id":"c80c5f8b-1f5b-40ef-9380-aa4faa7a81ea","local_time":"20190523205020","is_ascension_mode":true,"campfire_choices":[{"data":"Combust","floor":6.0,"key":"SMITH"},{"floor":12.0,"key":"REST"},{"data":"Offering","floor":15,"key":"SMITH"}],"neow_cost":"NONE","seed_source_timestamp":755766570520969,"circlet_count":0,"master_deck":["AscendersBane","Strike_R","Strike_R","Strike_R","Defend_R","Defend_R+1","Defend_R+1","Defend_R","Bash","Combust+1","Pummel","Headbutt","Shrug It Off","Offering+1","Shrug It Off","Feel No Pain","Sword Boomerang"],"special_seed":0,"relics":["Burning Blood","Orichalcum","Dream Catcher","Ancient Tea Set"],"potions_floor_usage":[],"damage_taken":[{"damage":6.0,"enemies":"Cultist","floor":1.0,"turns":3.0},{"damage":5.0,"enemies":"2 Louse","floor":2.0,"turns":3.0},{"damage":10.0,"enemies":"Small Slimes","floor":3.0,"turns":4.0},{"damage":2.0,"enemies":"2 Fungi Beasts","floor":7.0,"turns":3.0},{"damage":27.0,"enemies":"Lagavulin","floor":10.0,"turns":7.0},{"damage":10.0,"enemies":"Gremlin Nob","floor":13.0,"turns":3.0},{"damage":9,"enemies":"Exordium Wildlife","floor":14,"turns":5},{"damage":52,"enemies":"The Guardian","floor":16,"turns":12}],"seed_played":"8614198197056381017","potions_obtained":[{"floor":2.0,"key":"FearPotion"},{"floor":3.0,"key":"Swift Potion"},{"floor":14,"key":"Regen Potion"}],"is_trial":false,"path_per_floor":["M","M","M","$","?","R","M","?","T","E","?","R","E","M","R","B"],"character_chosen":"IRONCLAD","items_purchased":["Shrug It Off"],"campfire_rested":1,"item_purchase_floors":[4],"current_hp_per_floor":[68,69,65,65,42,42,46,46,46,25,25,47,43,40,40,0],"gold":236,"neow_bonus":"REMOVE_CARD","is_prod":false,"is_daily":false,"chose_seed":false,"campfire_upgraded":2,"win_rate":0,"timestamp":1558669820,"path_taken":["M","M","M","?","?","R","M","?","T","E","?","R","E","M","R","BOSS"],"build_version":"2019-01-23","purchased_purges":1,"victory":false,"max_hp_per_floor":[75,75,75,75,75,75,75,75,75,75,75,75,75,75,75,75],"card_choices":[{"not_picked":["Shrug It Off","Cleave"],"picked":"Combust","floor":1.0},{"not_picked":["Thunderclap","Wild Strike"],"picked":"Pummel","floor":2.0},{"not_picked":["Rampage","Iron Wave"],"picked":"Headbutt","floor":3.0},{"not_picked":["Spot Weakness","Metallicize"],"picked":"Offering","floor":7.0},{"not_picked":["Cleave","Body Slam"],"picked":"Shrug It Off","floor":10.0},{"not_picked":["Wild Strike","Twin Strike"],"picked":"Feel No Pain","floor":13.0},{"not_picked":["Sentinel","Burning Pact"],"picked":"Sword Boomerang","floor":14}],"player_experience":719559,"relics_obtained":[{"floor":9.0,"key":"Orichalcum"},{"floor":10.0,"key":"Dream Catcher"},{"floor":13.0,"key":"Ancient Tea Set"}],"event_choices":[{"damage_healed":0.0,"max_hp_gain":0.0,"max_hp_loss":0.0,"gold_gain":0.0,"event_name":"Shining Light","player_choice":"Entered Light","floor":5.0,"gold_loss":0.0,"damage_taken":23.0,"cards_upgraded":["Defend_R","Defend_R"]},{"damage_healed":0.0,"max_hp_gain":0.0,"max_hp_loss":0.0,"gold_gain":30.0,"event_name":"Dead Adventurer","player_choice":"Searched \u00271\u0027 times","floor":8.0,"gold_loss":0.0,"damage_taken":0.0},{"damage_healed":0.0,"max_hp_gain":0.0,"max_hp_loss":0.0,"gold_gain":50.0,"event_name":"Golden Shrine","player_choice":"Pray","floor":11.0,"gold_loss":0.0,"damage_taken":0.0}],"is_beta":false,"boss_relics":[],"items_purged_floors":[4],"is_endless":false,"potions_floor_spawned":[2,3,14],"killed_by":"The Guardian","ascension_level":20}