{"gold_per_floor":[109,120,120,134,144,144,159,190,190,201,201,218,251,326,326,427,427,440,21,21,21,38,38,73,73,73,73,86,86,96,122,122,225,225,244,262,362,372,385,385,413,425,513,12,12,12,38,49,49,49,49,49,49,75,75],"floor_reached":56,"playtime":2727,"items_purged":["Strike_G","Strike_G"],"score":1415,"play_id":"3b7216d5-7c88-4828-a264-39c31eabf701","local_time":"20181116214446","is_ascension_mode":true,"campfire_choices":[{"data":"Neutralize","floor":6.0,"key":"SMITH"},{"data":"Cloak And Dagger","floor":11.0,"key":"SMITH"},{"data":"Strike_G","floor":15.0,"key":"PURGE"},{"data":"Footwork","floor":23.0,"key":"SMITH"},{"data":"Strike_G","floor":27.0,"key":"PURGE"},{"floor":29.0,"key":"RECALL"},{"data":"Strike_G","floor":32.0,"key":"PURGE"},{"data":"Malaise","floor":40.0,"key":"SMITH"},{"data":"Defend_G","floor":46.0,"key":"PURGE"},{"data":"Leg Sweep","floor":49.0,"key":"SMITH"},{"data":"Caltrops","floor":52.0,"key":"SMITH"}],"neow_cost":"NONE","seed_source_timestamp":238586493931300,"circlet_count":0,"master_deck":["Defend_G","Defend_G","Defend_G","Defend_G","Survivor","Neutralize+1","Dash","PiercingWail","Cloak And Dagger+1","Predator","Dodge and Roll","Finisher","Die Die Die","Footwork+1","Leg Sweep+1","Dagger Throw","Terror","Die Die Die","PiercingWail","Cloak And Dagger+1","Malaise+1","Blur+1","Caltrops+1","Caltrops+1","Well Laid Plans"],"special_seed":0,"relics":["Ring of the Snake","Vajra","Bag of Marbles","Pantograph","Peace Pipe","Sozu","Ornamental Fan","Enchiridion","Singing Bowl","Gremlin Horn","Black Star","Happy Flower","MawBank","Blue Candle","Oddly Smooth Stone","ClockworkSouvenir","Blood Vial","Calipers","Tough Bandages","Matryoshka","Meat on the Bone"],"potions_floor_usage":[55],"damage_taken":[{"damage":0.0,"enemies":"Jaw Worm","floor":1.0,"turns":5.0},{"damage":0.0,"enemies":"Cultist","floor":2.0,"turns":4.0},{"damage":0.0,"enemies":"2 Louse","floor":4.0,"turns":3.0},{"damage":0.0,"enemies":"2 Fungi Beasts","floor":5.0,"turns":5.0},{"damage":0.0,"enemies":"Large Slime","floor":7.0,"turns":5.0},{"damage":7.0,"enemies":"3 Sentries","floor":8.0,"turns":6.0},{"damage":3.0,"enemies":"Lots of Slimes","floor":10.0,"turns":5.0},{"damage":0.0,"enemies":"Blue Slaver","floor":12.0,"turns":2.0},{"damage":16.0,"enemies":"Lagavulin","floor":13.0,"turns":4.0},{"damage":4.0,"enemies":"Slime Boss","floor":16.0,"turns":9.0},{"damage":16.0,"enemies":"Spheric Guardian","floor":18.0,"turns":4.0},{"damage":0.0,"enemies":"Shell Parasite","floor":22.0,"turns":3.0},{"damage":0.0,"enemies":"Gremlin Leader","floor":24.0,"turns":4.0},{"damage":0.0,"enemies":"Chosen and Byrds","floor":28.0,"turns":6.0},{"damage":5.0,"enemies":"Snake Plant","floor":30.0,"turns":5.0},{"damage":9.0,"enemies":"Slavers","floor":31.0,"turns":4.0},{"damage":19.0,"enemies":"Collector","floor":33.0,"turns":10.0},{"damage":0.0,"enemies":"3 Darklings","floor":35.0,"turns":4.0},{"damage":0.0,"enemies":"3 Shapes","floor":36.0,"turns":4.0},{"damage":17.0,"enemies":"Transient","floor":38.0,"turns":5.0},{"damage":3.0,"enemies":"Sphere and 2 Shapes","floor":39.0,"turns":5.0},{"damage":0.0,"enemies":"Reptomancer","floor":41.0,"turns":8.0},{"damage":3.0,"enemies":"Giant Head","floor":47.0,"turns":9.0},{"damage":0.0,"enemies":"Jaw Worm Horde","floor":48.0,"turns":2.0},{"damage":0.0,"enemies":"Awakened One","floor":50.0,"turns":25.0},{"damage":25,"enemies":"Shield and Spear","floor":54,"turns":8},{"damage":86,"enemies":"The Heart","floor":55,"turns":15}],"seed_played":"-9092974610316175186","potions_obtained":[{"floor":1.0,"key":"EntropicBrew"},{"floor":2.0,"key":"EssenceOfSteel"},{"floor":7.0,"key":"LiquidBronze"},{"floor":12.0,"key":"Explosive Potion"},{"floor":13.0,"key":"Swift Potion"}],"is_trial":false,"path_per_floor":["M","M","?","M","M","R","M","E","T","M","R","M","E","?","R","B",null,"M","$","?","?","M","R","E","?","T","R","M","R","M","E","R","B",null,"M","M","?","M","M","R","E","$","T","$","T","R","E","M","R","B",null,"R","$","E","B",null],"character_chosen":"THE_SILENT","items_purchased":["Ornamental Fan","Leg Sweep","Oddly Smooth Stone","Caltrops","ClockworkSouvenir"],"campfire_rested":0,"item_purchase_floors":[19,19,44,44,44],"current_hp_per_floor":[77,77,77,77,77,77,77,70,70,67,67,67,51,40,40,61,77,61,61,61,45,45,45,47,47,47,47,49,49,44,37,37,43,83,85,85,85,68,65,65,65,65,65,65,65,65,66,68,68,87,87,87,87,62,13],"gold":75,"neow_bonus":"TEN_PERCENT_HP_BONUS","is_prod":false,"is_daily":false,"chose_seed":false,"campfire_upgraded":6,"win_rate":0,"timestamp":1542429886,"path_taken":["M","M","?","M","M","R","M","E","T","?","R","M","E","?","R","BOSS","M","$","?","?","M","R","E","?","T","R","?","R","M","E","R","BOSS","M","M","?","M","M","R","E","$","T","$","?","R","E","M","R","BOSS","R","$","E","BOSS"],"build_version":"2018-11-15","purchased_purges":2,"victory":true,"max_hp_per_floor":[77,77,77,77,77,77,77,77,77,77,77,77,77,77,77,77,77,77,77,77,77,77,77,79,79,79,79,81,81,81,83,83,83,83,85,85,85,85,85,85,85,85,85,85,85,85,87,87,87,87,87,87,87,87,87],"card_choices":[{"not_picked":["Leg Sweep","Outmaneuver"],"picked":"Dash","floor":1.0},{"not_picked":["Acrobatics","Masterful Stab"],"picked":"PiercingWail","floor":2.0},{"not_picked":["Acrobatics","Concentrate"],"picked":"Cloak And Dagger","floor":4.0},{"not_picked":["Underhanded Strike","Deflect"],"picked":"Predator","floor":5.0},{"not_picked":["Sucker Punch","Calculated Gamble"],"picked":"Dodge and Roll","floor":7.0},{"not_picked":["Flying Knee","Blade Dance"],"picked":"Finisher","floor":8.0},{"not_picked":["Acrobatics","Bane"],"picked":"Die Die Die","floor":10.0},{"not_picked":["Eviscerate","Caltrops","Flying Knee"],"picked":"SKIP","floor":12.0},{"not_picked":["Dagger Throw","Escape Plan","Deflect"],"picked":"SKIP","floor":13.0},{"not_picked":["Outmaneuver+1","Prepared"],"picked":"Footwork","floor":18.0},{"not_picked":["Masterful Stab","Escape Plan"],"picked":"Dagger Throw","floor":22.0},{"not_picked":["Wraith Form v2","Reflex","Riddle With Holes+1"],"picked":"Singing Bowl","floor":24.0},{"not_picked":["Tactician","Slice","Dagger Throw"],"picked":"Singing Bowl","floor":28.0},{"not_picked":["Blade Dance","Predator"],"picked":"Terror","floor":30.0},{"not_picked":["Catalyst+1","Flechettes","Crippling Poison"],"picked":"Singing Bowl","floor":31.0},{"not_picked":["Phantasmal Killer","Grand Finale"],"picked":"Die Die Die","floor":33.0},{"not_picked":["Acrobatics","Deadly Poison+1","Dagger Throw"],"picked":"Singing Bowl","floor":35.0},{"not_picked":["Prepared","Eviscerate+1"],"picked":"PiercingWail","floor":36.0},{"not_picked":["Skewer","Sucker Punch+1"],"picked":"Cloak And Dagger+1","floor":38.0},{"not_picked":["Bane","Flechettes+1"],"picked":"Malaise","floor":39.0},{"not_picked":["Deflect","Masterful Stab"],"picked":"Blur+1","floor":41.0},{"not_picked":["Cloak And Dagger","Blur","Sucker Punch+1"],"picked":"Singing Bowl","floor":47.0},{"not_picked":["Bouncing Flask+1","Concentrate"],"picked":"Caltrops+1","floor":48.0},{"not_picked":["Flying Knee+1","Acrobatics"],"picked":"Well Laid Plans","floor":54}],"player_experience":631880,"relics_obtained":[{"floor":8.0,"key":"Bag of Marbles"},{"floor":9.0,"key":"Pantograph"},{"floor":13.0,"key":"Peace Pipe"},{"floor":21.0,"key":"Enchiridion"},{"floor":24.0,"key":"Singing Bowl"},{"floor":31.0,"key":"Gremlin Horn"},{"floor":41.0,"key":"Happy Flower"},{"floor":41.0,"key":"MawBank"},{"floor":43.0,"key":"Blue Candle"},{"floor":45.0,"key":"Blood Vial"},{"floor":47.0,"key":"Calipers"},{"floor":47.0,"key":"Tough Bandages"},{"floor":54,"key":"Matryoshka"},{"floor":54,"key":"Meat on the Bone"}],"event_choices":[{"damage_healed":0.0,"max_hp_gain":0.0,"max_hp_loss":0.0,"gold_gain":0.0,"event_name":"WeMeetAgain","player_choice":"Gave Potion","floor":3.0,"gold_loss":0.0,"damage_taken":0.0,"relics_obtained":["Vajra"]},{"damage_healed":0.0,"max_hp_gain":0.0,"max_hp_loss":0.0,"gold_gain":75.0,"event_name":"World of Goop","player_choice":"Gather Gold","floor":14.0,"gold_loss":0.0,"damage_taken":11.0},{"damage_healed":0.0,"max_hp_gain":0.0,"max_hp_loss":0.0,"gold_gain":0.0,"event_name":"Vampires","player_choice":"Ignored","floor":20.0,"gold_loss":0.0,"damage_taken":0.0},{"damage_healed":0.0,"max_hp_gain":0.0,"max_hp_loss":0.0,"gold_gain":0.0,"event_name":"Cursed Tome","player_choice":"Obtained Book","floor":21.0,"gold_loss":0.0,"damage_taken":16.0},{"damage_healed":0.0,"max_hp_gain":0.0,"max_hp_loss":0.0,"gold_gain":0.0,"event_name":"Lab","player_choice":"Got Potions","floor":25.0,"gold_loss":0.0,"damage_taken":0.0},{"damage_healed":0.0,"max_hp_gain":0.0,"max_hp_loss":0.0,"gold_gain":100.0,"event_name":"Golden Shrine","player_choice":"Pray","floor":37.0,"gold_loss":0.0,"damage_taken":0.0}],"is_beta":false,"boss_relics":[{"not_picked":["Ectoplasm","White Beast Statue"],"picked":"Sozu"},{"not_picked":["Eternal Feather","Runic Pyramid"],"picked":"Black Star"}],"items_purged_floors":[19,44],"is_endless":false,"potions_floor_spawned":[1,2,7,12,13,24,31,33,38,39,41,48],"ascension_level":1}