{"gold_per_floor":[19,19,19,19,37,70,80,114,139,150,166,341,341,376,376,473,473,484,409,425,53,53,53,70,96,122,122,151,151,151,164,164,164],"floor_reached":33,"playtime":1282,"items_purged":[],"score":441,"play_id":"7e31cab5-2804-4432-9baf-a8dbc88dedd3","local_time":"20190630103538","is_ascension_mode":true,"campfire_choices":[{"floor":15,"key":"REST"},{"floor":23,"key":"REST"},{"floor":27,"key":"REST"},{"floor":30,"key":"REST"},{"floor":32,"key":"REST"}],"neow_cost":"NO_GOLD","seed_source_timestamp":243183879930500,"circlet_count":0,"master_deck":["Strike_B+1","Strike_B+1","Strike_B+1","Defend_B+1","Defend_B+1","Defend_B+1","Defend_B+1","Zap","Dualcast","Leap","Buffer","Melter","Beam Cell","Consume","Loop","Loop","Double Energy","Leap","Core Surge","Fission","Static Discharge+1","Chrysalis","Glacier"],"relics":["Cracked Core","Ginger","Anchor","Bronze Scales","Happy Flower","Singing Bowl","Orrery","PrismaticShard","Red Mask","Juzu Bracelet","Letter Opener"],"potions_floor_usage":[6,10,14,16,20,25,28,31],"damage_taken":[{"damage":0,"enemies":"Cultist","floor":1,"turns":3},{"damage":0,"enemies":"Small Slimes","floor":5,"turns":3},{"damage":17,"enemies":"Gremlin Nob","floor":6,"turns":5},{"damage":2,"enemies":"2 Louse","floor":7,"turns":3},{"damage":22,"enemies":"3 Sentries","floor":8,"turns":8},{"damage":0,"enemies":"Looter","floor":10,"turns":2},{"damage":4,"enemies":"Red Slaver","floor":11,"turns":3},{"damage":13,"enemies":"Lagavulin","floor":14,"turns":5},{"damage":0,"enemies":"Slime Boss","floor":16,"turns":8},{"damage":2,"enemies":"Chosen","floor":18,"turns":4},{"damage":16,"enemies":"Shell Parasite","floor":20,"turns":3},{"damage":22,"enemies":"Cultist and Chosen","floor":24,"turns":5},{"damage":32,"enemies":"Masked Bandits","floor":25,"turns":3},{"damage":56,"enemies":"Slavers","floor":28,"turns":7},{"damage":10,"enemies":"Shelled Parasite and Fungi","floor":31,"turns":7},{"damage":107,"enemies":"Automaton","floor":33,"turns":12}],"seed_played":"1591825437969972961","potions_obtained":[{"floor":5,"key":"LiquidBronze"},{"floor":8,"key":"FearPotion"},{"floor":11,"key":"SpeedPotion"},{"floor":14,"key":"PowerPotion"},{"floor":18,"key":"AttackPotion"},{"floor":24,"key":"Explosive Potion"},{"floor":25,"key":"Dexterity Potion"},{"floor":31,"key":"Fruit Juice"}],"is_trial":false,"path_per_floor":["M","$","?","$","M","E","M","E","T","M","M","?","?","E","R","B",null,"M","?","M","$","?","R","M","?","T","R","E","T","R","M","R","B"],"character_chosen":"DEFECT","items_purchased":["Chrysalis","PrismaticShard"],"campfire_rested":5,"item_purchase_floors":[21,21],"current_hp_per_floor":[75,75,75,75,75,58,56,34,34,34,30,30,23,12,35,35,75,73,73,59,59,59,85,65,35,35,62,6,6,33,30,59,0],"gold":164,"neow_bonus":"ONE_RARE_RELIC","is_prod":false,"is_daily":false,"chose_seed":false,"campfire_upgraded":0,"win_rate":0,"timestamp":1561905338,"path_taken":["M","?","?","$","?","E","M","E","T","M","M","?","?","E","R","BOSS","M","?","M","$","?","R","M","?","T","R","E","?","R","M","R","BOSS"],"build_version":"2019-06-29","purchased_purges":0,"victory":false,"max_hp_per_floor":[75,75,75,75,75,75,75,75,75,75,75,75,75,77,77,77,85,85,85,87,87,87,87,89,91,91,91,91,91,91,98,98,98],"card_choices":[{"not_picked":["Compile Driver","Rebound"],"picked":"Leap","floor":1},{"not_picked":["Reprogram","Go for the Eyes"],"picked":"Beam Cell","floor":5},{"not_picked":["Rebound","Chill"],"picked":"Consume","floor":6},{"not_picked":["Steam Power","Rip and Tear"],"picked":"Loop","floor":7},{"not_picked":["Compile Driver","Coolheaded"],"picked":"Loop","floor":8},{"not_picked":["Cold Snap","Machine Learning"],"picked":"Double Energy","floor":10},{"not_picked":["Sweeping Beam","Scrape"],"picked":"Leap","floor":11},{"not_picked":["Darkness","Rainbow","Hologram"],"picked":"Singing Bowl","floor":14},{"not_picked":["Multi-Cast","All For One"],"picked":"Core Surge","floor":16},{"not_picked":["Beam Cell","Turbo","Streamline"],"picked":"Singing Bowl","floor":17},{"not_picked":["Lockon","Gash","FTL"],"picked":"Singing Bowl","floor":17},{"not_picked":["Rip and Tear","Rebound","Compile Driver"],"picked":"Singing Bowl","floor":17},{"not_picked":["Go for the Eyes","Streamline"],"picked":"Fission","floor":17},{"not_picked":["Hologram","Reprogram","Cold Snap"],"picked":"Singing Bowl","floor":17},{"not_picked":["Heatsinks","Reinforced Body"],"picked":"Static Discharge+1","floor":18},{"not_picked":["Reinforced Body","Streamline","Barrage+1"],"picked":"Singing Bowl","floor":20},{"not_picked":["Coolheaded","Acrobatics","Reprogram"],"picked":"Singing Bowl","floor":24},{"not_picked":["Slice","Coolheaded+1","Deadly Poison"],"picked":"Singing Bowl","floor":25},{"not_picked":["Backflip","Inflame"],"picked":"Glacier","floor":28},{"not_picked":["Anger+1","Body Slam","Cleave"],"picked":"Singing Bowl","floor":31}],"player_experience":1158671,"relics_obtained":[{"floor":6,"key":"Anchor"},{"floor":8,"key":"Bronze Scales"},{"floor":9,"key":"Happy Flower"},{"floor":14,"key":"Singing Bowl"},{"floor":25,"key":"Red Mask"},{"floor":28,"key":"Juzu Bracelet"},{"floor":29,"key":"Letter Opener"}],"event_choices":[{"damage_healed":0,"gold_gain":0,"player_choice":"2 cards matched","damage_taken":0,"max_hp_gain":0,"max_hp_loss":0,"event_name":"Match and Keep!","floor":3,"gold_loss":0,"cards_obtained":["Buffer","Melter"]},{"damage_healed":0,"gold_gain":175,"player_choice":"AGREE","damage_taken":0,"max_hp_gain":0,"max_hp_loss":0,"event_name":"Liars Game","floor":12,"gold_loss":0,"cards_obtained":["Doubt"]},{"cards_removed":["Doubt"],"damage_healed":0,"gold_gain":0,"player_choice":"Card Removal","damage_taken":7,"max_hp_gain":0,"max_hp_loss":0,"event_name":"Golden Wing","floor":13,"gold_loss":0},{"cards_removed":["Strike_B"],"damage_healed":0,"gold_gain":0,"player_choice":"Gave Gold","damage_taken":0,"max_hp_gain":0,"max_hp_loss":0,"event_name":"Beggar","floor":19,"gold_loss":75},{"damage_healed":0,"gold_gain":0,"player_choice":"Simplicity","damage_taken":0,"max_hp_gain":0,"max_hp_loss":0,"event_name":"Back to Basics","floor":22,"gold_loss":0,"cards_upgraded":["Strike_B","Strike_B","Strike_B","Defend_B","Defend_B","Defend_B","Defend_B"]},{"damage_healed":0,"gold_gain":0,"player_choice":"Fought Bandits","damage_taken":0,"max_hp_gain":0,"max_hp_loss":0,"event_name":"Masked Bandits","floor":25,"gold_loss":0}],"is_beta":true,"boss_relics":[{"not_picked":["FrozenCore","Snecko Eye"],"picked":"Orrery"}],"items_purged_floors":[],"is_endless":false,"potions_floor_spawned":[5,8,11,14,18,24,25,31],"killed_by":"Automaton","ascension_level":5}