{"path_per_floor":["M","?","M","$","M","R","M","R","T","?","?","M","M","M","R"],"character_chosen":"DEFECT","items_purchased":["Torii"],"gold_per_floor":[366,366,380,83,102,102,122,122,122,297,297,310,327,341,341,341],"floor_reached":16,"campfire_rested":1,"playtime":622,"current_hp_per_floor":[56,61,61,61,60,60,52,52,52,52,19,18,12,4,25,0],"items_purged":[],"gold":341,"score":94,"play_id":"45dad0db-4484-4ca2-baf2-7019613c8c7e","local_time":"20180504202703","is_prod":false,"is_daily":false,"chose_seed":false,"is_ascension_mode":false,"campfire_upgraded":2,"timestamp":1525480023,"path_taken":["M","?","?","$","?","R","M","R","T","?","?","?","M","?","R","BOSS"],"build_version":"2018-05-03","seed_source_timestamp":1650670667552021,"purchased_purges":0,"victory":false,"master_deck":["Strike_B","Strike_B","Strike_B","Strike_B","Defend_B","Defend_B","Defend_B","Defend_B","Zap","Dualcast","Streamline","Aggregate+1","Cold Snap","Lockon+1","Doubt","Sweeping Beam","Chaos","Defragment"],"max_hp_per_floor":[68,73,73,73,73,73,73,73,73,73,73,73,73,73,73,73],"relics":["Cracked Core","Torii","Matryoshka","Prayer Wheel"],"card_choices":[{"not_picked":["Hologram","Turbo"],"picked":"Streamline","floor":1},{"not_picked":["Coolheaded","Leap"],"picked":"Aggregate","floor":3},{"not_picked":["Turbo","Beam Cell"],"picked":"Cold Snap","floor":5},{"not_picked":["Reinforced Body","Beam Cell"],"picked":"Lockon","floor":7},{"not_picked":["Rebound","Barrage"],"picked":"Sweeping Beam","floor":12},{"not_picked":["Hologram","Cold Snap"],"picked":"Chaos","floor":13},{"not_picked":["Impulse","Ball Lightning"],"picked":"Defragment","floor":14}],"player_experience":143278,"potions_floor_usage":[12,13,16,16],"damage_taken":[{"damage":12,"enemies":"2 Louse","floor":1,"turns":2},{"damage":0,"enemies":"Small Slimes","floor":3,"turns":2},{"damage":1,"enemies":"Cultist","floor":5,"turns":4},{"damage":8,"enemies":"Lots of Slimes","floor":7,"turns":4},{"damage":1,"enemies":"2 Fungi Beasts","floor":12,"turns":2},{"damage":6,"enemies":"Red Slaver","floor":13,"turns":2},{"damage":8,"enemies":"3 Louse","floor":14,"turns":3},{"damage":27,"enemies":"Slime Boss","floor":16,"turns":6}],"event_choices":[{"event_name":"Big Fish","player_choice":"Donut","floor":2,"damage_taken":0},{"event_name":"Liars Game","player_choice":"agreed","floor":10,"damage_taken":0},{"event_name":"Scrap Ooze","player_choice":"success","floor":11,"damage_taken":33}],"boss_relics":[],"potions_floor_spawned":[5,7,12,14],"seed_played":"4978638411697728232","killed_by":"Slime Boss","ascension_level":0,"is_trial":false}