{"path_per_floor":["M","?","?","?","M","R","E","R","T","?","$","T","M","M","R","B",null,"M","M","?","M","M","R","?","?","T"],"character_chosen":"IRONCLAD","items_purchased":["Shockwave","Inflame"],"gold_per_floor":[116,116,66,66,83,83,115,115,115,115,7,33,57,76,76,196,196,210,226,259,273,297,297,297,297,297,297],"floor_reached":27,"campfire_rested":2,"playtime":1150,"current_hp_per_floor":[80,80,80,80,80,80,51,80,80,60,60,60,80,80,80,51,80,58,57,36,25,23,62,62,62,62,0],"items_purged":[],"gold":297,"score":211,"play_id":"aa147e9a-bd33-4c78-8f31-ac37bd0da7db","local_time":"20180508191424","is_prod":false,"is_daily":false,"chose_seed":false,"is_ascension_mode":false,"campfire_upgraded":2,"timestamp":1525821264,"path_taken":["M","?","?","?","?","R","E","R","T","?","$","?","?","M","R","BOSS","M","?","?","M","M","R","?","?","T","E"],"build_version":"2018-05-07","seed_source_timestamp":9092422585761,"purchased_purges":0,"victory":false,"master_deck":["Strike_R","Strike_R","Strike_R","Defend_R","Bash","Dark Embrace+1","Clash","Ghostly Armor","Reaper+1","Shockwave","Inflame","Iron Wave","Clash","Barricade","Iron Wave","Entrench","Ghostly Armor","Thunderclap","Feel No Pain","Clash","Rupture","Impervious"],"max_hp_per_floor":[80,80,80,80,80,80,80,80,80,80,80,80,80,80,80,80,80,80,80,80,80,80,80,80,80,80,80],"relics":["Burning Blood","Regal Pillow","Meat on the Bone","Golden Idol","Vajra","Orrery","Red Mask","Darkstone Periapt"],"card_choices":[{"not_picked":["Twin Strike","Armaments"],"picked":"Clash","floor":1},{"not_picked":["Reckless Charge","Wild Strike"],"picked":"Ghostly Armor","floor":5},{"not_picked":["Havoc","Whirlwind"],"picked":"Reaper","floor":7},{"not_picked":["Headbutt","True Grit"],"picked":"Iron Wave","floor":13},{"not_picked":["Burning Pact","Heavy Blade"],"picked":"Clash","floor":14},{"not_picked":["Feed","Offering"],"picked":"Barricade","floor":16},{"not_picked":["Twin Strike","Corruption"],"picked":"Iron Wave","floor":17},{"not_picked":["Warcry","Flame Barrier"],"picked":"Entrench","floor":17},{"not_picked":["Metallicize","True Grit"],"picked":"Ghostly Armor","floor":17},{"not_picked":["Twin Strike","Anger"],"picked":"Thunderclap","floor":17},{"not_picked":["Carnage","Heavy Blade"],"picked":"Feel No Pain","floor":18},{"not_picked":["Second Wind","Perfected Strike"],"picked":"Clash","floor":19},{"not_picked":["Thunderclap","Twin Strike"],"picked":"Rupture","floor":20},{"not_picked":["Seeing Red","Armaments"],"picked":"Impervious","floor":22}],"player_experience":213056,"potions_floor_usage":[14,19,22],"damage_taken":[{"damage":6,"enemies":"2 Louse","floor":1,"turns":3},{"damage":1,"enemies":"Cultist","floor":5,"turns":3},{"damage":35,"enemies":"Lagavulin","floor":7,"turns":7},{"damage":0,"enemies":"Small Slimes","floor":13,"turns":3},{"damage":7,"enemies":"3 Louse","floor":14,"turns":3},{"damage":35,"enemies":"The Guardian","floor":16,"turns":9},{"damage":28,"enemies":"Chosen","floor":18,"turns":5},{"damage":19,"enemies":"Spheric Guardian","floor":19,"turns":6},{"damage":51,"enemies":"Masked Bandits","floor":20,"turns":7},{"damage":29,"enemies":"Snake Plant","floor":21,"turns":6},{"damage":46,"enemies":"Centurion and Healer","floor":22,"turns":8},{"damage":71,"enemies":"Book of Stabbing","floor":27,"turns":9}],"event_choices":[{"event_name":"Wheel of Change","player_choice":"Card Removal","floor":2,"damage_taken":0},{"event_name":"The Cleric","player_choice":"Card Removal","floor":3,"damage_taken":0},{"event_name":"Living Wall","player_choice":"Forget","floor":4,"damage_taken":0},{"event_name":"Golden Idol","player_choice":"Take Damage","floor":10,"damage_taken":0},{"event_name":"Masked Bandits","player_choice":"Fought over 226 gold","floor":20,"damage_taken":0},{"event_name":"Purifier","player_choice":"One Purge","floor":24,"damage_taken":0},{"event_name":"Back to Basics","player_choice":"Elegance","floor":25,"damage_taken":0}],"boss_relics":[{"not_picked":["Calling Bell","Philosopher\u0027s Stone"],"picked":"Orrery"}],"potions_floor_spawned":[13,18,21,22],"seed_played":"-4859631129419367828","killed_by":"Book of Stabbing","ascension_level":0,"is_trial":false}