{"gold_per_floor":[118,118,133,45,57,84,84,84,108,108,108,108,125,136,136,209,209,223,234,334,53,53,53,68,68,68,94,94,106,106,125,125,201,201,219,219,219,239,22,55,55,90,90,110,110,130,41,52,52,52],"floor_reached":50,"playtime":2263,"items_purged":[],"score":1140,"play_id":"db4c3e2f-4a47-42b8-aa3c-f9e5b5881547","local_time":"20190531181007","is_ascension_mode":true,"campfire_choices":[{"data":"Demon Form","floor":7.0,"key":"SMITH"},{"data":"Metallicize","floor":10.0,"key":"SMITH"},{"data":"Pummel","floor":15.0,"key":"SMITH"},{"data":"Demon Form","floor":23.0,"key":"SMITH"},{"data":"Sword Boomerang","floor":25.0,"key":"SMITH"},{"data":"Heavy Blade","floor":28.0,"key":"SMITH"},{"floor":30.0,"key":"REST"},{"floor":32.0,"key":"REST"},{"floor":41.0,"key":"REST"},{"floor":49,"key":"REST"}],"neow_cost":"NONE","seed_source_timestamp":0,"circlet_count":0,"master_deck":["AscendersBane","Strike_R","Strike_R","Strike_R","Strike_R","Strike_R","Defend_R","Defend_R","Defend_R","Defend_R","Bash","Metallicize+1","Demon Form+1","Flame Barrier","Pummel+1","Demon Form+1","Pummel","Shrug It Off+1","Thunderclap","Shrug It Off","Heavy Blade+1","Sword Boomerang+1","Disarm+1","Battle Trance","Sword Boomerang","Battle Trance","Flash of Steel"],"special_seed":0,"relics":["Burning Blood","Lantern","Pocketwatch","Potion Belt","Mark of Pain","StoneCalendar","Darkstone Periapt","Red Skull","Pear","Singing Bowl","Cursed Key","Bag of Preparation","Dream Catcher","PreservedInsect"],"potions_floor_usage":[50,50,50],"damage_taken":[{"damage":9.0,"enemies":"Jaw Worm","floor":1.0,"turns":3.0},{"damage":3.0,"enemies":"Cultist","floor":3.0,"turns":4.0},{"damage":11.0,"enemies":"Small Slimes","floor":5.0,"turns":4.0},{"damage":26.0,"enemies":"3 Sentries","floor":6.0,"turns":10.0},{"damage":6.0,"enemies":"2 Fungi Beasts","floor":13.0,"turns":5.0},{"damage":6.0,"enemies":"Exordium Thugs","floor":14.0,"turns":5.0},{"damage":11.0,"enemies":"The Guardian","floor":16.0,"turns":12.0},{"damage":4.0,"enemies":"Chosen","floor":18.0,"turns":5.0},{"damage":21.0,"enemies":"2 Thieves","floor":19.0,"turns":5.0},{"damage":13.0,"enemies":"Colosseum Slavers","floor":20.0,"turns":5.0},{"damage":38.0,"enemies":"Colosseum Nobs","floor":20.0,"turns":4.0},{"damage":0.0,"enemies":"3 Cultists","floor":24.0,"turns":3.0},{"damage":33.0,"enemies":"Gremlin Leader","floor":27.0,"turns":5.0},{"damage":13.0,"enemies":"Snecko","floor":29.0,"turns":3.0},{"damage":12.0,"enemies":"Centurion and Healer","floor":31.0,"turns":4.0},{"damage":19.0,"enemies":"Champ","floor":33.0,"turns":8.0},{"damage":40.0,"enemies":"3 Darklings","floor":35.0,"turns":5.0},{"damage":12.0,"enemies":"Orb Walker","floor":38.0,"turns":4.0},{"damage":43.0,"enemies":"Giant Head","floor":40.0,"turns":6.0},{"damage":26.0,"enemies":"Nemesis","floor":42.0,"turns":5.0},{"damage":17.0,"enemies":"3 Darklings","floor":44.0,"turns":5.0},{"damage":18,"enemies":"Spire Growth","floor":46,"turns":3},{"damage":11,"enemies":"Sphere and 2 Shapes","floor":48,"turns":6},{"damage":49,"enemies":"Awakened One","floor":50,"turns":3}],"seed_played":"-135019374959399235","potions_obtained":[{"floor":1.0,"key":"SkillPotion"},{"floor":6.0,"key":"Dexterity Potion"},{"floor":12.0,"key":"PowerPotion"},{"floor":12.0,"key":"Strength Potion"},{"floor":13.0,"key":"Explosive Potion"},{"floor":16.0,"key":"SpeedPotion"},{"floor":18.0,"key":"SpeedPotion"},{"floor":20.0,"key":"Energy Potion"},{"floor":27.0,"key":"LiquidBronze"},{"floor":35.0,"key":"Poison Potion"},{"floor":40.0,"key":"PowerPotion"},{"floor":46,"key":"Strength Potion"}],"is_trial":false,"path_per_floor":["M","?","M","$","M","E","R","?","T","R","?","?","M","M","R","B",null,"M","M","?","$","?","R","M","R","T","E","R","M","R","M","R","B",null,"M","?","?","M","$","E","R","E","T","M","?","M","$","M","R","B"],"character_chosen":"IRONCLAD","items_purchased":["Demon Form","Red Skull","Thunderclap","Shrug It Off","Bag of Preparation","Sword Boomerang","Flash of Steel"],"campfire_rested":4,"item_purchase_floors":[4,21,21,21,39,39,47],"current_hp_per_floor":[65,85,85,85,80,60,60,60,60,60,60,60,60,60,60,55,78,80,65,26,26,26,26,32,32,42,17,17,12,41,37,67,56,91,57,57,57,51,51,16,47,29,29,20,22,12,12,9,45,0],"gold":52,"neow_bonus":"ONE_RANDOM_RARE_CARD","is_prod":false,"is_daily":false,"chose_seed":false,"campfire_upgraded":6,"win_rate":0,"timestamp":1559319007,"path_taken":["M","?","?","$","M","E","R","?","T","R","?","?","M","M","R","BOSS","M","M","?","$","?","R","M","R","T","E","R","M","R","M","R","BOSS","M","?","?","M","$","E","R","E","T","?","?","M","$","M","R","BOSS"],"build_version":"2019-01-23","purchased_purges":0,"victory":false,"max_hp_per_floor":[75,85,85,85,85,85,85,85,85,85,85,85,85,85,85,85,85,85,85,85,85,85,85,85,85,95,97,97,99,99,101,101,103,103,103,103,103,103,103,105,105,107,107,109,111,113,113,115,117,117],"card_choices":[{"not_picked":["Iron Wave","Fire Breathing"],"picked":"Metallicize","floor":1.0},{"not_picked":["Intimidate","Havoc","Flex"],"picked":"SKIP","floor":3.0},{"not_picked":["Intimidate","Reckless Charge","Power Through"],"picked":"SKIP","floor":5.0},{"not_picked":["Sentinel","Berserk","Spot Weakness"],"picked":"SKIP","floor":6.0},{"not_picked":["Entrench","Pommel Strike"],"picked":"Flame Barrier","floor":13.0},{"not_picked":["Corruption","Infernal Blade"],"picked":"Pummel","floor":14.0},{"not_picked":["Feed","Juggernaut"],"picked":"Demon Form","floor":16.0},{"not_picked":["Clash","Wild Strike","Seeing Red"],"picked":"SKIP","floor":18.0},{"not_picked":["Anger","Double Tap"],"picked":"Pummel","floor":19.0},{"not_picked":["Cleave","Sever Soul"],"picked":"Shrug It Off+1","floor":20.0},{"not_picked":["Wild Strike","Body Slam"],"picked":"Sword Boomerang","floor":24.0},{"not_picked":["Armaments","Dark Embrace","Corruption"],"picked":"Singing Bowl","floor":27.0},{"not_picked":["Havoc+1","Cleave","Shrug It Off"],"picked":"Singing Bowl","floor":29.0},{"not_picked":["Inflame","Clothesline+1","Sever Soul"],"picked":"Singing Bowl","floor":31.0},{"not_picked":["Fiend Fire","Bludgeon","Juggernaut"],"picked":"Singing Bowl","floor":33.0},{"not_picked":["Iron Wave","Flex+1"],"picked":"Disarm+1","floor":35.0},{"not_picked":["Iron Wave","Spot Weakness"],"picked":"Battle Trance","floor":38.0},{"not_picked":["Anger","Rupture","Warcry"],"picked":"Singing Bowl","floor":40.0},{"not_picked":["Reckless Charge+1","Feel No Pain+1"],"picked":"Battle Trance","floor":41.0},{"not_picked":["Warcry+1","Combust+1","Uppercut"],"picked":"Singing Bowl","floor":42.0},{"not_picked":["Flame Barrier","Thunderclap","True Grit"],"picked":"Singing Bowl","floor":44.0},{"not_picked":["Purity","Panacea","Blind"],"picked":"Singing Bowl","floor":45.0},{"not_picked":["Thunderclap","Wild Strike","Evolve"],"picked":"Singing Bowl","floor":46},{"not_picked":["Warcry","Sword Boomerang","Body Slam+1"],"picked":"Singing Bowl","floor":48},{"not_picked":["Blood for Blood","Spot Weakness","Sword Boomerang"],"picked":"Singing Bowl","floor":49}],"player_experience":567987,"relics_obtained":[{"floor":6.0,"key":"Lantern"},{"floor":9.0,"key":"Potion Belt"},{"floor":20.0,"key":"StoneCalendar"},{"floor":20.0,"key":"Darkstone Periapt"},{"floor":26.0,"key":"Pear"},{"floor":27.0,"key":"Singing Bowl"},{"floor":40.0,"key":"Dream Catcher"},{"floor":42.0,"key":"PreservedInsect"}],"event_choices":[{"cards_removed":["Brutality"],"damage_healed":10.0,"max_hp_gain":10.0,"max_hp_loss":0.0,"gold_gain":0.0,"event_name":"Bonfire Elementals","player_choice":"Offered Rare","floor":2.0,"gold_loss":0.0,"damage_taken":0.0},{"damage_healed":0.0,"max_hp_gain":0.0,"max_hp_loss":0.0,"gold_gain":0.0,"event_name":"Big Fish","player_choice":"Box","floor":8.0,"gold_loss":0.0,"damage_taken":0.0,"relics_obtained":["Pocketwatch"],"cards_obtained":["Regret"]},{"cards_removed":["Regret"],"damage_healed":0.0,"max_hp_gain":0.0,"max_hp_loss":0.0,"gold_gain":0.0,"event_name":"Living Wall","player_choice":"Forget","floor":11.0,"gold_loss":0.0,"damage_taken":0.0},{"damage_healed":0.0,"max_hp_gain":0.0,"max_hp_loss":0.0,"gold_gain":0.0,"event_name":"Lab","player_choice":"Got Potions","floor":12.0,"gold_loss":0.0,"damage_taken":0.0},{"damage_healed":0.0,"max_hp_gain":0.0,"max_hp_loss":0.0,"gold_gain":0.0,"event_name":"Colosseum","player_choice":"Fight","floor":20.0,"gold_loss":0.0,"damage_taken":0.0},{"damage_healed":0.0,"max_hp_gain":0.0,"max_hp_loss":0.0,"gold_gain":0.0,"event_name":"Colosseum","player_choice":"Fought Nobs","floor":20.0,"gold_loss":0.0,"damage_taken":0.0},{"damage_healed":0.0,"max_hp_gain":0.0,"max_hp_loss":0.0,"gold_gain":0.0,"event_name":"The Library","player_choice":"Read","floor":22.0,"gold_loss":0.0,"damage_taken":0.0,"cards_obtained":["Heavy Blade"]},{"damage_healed":0.0,"max_hp_gain":0.0,"max_hp_loss":0.0,"gold_gain":0.0,"event_name":"Tomb of Lord Red Mask","player_choice":"Ignored","floor":36.0,"gold_loss":0.0,"damage_taken":0.0},{"damage_healed":0.0,"max_hp_gain":0.0,"max_hp_loss":0.0,"gold_gain":0.0,"event_name":"SecretPortal","player_choice":"Ignored","floor":37.0,"gold_loss":0.0,"damage_taken":0.0},{"damage_healed":0.0,"max_hp_gain":0.0,"max_hp_loss":0.0,"gold_gain":0.0,"event_name":"SensoryStone","player_choice":"Memory 1","floor":45.0,"gold_loss":0.0,"damage_taken":0.0}],"is_beta":false,"boss_relics":[{"not_picked":["Runic Cube","Black Star"],"picked":"Mark of Pain"},{"not_picked":["Lizard Tail","Runic Dome"],"picked":"Cursed Key"}],"items_purged_floors":[],"is_endless":false,"potions_floor_spawned":[1,6,13,16,18,20,27,29,35,40,46],"killed_by":"Awakened One","ascension_level":20}