{"path_per_floor":["M","M","$","?","?","R","E","R","T","E","M","R","E","M","R","B",null,"M","M","?","$","M","R","E","R","T","M"],"character_chosen":"THE_SILENT","items_purchased":["Quick Slash","Bandage Up","Bottled Tornado","Bane"],"gold_per_floor":[114,129,16,16,16,16,46,46,71,131,146,146,176,191,191,291,291,306,321,321,19,34,34,64,64,64,79],"floor_reached":28,"campfire_rested":3,"playtime":1421,"current_hp_per_floor":[70,70,70,70,70,70,61,61,61,29,29,50,48,41,62,33,70,56,49,49,49,41,62,51,51,51,36],"items_purged":[],"gold":79,"score":256,"play_id":"e8400615-a293-43c0-86c4-71e370b987e2","local_time":"20180312002517","daily_mods":["Shiny","Elite Swarm","Lethality"],"is_prod":false,"is_daily":true,"is_ascension_mode":false,"campfire_upgraded":3,"timestamp":1520828717,"path_taken":["M","M","$","?","?","R","E","R","T","E","M","R","E","M","R","BOSS","M","M","?","$","M","R","E","R","T","M","E"],"build_version":"2018-03-09","purchased_purges":0,"victory":false,"master_deck":["Defend_G","Defend_G","Defend_G","Defend_G","Defend_G","Strike_G","Strike_G","Strike_G","Strike_G","Strike_G","Survivor","Neutralize","After Image","Flying Knee","Dagger Spray","Quick Slash","Bandage Up+1","Normality","Die Die Die+1","Tools of the Trade","Noxious Fumes","Adrenaline","Slice","Glass Knife","Quick Slash+1","Crippling Poison+1","Bane","Night Terror+1","Venomology","Regret","Flechettes"],"max_hp_per_floor":[70,70,70,70,70,70,70,70,70,70,70,70,70,70,70,70,70,70,70,70,70,70,70,70,70,70,70],"relics":["Frozen Eye","Art of War","Pen Nib","Tiny Chest","Sundial","Cursed Key","Nloth\u0027s Gift","Bottled Tornado","Peace Pipe","Calipers"],"card_choices":[{"not_picked":["Blur","Sucker Punch"],"picked":"Flying Knee"},{"not_picked":["Dodge and Roll","Bouncing Flask"],"picked":"Dagger Spray"},{"not_picked":["Corpse Explosion","Grand Finale"],"picked":"Die Die Die"},{"not_picked":["Corpse Explosion","Grand Finale"],"picked":"Tools of the Trade"},{"not_picked":["Acrobatics","Deadly Poison"],"picked":"Noxious Fumes"},{"not_picked":["Tools of the Trade","Grand Finale"],"picked":"Adrenaline"},{"not_picked":["Flying Knee","Quick Slash"],"picked":"Slice"},{"not_picked":["A Thousand Cuts","Grand Finale"],"picked":"Glass Knife"},{"not_picked":["Terror","Prepared"],"picked":"Quick Slash"},{"not_picked":["Backflip","Dagger Spray"],"picked":"Crippling Poison"},{"not_picked":["Slice","Dagger Throw"],"picked":"Night Terror"},{"not_picked":["Corpse Explosion","Tools of the Trade"],"picked":"Venomology"},{"not_picked":["Concentrate","Poisoned Stab"],"picked":"Flechettes"}],"player_experience":400932,"potions_floor_usage":[7,13,13,16,19,24,28,28],"damage_taken":[{"damage":0,"enemies":"Small Slimes","floor":1,"turns":3},{"damage":0,"enemies":"2 Louse","floor":2,"turns":1},{"damage":9,"enemies":"3 Sentries","floor":7,"turns":4},{"damage":38,"enemies":"Gremlin Nob","floor":10,"turns":4},{"damage":0,"enemies":"Cultist","floor":11,"turns":2},{"damage":8,"enemies":"Lagavulin","floor":13,"turns":5},{"damage":7,"enemies":"Gremlin Gang","floor":14,"turns":3},{"damage":35,"enemies":"Slime Boss","floor":16,"turns":7},{"damage":14,"enemies":"2 Thieves","floor":18,"turns":3},{"damage":13,"enemies":"Chosen","floor":19,"turns":3},{"damage":14,"enemies":"Centurion and Healer","floor":22,"turns":4},{"damage":35,"enemies":"Gremlin Leader","floor":24,"turns":6},{"damage":39,"enemies":"Snake Plant","floor":27,"turns":5},{"damage":44,"enemies":"Book of Stabbing","floor":28,"turns":4}],"event_choices":[{"event_name":"The Cleric","player_choice":"Leave","floor":4,"damage_taken":0},{"event_name":"Accursed Blacksmith","player_choice":"Rummage","floor":5,"damage_taken":0},{"event_name":"N\u0027loth","player_choice":"Traded a Ring of the Snake","floor":20,"damage_taken":0}],"boss_relics":[{"not_picked":["Tiny House","Pandora\u0027s Box"],"picked":"Cursed Key"}],"potions_floor_spawned":[1,2,7,14,18,22,27],"seed_played":"-3661932950863109323","killed_by":"Book of Stabbing","ascension_level":0,"is_trial":false}