{"path_per_floor":["M","?","?","M","$","E","M","R","T","M","M","M","E","?","R"],"character_chosen":"IRONCLAD","items_purchased":["Iron Wave"],"gold_per_floor":[114,114,114,131,6,39,52,52,52,69,87,105,134,134,134,134],"floor_reached":16,"campfire_rested":1,"playtime":1007,"current_hp_per_floor":[80,80,80,80,80,69,75,75,75,72,73,74,15,15,39,0],"items_purged":["Strike_R"],"gold":134,"score":123,"play_id":"5ef62cd5-1b6b-4cb8-9aae-1eff440501d8","local_time":"20180422180715","is_prod":false,"is_daily":false,"chose_seed":false,"is_ascension_mode":true,"campfire_upgraded":1,"timestamp":1524434835,"path_taken":["M","?","?","M","$","E","?","R","T","M","M","M","E","?","R","BOSS"],"build_version":"2018-04-19","seed_source_timestamp":605109233762182,"purchased_purges":1,"victory":false,"master_deck":["Strike_R","Strike_R","Strike_R","Strike_R","Defend_R","Defend_R","Defend_R","Defend_R","Bash","Body Slam+1","True Grit","Iron Wave","Feel No Pain+1","Corruption","Limit Break","Sentinel"],"max_hp_per_floor":[80,80,80,80,80,80,80,80,80,80,80,80,80,80,80,80],"relics":["Burning Blood","Ice Cream","Blue Candle","Bronze Scales","Self Forming Clay"],"card_choices":[{"not_picked":["Uppercut","Clothesline"],"picked":"Body Slam","floor":1},{"not_picked":["Sword Boomerang","Twin Strike"],"picked":"True Grit","floor":4},{"not_picked":["Entrench","Blood for Blood"],"picked":"Feel No Pain","floor":6},{"not_picked":["Thunderclap","Havoc"],"picked":"Corruption","floor":10},{"not_picked":["Havoc","Anger"],"picked":"Limit Break","floor":11},{"not_picked":["Combust","Wild Strike"],"picked":"Sentinel","floor":13}],"player_experience":706393,"potions_floor_usage":[6,11,12],"damage_taken":[{"damage":4,"enemies":"2 Louse","floor":1,"turns":3},{"damage":5,"enemies":"Cultist","floor":4,"turns":4},{"damage":17,"enemies":"3 Sentries","floor":6,"turns":12},{"damage":0,"enemies":"Small Slimes","floor":7,"turns":3},{"damage":9,"enemies":"Blue Slaver","floor":10,"turns":4},{"damage":5,"enemies":"Exordium Wildlife","floor":11,"turns":4},{"damage":5,"enemies":"Large Slime","floor":12,"turns":9},{"damage":65,"enemies":"Lagavulin","floor":13,"turns":12},{"damage":51,"enemies":"Slime Boss","floor":16,"turns":8}],"event_choices":[{"event_name":"Fountain of Cleansing","player_choice":"Removed Curse","floor":2,"damage_taken":0},{"event_name":"Liars Game","player_choice":"disagreed","floor":3,"damage_taken":0},{"event_name":"Upgrade Shrine","player_choice":"Upgraded","floor":14,"damage_taken":0}],"boss_relics":[],"potions_floor_spawned":[4,10,11],"seed_played":"1580503984589319262","killed_by":"Slime Boss","ascension_level":2,"is_trial":false}