{"path_per_floor":["M","?","?","?","?","R","M","M","T","M","M","R","$","M","R","B",null,"M","$","M","$","M","R","M","R","T","M","R","?","T","E","R","B",null,"M","$","?","?","M","R","E","M","T","R","M","M","M","?","R"],"character_chosen":"IRONCLAD","items_purchased":["Flex","Whetstone","Reaper"],"gold_per_floor":[112,112,112,112,112,112,124,137,137,149,160,160,37,47,47,143,143,161,5,22,22,36,36,48,48,48,68,68,68,117,145,145,248,248,258,117,117,77,94,94,125,136,136,136,148,163,173,173,173,173],"floor_reached":50,"campfire_rested":3,"playtime":2023,"current_hp_per_floor":[72,58,51,33,57,57,63,69,69,72,72,72,72,72,72,63,72,68,68,64,64,57,57,54,54,54,50,50,50,57,45,68,50,79,79,79,79,79,79,79,61,52,52,75,62,66,56,56,79,0],"items_purged":["Strike_R"],"gold":173,"score":534,"play_id":"3a4bdda4-ddc2-42c8-8ecd-6b76829e7d52","local_time":"20180426114428","is_prod":false,"is_daily":false,"chose_seed":false,"is_ascension_mode":false,"campfire_upgraded":4,"timestamp":1524757468,"path_taken":["M","?","?","?","?","R","?","M","T","M","M","R","$","M","R","BOSS","M","?","?","$","M","R","?","R","T","M","R","?","?","E","R","BOSS","M","?","?","?","M","R","E","M","T","R","M","M","?","?","R","BOSS"],"build_version":"2018-04-19","seed_source_timestamp":926722592615262,"purchased_purges":3,"victory":false,"master_deck":["Defend_R+1","Bash+1","Bludgeon+1","Anger","Clash","Flame Barrier+1","Flex","Whirlwind+1","Flex","Demon Form+1","Searing Blow+1","Dropkick","Rage+1","Armaments+1","Inflame+1","Limit Break+1","Reaper"],"max_hp_per_floor":[72,72,72,72,72,72,72,72,72,72,72,72,72,72,72,72,72,72,72,72,72,72,72,72,72,72,72,72,72,79,79,79,79,79,79,79,79,79,79,79,79,79,79,79,79,79,79,79,79,79],"relics":["Burning Blood","Peace Pipe","Gambling Chip","Velvet Choker","Whetstone","War Paint","Strawberry","Lantern","Art of War","Blood Vial"],"card_choices":[{"not_picked":["Twin Strike","True Grit"],"picked":"Clash","floor":7},{"not_picked":["Flex","Infernal Blade"],"picked":"Flame Barrier","floor":8},{"not_picked":["Wild Strike","Combust"],"picked":"Flex","floor":10},{"not_picked":["Second Wind","Flame Barrier"],"picked":"Whirlwind","floor":11},{"not_picked":["Immolate","Feed"],"picked":"Demon Form","floor":16},{"not_picked":["Hemokinesis","Clothesline"],"picked":"Searing Blow","floor":18},{"not_picked":["Shockwave","Perfected Strike"],"picked":"Dropkick","floor":20},{"not_picked":["Armaments","Dual Wield"],"picked":"Rage","floor":22},{"not_picked":["Havoc","Anger"],"picked":"Armaments","floor":24},{"not_picked":["Anger","Power Through"],"picked":"Inflame","floor":27},{"not_picked":["Immolate","Bludgeon"],"picked":"Limit Break","floor":33},{"not_picked":["Ghostly Armor","Shrug It Off"],"picked":"Clash","floor":46}],"player_experience":760610,"potions_floor_usage":[10,16,22,22,31,33,33,35,39,41,41,42,45,47],"damage_taken":[{"damage":5,"enemies":"Small Slimes","floor":1,"turns":2},{"damage":0,"enemies":"Jaw Worm","floor":7,"turns":1},{"damage":0,"enemies":"2 Louse","floor":8,"turns":1},{"damage":0,"enemies":"2 Fungi Beasts","floor":10,"turns":1},{"damage":0,"enemies":"Red Slaver","floor":11,"turns":1},{"damage":0,"enemies":"3 Louse","floor":14,"turns":2},{"damage":15,"enemies":"Slime Boss","floor":16,"turns":9},{"damage":10,"enemies":"2 Thieves","floor":18,"turns":2},{"damage":10,"enemies":"Shell Parasite","floor":20,"turns":3},{"damage":13,"enemies":"Cultist and Chosen","floor":22,"turns":4},{"damage":9,"enemies":"Centurion and Healer","floor":24,"turns":5},{"damage":10,"enemies":"Sentry and Sphere","floor":27,"turns":4},{"damage":18,"enemies":"Book of Stabbing","floor":31,"turns":3},{"damage":24,"enemies":"Collector","floor":33,"turns":5},{"damage":0,"enemies":"3 Darklings","floor":35,"turns":2},{"damage":0,"enemies":"Orb Walker","floor":39,"turns":2},{"damage":30,"enemies":"Nemesis","floor":41,"turns":5},{"damage":45,"enemies":"4 Shapes","floor":42,"turns":8},{"damage":32,"enemies":"Maw","floor":45,"turns":6},{"damage":4,"enemies":"Sphere and 2 Shapes","floor":46,"turns":3},{"damage":18,"enemies":"4 Shapes","floor":47,"turns":2},{"damage":79,"enemies":"Time Eater","floor":50,"turns":5}],"event_choices":[{"event_name":"Shining Light","player_choice":"Entered Light","floor":2,"damage_taken":0},{"event_name":"Golden Wing","player_choice":"Card Removal","floor":3,"damage_taken":0},{"event_name":"Scrap Ooze","player_choice":"success","floor":4,"damage_taken":18},{"event_name":"Big Fish","player_choice":"Banana","floor":5,"damage_taken":0},{"event_name":"The Lab","player_choice":"Got Potions","floor":29,"damage_taken":0},{"event_name":"Bonfire Elementals","player_choice":"BASIC","floor":37,"damage_taken":0},{"event_name":"The Woman in Blue","player_choice":"Bought 3 Potions","floor":38,"damage_taken":0}],"boss_relics":[{"not_picked":["Lizard Tail","Pandora\u0027s Box"],"picked":"Velvet Choker"},{"not_picked":["Calling Bell","Mark of Pain","Snecko Eye"]}],"potions_floor_spawned":[8,14,18,20,33,41,42,46],"seed_played":"3479300792677327650","killed_by":"Time Eater","ascension_level":0,"is_trial":false}