{"gold_per_floor":[109,109,124,124,140,140,171,171,171,171,171,171,187,201,201,298,298,308,308,308,320,320,346,346,358,358,358,389,389,403,403],"floor_reached":31,"playtime":1068,"items_purged":[],"score":341,"play_id":"7b356a7b-3220-4411-b255-89ff5b415dd3","local_time":"20190620022055","is_ascension_mode":true,"campfire_choices":[{"data":"Zap","floor":6,"key":"SMITH"},{"data":"Dualcast","floor":8,"key":"SMITH"},{"floor":11,"key":"REST"},{"floor":15,"key":"RECALL"},{"floor":24,"key":"REST"},{"floor":29,"key":"REST"}],"neow_cost":"NONE","seed_source_timestamp":18913758858100,"circlet_count":0,"master_deck":["Strike_B","Strike_B","Strike_B","Strike_B","Defend_B+1","Defend_B","Defend_B","Zap+1","Dualcast+1","Steam","Ball Lightning","Ball Lightning+1","Steam","Chill","Conserve Battery","Echo Form","Leap","Writhe","Scrape+1","Decay","Auto Shields+1","Loop","Aggregate"],"relics":["FrozenCore","NeowsBlessing","Shuriken","Gremlin Horn","Blue Candle","Mercury Hourglass","Pantograph","Bronze Scales","Oddly Smooth Stone","FossilizedHelix"],"potions_floor_usage":[28,30,31],"damage_taken":[{"damage":0,"enemies":"Small Slimes","floor":1,"turns":1},{"damage":0,"enemies":"2 Louse","floor":3,"turns":1},{"damage":0,"enemies":"Cultist","floor":5,"turns":1},{"damage":16,"enemies":"Gremlin Nob","floor":7,"turns":3},{"damage":0,"enemies":"Exordium Thugs","floor":13,"turns":3},{"damage":6,"enemies":"Blue Slaver","floor":14,"turns":2},{"damage":16,"enemies":"The Guardian","floor":16,"turns":9},{"damage":4,"enemies":"Chosen","floor":18,"turns":4},{"damage":7,"enemies":"Spheric Guardian","floor":21,"turns":4},{"damage":39,"enemies":"Slavers","floor":23,"turns":7},{"damage":25,"enemies":"Snake Plant","floor":25,"turns":4},{"damage":8,"enemies":"Book of Stabbing","floor":28,"turns":5},{"damage":23,"enemies":"Shelled Parasite and Fungi","floor":30,"turns":6},{"damage":20,"enemies":"Slavers","floor":31,"turns":3}],"seed_played":"2472963952760414206","potions_obtained":[{"floor":1,"key":"Poison Potion"},{"floor":14,"key":"FairyPotion"},{"floor":25,"key":"Explosive Potion"},{"floor":28,"key":"SneckoOil"},{"floor":30,"key":"EssenceOfSteel"}],"is_trial":false,"path_per_floor":["M","?","M","?","M","R","E","R","T","T","R","?","M","M","R","B",null,"M","?","$","M","?","E","R","M","T","T","E","R","M","E"],"character_chosen":"DEFECT","items_purchased":[],"campfire_rested":3,"item_purchase_floors":[],"current_hp_per_floor":[75,68,68,68,68,68,52,52,52,52,74,59,59,53,53,37,66,62,62,62,55,55,16,38,13,13,13,5,27,4,0],"gold":403,"neow_bonus":"THREE_ENEMY_KILL","is_prod":false,"is_daily":false,"chose_seed":false,"campfire_upgraded":2,"win_rate":0,"timestamp":1561011655,"path_taken":["M","?","M","?","?","R","E","R","T","?","R","?","M","M","R","BOSS","M","?","$","M","?","E","R","M","T","?","E","R","?","E"],"build_version":"2019-06-18","purchased_purges":0,"victory":false,"max_hp_per_floor":[75,75,75,75,75,75,75,75,75,75,75,75,75,75,75,75,75,75,75,75,75,75,75,75,75,75,75,75,75,75,75],"card_choices":[{"not_picked":["Go for the Eyes","Turbo"],"picked":"Steam","floor":1},{"not_picked":["Tempest","Darkness"],"picked":"Ball Lightning","floor":3},{"not_picked":["Streamline","Stack"],"picked":"Ball Lightning","floor":5},{"not_picked":["Barrage","Reprogram"],"picked":"Steam","floor":7},{"not_picked":["Seek","Ball Lightning"],"picked":"Chill","floor":13},{"not_picked":["Hologram","Gash"],"picked":"Conserve Battery","floor":14},{"not_picked":["Creative AI","Seek"],"picked":"Echo Form","floor":16},{"not_picked":["Rip and Tear","Go for the Eyes"],"picked":"Leap","floor":18},{"not_picked":["Skim","Genetic Algorithm"],"picked":"Scrape+1","floor":21},{"not_picked":["Stack","Recycle"],"picked":"Auto Shields+1","floor":23},{"not_picked":["Barrage","Go for the Eyes+1"],"picked":"Loop","floor":25},{"not_picked":["Rebound+1","Sweeping Beam","Redo"],"picked":"SKIP","floor":28},{"not_picked":["Barrage","Coolheaded"],"picked":"Aggregate","floor":30}],"player_experience":1089347,"relics_obtained":[{"floor":7,"key":"Gremlin Horn"},{"floor":9,"key":"Blue Candle"},{"floor":10,"key":"Mercury Hourglass"},{"floor":23,"key":"Bronze Scales"},{"floor":27,"key":"Oddly Smooth Stone"},{"floor":28,"key":"FossilizedHelix"}],"event_choices":[{"cards_removed":["Defend_B"],"damage_healed":0,"gold_gain":0,"player_choice":"Card Removal","damage_taken":7,"max_hp_gain":0,"max_hp_loss":0,"event_name":"Golden Wing","floor":2,"gold_loss":0},{"damage_healed":0,"gold_gain":0,"player_choice":"Gave Potion","damage_taken":0,"relics_obtained":["Shuriken"],"max_hp_gain":0,"max_hp_loss":0,"event_name":"WeMeetAgain","floor":4,"gold_loss":0},{"damage_healed":0,"gold_gain":0,"player_choice":"Entered Light","damage_taken":15,"max_hp_gain":0,"max_hp_loss":0,"event_name":"Shining Light","floor":12,"gold_loss":0,"cards_upgraded":["Defend_B","Ball Lightning"]},{"damage_healed":0,"gold_gain":0,"player_choice":"Opened","damage_taken":0,"relics_obtained":["Pantograph"],"max_hp_gain":0,"max_hp_loss":0,"event_name":"The Mausoleum","floor":19,"gold_loss":0,"cards_obtained":["Writhe"]},{"damage_healed":0,"gold_gain":0,"player_choice":"Smashed Altar","damage_taken":0,"max_hp_gain":0,"max_hp_loss":0,"event_name":"Forgotten Altar","floor":22,"gold_loss":0,"cards_obtained":["Decay"]}],"is_beta":true,"boss_relics":[{"not_picked":["Fusion Hammer","Empty Cage"],"picked":"FrozenCore"}],"items_purged_floors":[],"is_endless":false,"potions_floor_spawned":[1,14,25,28,30],"killed_by":"Slavers","ascension_level":5}