{"gold_per_floor":[117,127,37,37,37,67,84,84,84,100,100,125,275,325,325,325],"floor_reached":16,"playtime":389,"items_purged":[],"score":266,"play_id":"fad141b9-c1f8-48f0-9211-75a5151d5e0b","local_time":"20190531191330","is_ascension_mode":true,"campfire_choices":[{"data":"Armaments","floor":8,"key":"SMITH"},{"data":"Corruption","floor":11,"key":"SMITH"},{"data":"Bash","floor":15,"key":"SMITH"}],"neow_cost":"NONE","seed_source_timestamp":819660005976465,"circlet_count":0,"master_deck":["AscendersBane","Strike_R","Strike_R","Strike_R","Strike_R","Strike_R","Defend_R","Defend_R","Defend_R","Defend_R","Bash+1","Power Through","Corruption+1","Metallicize","Shrug It Off","Armaments+1","Warcry","Offering","Doubt"],"relics":["Burning Blood","NeowsBlessing","Shuriken","Dream Catcher","StoneCalendar","Vajra"],"potions_floor_usage":[],"damage_taken":[{"damage":0,"enemies":"Cultist","floor":1,"turns":1},{"damage":0,"enemies":"Small Slimes","floor":2,"turns":1},{"damage":0,"enemies":"3 Sentries","floor":6,"turns":2},{"damage":2,"enemies":"Jaw Worm","floor":7,"turns":5},{"damage":12,"enemies":"Blue Slaver","floor":10,"turns":5},{"damage":30,"enemies":"Lagavulin","floor":12,"turns":9},{"damage":48,"enemies":"The Guardian","floor":16,"turns":8}],"seed_played":"-541186167140380404","potions_obtained":[{"floor":2,"key":"Explosive Potion"},{"floor":12,"key":"Swift Potion"}],"is_trial":false,"path_per_floor":["M","M","$","$","?","E","M","R","T","M","R","E","?","T","R","B"],"character_chosen":"IRONCLAD","items_purchased":["Metallicize","Shrug It Off"],"campfire_rested":0,"item_purchase_floors":[3,3],"current_hp_per_floor":[74,75,75,75,75,75,75,75,75,69,69,45,45,45,45,0],"gold":325,"neow_bonus":"THREE_ENEMY_KILL","is_prod":false,"is_daily":false,"chose_seed":false,"campfire_upgraded":3,"win_rate":0,"timestamp":1559322810,"path_taken":["M","?","?","$","?","E","M","R","T","?","R","E","?","?","R","BOSS"],"build_version":"2019-01-23","purchased_purges":0,"victory":false,"max_hp_per_floor":[75,75,75,75,75,75,75,75,75,75,75,75,75,75,75,75],"card_choices":[{"not_picked":["Clash","Burning Pact"],"picked":"Power Through","floor":1},{"not_picked":["Body Slam","Anger"],"picked":"Corruption","floor":2},{"not_picked":["Flex","Bloodletting"],"picked":"Armaments","floor":6},{"not_picked":["Shrug It Off","Wild Strike"],"picked":"Warcry","floor":7},{"not_picked":["Offering","Twin Strike","Rage"],"picked":"SKIP","floor":10},{"not_picked":["Twin Strike","Rage"],"picked":"Offering","floor":10},{"not_picked":["Perfected Strike","Evolve","Clothesline"],"picked":"SKIP","floor":12}],"player_experience":572219,"relics_obtained":[{"floor":6,"key":"Shuriken"},{"floor":9,"key":"Dream Catcher"},{"floor":12,"key":"StoneCalendar"},{"floor":14,"key":"Vajra"}],"event_choices":[{"damage_healed":0,"gold_gain":0,"player_choice":"Full Heal","damage_taken":0,"max_hp_gain":0,"max_hp_loss":0,"event_name":"Wheel of Change","floor":5,"gold_loss":0},{"damage_healed":0,"gold_gain":150,"player_choice":"AGREE","damage_taken":0,"max_hp_gain":0,"max_hp_loss":0,"event_name":"Liars Game","floor":13,"gold_loss":0,"cards_obtained":["Doubt"]}],"is_beta":false,"boss_relics":[],"items_purged_floors":[],"is_endless":false,"potions_floor_spawned":[2,12],"killed_by":"The Guardian","ascension_level":20}