{"path_per_floor":["M","?","$","M","M","E","R","E","T","R","M","?","M","T","R","B",null,"M","M","?","?","M","R","M","M","T","$","R","M","M","M","R","B",null,"M","$","$","?","?","R","M","R","T","?","R","$","R","M","R"],"character_chosen":"IRONCLAD","items_purchased":["Flame Barrier","Anchor","Bottled Lightning"],"gold_per_floor":[113,113,43,53,63,92,92,127,127,127,147,117,129,129,129,231,231,248,261,261,261,272,272,287,306,356,135,135,148,166,183,183,287,287,297,45,45,0,0,0,15,15,15,15,15,15,15,33,33,33],"floor_reached":50,"campfire_rested":6,"playtime":2246,"current_hp_per_floor":[80,80,80,80,80,36,60,31,31,55,59,59,59,59,80,65,80,65,48,32,32,23,39,36,14,14,14,30,43,36,49,56,21,56,56,56,56,56,56,56,51,51,51,46,46,46,46,56,56,0],"items_purged":["Defend_R"],"gold":33,"score":477,"play_id":"58e2803f-8084-4259-9fd3-a5c57d3ce186","local_time":"20180416115110","is_prod":false,"is_daily":false,"chose_seed":false,"is_ascension_mode":false,"campfire_upgraded":5,"timestamp":1523893870,"path_taken":["M","?","$","?","M","E","R","E","T","R","M","?","M","?","R","BOSS","M","M","?","?","M","R","M","?","T","$","R","M","M","M","R","BOSS","M","?","$","?","?","R","?","R","T","?","R","$","R","?","R","BOSS"],"build_version":"2018-04-12","seed_source_timestamp":62919731605832,"purchased_purges":1,"victory":false,"master_deck":["Defend_R","Defend_R","Bash","Flame Barrier","Armaments","True Grit","Demon Form+1","Ghostly Armor","Impervious","Body Slam+1","Body Slam+1","Bite","Bite","Bite","Bite","Bite","Iron Wave+1","Metallicize","Feed+1","Feed+1","Dramatic Entrance","Dark Shackles"],"max_hp_per_floor":[80,80,80,80,80,80,80,80,80,80,80,80,80,80,80,80,80,80,80,80,56,56,56,56,56,56,56,56,56,56,56,56,56,56,56,56,56,56,56,56,56,56,56,56,56,56,56,56,56,56],"relics":["Black Blood","Oddly Smooth Stone","Mercury Hourglass","Vajra","Bottled Tornado","Runic Cube","Nilry\u0027s Codex","Prayer Wheel","Anchor","Bottled Lightning","Red Mask","Meat on the Bone"],"card_choices":[{"not_picked":["Sever Soul","Clash"],"picked":"Armaments","floor":4},{"not_picked":["Twin Strike","Wild Strike"],"picked":"True Grit","floor":5},{"not_picked":["Berserk","Headbutt"],"picked":"Demon Form","floor":8},{"not_picked":["Sever Soul","Sword Boomerang"],"picked":"Ghostly Armor","floor":13},{"not_picked":["Fiend Fire","Bludgeon"],"picked":"Impervious","floor":16},{"not_picked":["Reckless Charge","Anger"],"picked":"Body Slam","floor":18},{"not_picked":["Thunderclap","Shrug It Off"],"picked":"Body Slam","floor":19},{"not_picked":["Infernal Blade","Evolve"],"picked":"Iron Wave","floor":24},{"not_picked":["Cleave","Body Slam"],"picked":"Metallicize","floor":31},{"not_picked":["Berserk","Reaper"],"picked":"Feed","floor":33},{"not_picked":["Swift Strike","Apotheosis"],"picked":"Dramatic Entrance","floor":44},{"not_picked":["Good Instincts","Deep Breath"],"picked":"Dark Shackles","floor":44}],"player_experience":658158,"potions_floor_usage":[16,22,22,29,29,29,41],"damage_taken":[{"damage":5,"enemies":"2 Louse","floor":1,"turns":3},{"damage":0,"enemies":"Small Slimes","floor":4,"turns":4},{"damage":5,"enemies":"Cultist","floor":5,"turns":4},{"damage":50,"enemies":"Gremlin Nob","floor":6,"turns":6},{"damage":35,"enemies":"3 Sentries","floor":8,"turns":16},{"damage":2,"enemies":"Red Slaver","floor":11,"turns":3},{"damage":6,"enemies":"3 Louse","floor":13,"turns":4},{"damage":36,"enemies":"The Guardian","floor":16,"turns":12},{"damage":21,"enemies":"Spheric Guardian","floor":18,"turns":8},{"damage":23,"enemies":"Shell Parasite","floor":19,"turns":8},{"damage":17,"enemies":"Sentry and Sphere","floor":22,"turns":8},{"damage":17,"enemies":"Snecko","floor":24,"turns":5},{"damage":33,"enemies":"Snake Plant","floor":25,"turns":4},{"damage":15,"enemies":"Sentry and Sphere","floor":29,"turns":6},{"damage":19,"enemies":"Snecko","floor":30,"turns":8},{"damage":3,"enemies":"Cultist and Chosen","floor":31,"turns":9},{"damage":52,"enemies":"Automaton","floor":33,"turns":12},{"damage":0,"enemies":"3 Shapes","floor":35,"turns":4},{"damage":17,"enemies":"Orb Walker","floor":41,"turns":6},{"damage":10,"enemies":"3 Darklings","floor":48,"turns":7},{"damage":63,"enemies":"Awakened One","floor":50,"turns":4}],"event_choices":[{"event_name":"Living Wall","player_choice":"Forget","floor":2,"damage_taken":0},{"event_name":"The Woman in Blue","player_choice":"Bought 2 Potions","floor":12,"damage_taken":0},{"event_name":"Cursed Tome","player_choice":"Obtained Book","floor":20,"damage_taken":0},{"event_name":"Vampires","player_choice":"Became a vampire","floor":21,"damage_taken":0},{"event_name":"Tomb of Lord Red Mask","player_choice":"Paid","floor":38,"damage_taken":0},{"event_name":"Duplicator","player_choice":"One dupe","floor":39,"damage_taken":0},{"event_name":"SensoryStone","player_choice":"Memory 2","floor":44,"damage_taken":0}],"boss_relics":[{"not_picked":["Ectoplasm","Cursed Key"],"picked":"Runic Cube"},{"not_picked":["Runic Dome","Runic Pyramid"],"picked":"Black Blood"}],"potions_floor_spawned":[1,4,13,19,22,25,35],"seed_played":"7700512574197486783","killed_by":"Awakened One","ascension_level":0,"is_trial":false}