{"gold_per_floor":[209,89,109,119,119,146,146,173,227,3,16,49,49,64,64,162,162,182,198,198,298,311,311,327,361,384,43,43,43,43,55,55,154,154,172,184,202,202,58,85,85,114,165,192,154,154,171,171,171,171,171,171,21,54,54],"floor_reached":55,"playtime":2071,"items_purged":["Strike_G","Strike_G","Injury","Strike_G"],"score":838,"play_id":"52600714-c670-4827-84cd-7f0148d3210f","local_time":"20181228212553","is_ascension_mode":true,"campfire_choices":[{"data":"Dagger Spray","floor":7.0,"key":"SMITH"},{"data":"Crippling Poison","floor":13.0,"key":"SMITH"},{"data":"Catalyst","floor":15.0,"key":"SMITH"},{"floor":23,"key":"REST"},{"data":"Well Laid Plans","floor":32,"key":"SMITH"},{"floor":46,"key":"RECALL"},{"data":"Noxious Fumes","floor":49,"key":"SMITH"},{"data":"Neutralize","floor":52,"key":"SMITH"}],"neow_cost":"NONE","seed_source_timestamp":756355061633663,"circlet_count":0,"master_deck":["Defend_G","Defend_G","Defend_G+1","Defend_G","Defend_G","Strike_G","Survivor","Neutralize+1","Catalyst+1","Dagger Spray+1","Deadly Poison","Bouncing Flask","Flying Knee+1","Poisoned Stab+1","Footwork","Bane+1","Crippling Poison+1","Backflip","Tools of the Trade","Footwork","Dodge and Roll","Footwork","Backflip","Corpse Explosion","Well Laid Plans+1","Glass Knife+1","PiercingWail+1","Dodge and Roll+1","Noxious Fumes+1"],"special_seed":0,"relics":["Ring of the Snake","Molten Egg 2","Blood Vial","War Paint","Cursed Key","Unceasing Top","Matryoshka","Ninja Scroll","PreservedInsect","Omamori","Eternal Feather","Oddly Smooth Stone","Pen Nib","Bag of Marbles","Art of War","Potion Belt","Regal Pillow","Mummified Hand"],"potions_floor_usage":[24,47,50,50,55],"damage_taken":[{"damage":0.0,"enemies":"Cultist","floor":1.0,"turns":4.0},{"damage":0.0,"enemies":"Small Slimes","floor":3.0,"turns":3.0},{"damage":1.0,"enemies":"Jaw Worm","floor":4.0,"turns":5.0},{"damage":4.0,"enemies":"Gremlin Nob","floor":6.0,"turns":3.0},{"damage":13.0,"enemies":"3 Sentries","floor":8.0,"turns":6.0},{"damage":0.0,"enemies":"2 Fungi Beasts","floor":11.0,"turns":2.0},{"damage":9.0,"enemies":"Gremlin Nob","floor":12.0,"turns":3.0},{"damage":0.0,"enemies":"Exordium Wildlife","floor":14.0,"turns":3.0},{"damage":22.0,"enemies":"Hexaghost","floor":16.0,"turns":8.0},{"damage":3.0,"enemies":"Spheric Guardian","floor":18.0,"turns":3.0},{"damage":0.0,"enemies":"Chosen","floor":19.0,"turns":3.0},{"damage":14.0,"enemies":"Colosseum Slavers","floor":21.0,"turns":4.0},{"damage":16.0,"enemies":"Colosseum Nobs","floor":21.0,"turns":5.0},{"damage":21.0,"enemies":"Shelled Parasite and Fungi","floor":22.0,"turns":5.0},{"damage":11,"enemies":"Sentry and Sphere","floor":24,"turns":5},{"damage":18,"enemies":"Book of Stabbing","floor":25,"turns":5},{"damage":0,"enemies":"3 Cultists","floor":31,"turns":2},{"damage":13,"enemies":"Champ","floor":33,"turns":9},{"damage":6,"enemies":"Orb Walker","floor":35,"turns":3},{"damage":0,"enemies":"3 Shapes","floor":36,"turns":5},{"damage":21,"enemies":"Spire Growth","floor":37,"turns":7},{"damage":9,"enemies":"Giant Head","floor":40,"turns":8},{"damage":2,"enemies":"Nemesis","floor":42,"turns":7},{"damage":5,"enemies":"Giant Head","floor":44,"turns":7},{"damage":3,"enemies":"Jaw Worm Horde","floor":47,"turns":4},{"damage":44,"enemies":"Time Eater","floor":50,"turns":14},{"damage":45,"enemies":"Shield and Spear","floor":54,"turns":5},{"damage":36,"enemies":"The Heart","floor":55,"turns":2}],"seed_played":"5215971826505619335","potions_obtained":[{"floor":1.0,"key":"GamblersBrew"},{"floor":3.0,"key":"Block Potion"},{"floor":4.0,"key":"Ancient Potion"},{"floor":12.0,"key":"Fire Potion"},{"floor":21.0,"key":"Ancient Potion"},{"floor":33,"key":"Fire Potion"},{"floor":37,"key":"SteroidPotion"},{"floor":40,"key":"Energy Potion"},{"floor":47,"key":"SteroidPotion"}],"is_trial":false,"path_per_floor":["M","$","M","M","?","E","R","E","T","$","M","E","R","M","R","B",null,"M","M","?","?","M","M","R","M","E","T","$","?","?","$","M","R","B",null,"M","M","M","?","$","E","$","E","T","E","$","R","M","?","R","B",null,"R","$","E","B"],"character_chosen":"THE_SILENT","items_purchased":["Dagger Spray","Footwork","Bane+1","Corpse Explosion","Well Laid Plans","Oddly Smooth Stone","Noxious Fumes"],"campfire_rested":1,"item_purchase_floors":[2,10,10,27,27,39,45],"current_hp_per_floor":[70,70,70,69,69,65,65,52,52,52,54,47,47,49,49,29,70,67,69,69,42,23,44,35,19,19,19,42,70,70,70,70,57,70,64,66,47,65,65,58,58,58,58,55,55,70,67,67,70,26,70,70,70,25,0],"gold":54,"neow_bonus":"HUNDRED_GOLD","is_prod":false,"is_daily":false,"chose_seed":false,"campfire_upgraded":6,"win_rate":0,"timestamp":1546057553,"path_taken":["M","$","M","?","?","E","R","E","T","?","M","E","R","?","R","BOSS","M","M","?","?","M","R","M","E","T","?","?","?","$","M","R","BOSS","M","?","M","?","$","E","$","E","T","E","?","R","M","?","R","BOSS","R","$","E","BOSS"],"build_version":"2018-12-20","purchased_purges":4,"victory":false,"max_hp_per_floor":[70,70,70,70,70,70,70,70,70,70,70,70,70,70,70,70,70,70,70,70,70,70,70,70,70,70,70,70,70,70,70,70,70,70,70,70,70,70,70,70,70,70,70,70,70,70,70,70,70,70,70,70,70,70,70],"card_choices":[{"not_picked":["Eviscerate","Backflip"],"picked":"Catalyst","floor":1.0},{"not_picked":["Setup","Flechettes"],"picked":"Deadly Poison","floor":3.0},{"not_picked":["Prepared","Bane"],"picked":"Bouncing Flask","floor":4.0},{"not_picked":["Backflip","Sucker Punch"],"picked":"Flying Knee","floor":6.0},{"not_picked":["Burst","Caltrops"],"picked":"Poisoned Stab+1","floor":8.0},{"not_picked":["Reflex","Dagger Throw+1"],"picked":"Crippling Poison","floor":12.0},{"not_picked":["Blade Dance","Backflip","Quick Slash+1"],"picked":"SKIP","floor":14.0},{"not_picked":["Blade Dance","Quick Slash+1"],"picked":"Backflip","floor":14.0},{"not_picked":["Unload+1","Envenom"],"picked":"Tools of the Trade","floor":16.0},{"not_picked":["Endless Agony+1","Underhanded Strike+1"],"picked":"Footwork","floor":18.0},{"not_picked":["Bane+1","Endless Agony+1","Flechettes+1"],"picked":"SKIP","floor":19.0},{"not_picked":["Slice+1","Blur"],"picked":"Dodge and Roll","floor":21.0},{"not_picked":["Masterful Stab+1","Deflect","Dash+1"],"picked":"SKIP","floor":22},{"not_picked":["Choke+1","Expertise"],"picked":"Footwork","floor":24},{"not_picked":["Skewer+1","Sucker Punch+1"],"picked":"Backflip","floor":25},{"not_picked":["Blade Dance","Caltrops","Infinite Blades"],"picked":"SKIP","floor":31},{"not_picked":["Venomology","Night Terror"],"picked":"Glass Knife+1","floor":33},{"not_picked":["Acrobatics+1","Deadly Poison"],"picked":"PiercingWail+1","floor":35},{"not_picked":["Outmaneuver+1","Skewer+1"],"picked":"Dodge and Roll+1","floor":36},{"not_picked":["Skewer+1","Backflip","Dagger Throw+1"],"picked":"SKIP","floor":37},{"not_picked":["Deflect+1","Sucker Punch+1","Finisher+1"],"picked":"SKIP","floor":40},{"not_picked":["Backstab+1","Escape Plan+1","Expertise"],"picked":"SKIP","floor":42},{"not_picked":["Acrobatics+1","Terror","Deflect+1"],"picked":"SKIP","floor":44},{"not_picked":["Deflect+1","Quick Slash+1","Riddle With Holes+1"],"picked":"SKIP","floor":47},{"not_picked":["Concentrate+1","Deadly Poison+1","Outmaneuver+1"],"picked":"SKIP","floor":54}],"player_experience":677958,"relics_obtained":[{"floor":6.0,"key":"Molten Egg 2"},{"floor":8.0,"key":"Blood Vial"},{"floor":12.0,"key":"War Paint"},{"floor":21.0,"key":"Unceasing Top"},{"floor":21.0,"key":"Matryoshka"},{"floor":25,"key":"Ninja Scroll"},{"floor":26,"key":"PreservedInsect"},{"floor":26,"key":"Omamori"},{"floor":40,"key":"Pen Nib"},{"floor":42,"key":"Bag of Marbles"},{"floor":43,"key":"Art of War"},{"floor":43,"key":"Potion Belt"},{"floor":44,"key":"Regal Pillow"},{"floor":54,"key":"Mummified Hand"}],"event_choices":[{"damage_healed":0.0,"max_hp_gain":0.0,"max_hp_loss":0.0,"gold_gain":0.0,"cards_transformed":["Strike_G"],"event_name":"Transmorgrifier","player_choice":"Transformed","floor":5.0,"gold_loss":0.0,"damage_taken":0.0,"cards_obtained":["Tactician"]},{"damage_healed":0.0,"max_hp_gain":0.0,"max_hp_loss":0.0,"gold_gain":0.0,"event_name":"Ghosts","player_choice":"Ignored","floor":20.0,"gold_loss":0.0,"damage_taken":0.0},{"damage_healed":0.0,"max_hp_gain":0.0,"max_hp_loss":0.0,"gold_gain":0.0,"event_name":"Colosseum","player_choice":"Fight","floor":21.0,"gold_loss":0.0,"damage_taken":0.0},{"damage_healed":0.0,"max_hp_gain":0.0,"max_hp_loss":0.0,"gold_gain":0.0,"event_name":"Colosseum","player_choice":"Fought Nobs","floor":21.0,"gold_loss":0.0,"damage_taken":0.0},{"damage_healed":23,"gold_gain":0,"player_choice":"Heal","damage_taken":0,"max_hp_gain":0,"max_hp_loss":0,"event_name":"The Library","floor":28,"gold_loss":0},{"cards_removed":["Tactician"],"damage_healed":28,"gold_gain":0,"player_choice":"Offered Uncommon","damage_taken":0,"max_hp_gain":0,"max_hp_loss":0,"event_name":"Bonfire Elementals","floor":29,"gold_loss":0},{"damage_healed":18,"gold_gain":0,"player_choice":"Writhe","damage_taken":0,"max_hp_gain":0,"max_hp_loss":0,"event_name":"Winding Halls","floor":38,"gold_loss":0,"cards_obtained":["Writhe"]},{"damage_healed":0,"gold_gain":0,"player_choice":"Ignored","damage_taken":0,"max_hp_gain":0,"max_hp_loss":0,"event_name":"Tomb of Lord Red Mask","floor":48,"gold_loss":0}],"is_beta":false,"boss_relics":[{"not_picked":["Coffee Dripper","Ring of the Serpent"],"picked":"Cursed Key"},{"not_picked":["Orrery","Busted Crown"],"picked":"Eternal Feather"}],"items_purged_floors":[2,10,27,53],"is_endless":false,"potions_floor_spawned":[1,3,4,12,18,19,21,33,37,40,47],"killed_by":"The Heart","ascension_level":1}