{"path_per_floor":["M","?","M","?","M","R","?","M","T","?","R","$","M","M","R","B",null,"M","?","?","M","M","R","M"],"character_chosen":"DEFECT","items_purchased":["Lantern","Capacitor","Panacea"],"gold_per_floor":[119,119,138,138,154,154,182,192,243,418,418,61,78,90,90,192,192,210,210,210,228,238,238,258,258],"floor_reached":25,"campfire_rested":3,"playtime":1663,"current_hp_per_floor":[74,74,74,74,71,71,53,40,40,40,62,62,47,50,72,61,75,51,51,51,49,37,59,67,0],"items_purged":["Strike_B"],"gold":258,"score":295,"play_id":"8d6cb63f-1ab1-49f3-8b55-e11852fac07c","local_time":"20180429233849","is_prod":false,"is_daily":false,"chose_seed":false,"is_ascension_mode":false,"campfire_upgraded":1,"timestamp":1525059529,"path_taken":["M","?","?","?","M","R","?","M","T","?","R","$","M","?","R","BOSS","M","?","?","M","M","R","M","M"],"build_version":"2018-04-27v3","seed_source_timestamp":1229134518594332,"purchased_purges":1,"victory":false,"master_deck":["Strike_B","Strike_B","Defend_B","Defend_B","Defend_B","Zap","Dualcast","Fusion+1","Flux Capacitor","White Noise","Ball Lightning","Doom and Gloom+1","Reboot","White Noise","Doubt","Capacitor","Panacea","FTL","Nova","Clumsy","Normality","Regret","Self Repair+1","Injury","Defragment+1","Chill+1","Hologram"],"max_hp_per_floor":[75,75,75,75,75,75,75,75,75,75,75,75,75,75,75,75,75,75,75,75,75,75,75,75,75],"relics":["Cracked Core","Odd Mushroom","Anchor","Lantern","Calling Bell","Happy Flower","Shuriken","Bird Faced Urn"],"card_choices":[{"not_picked":["Axe Kick","Streamline"],"picked":"Flux Capacitor","floor":1},{"not_picked":["Gash","Coolheaded"],"picked":"Ball Lightning","floor":3},{"not_picked":["Go for the Eyes","Stack"],"picked":"Doom and Gloom","floor":5},{"not_picked":["Stack","Capacitor"],"picked":"Reboot","floor":7},{"not_picked":["Rebound","Genetic Algorithm"],"picked":"White Noise","floor":8},{"not_picked":["Chill","Barrage"],"picked":"FTL","floor":13},{"not_picked":["Fusion","Machine Learning"],"picked":"Nova","floor":16},{"not_picked":["Hologram","Skim"],"picked":"Self Repair","floor":18},{"not_picked":["Go for the Eyes","Hologram"],"picked":"Defragment","floor":21},{"not_picked":["Genetic Algorithm","Capacitor"],"picked":"Chill","floor":22},{"not_picked":["Rebound","Undo"],"picked":"Hologram","floor":24}],"player_experience":59694,"potions_floor_usage":[7,14,16,21,24],"damage_taken":[{"damage":1,"enemies":"2 Louse","floor":1,"turns":4},{"damage":0,"enemies":"Cultist","floor":3,"turns":3},{"damage":3,"enemies":"Jaw Worm","floor":5,"turns":3},{"damage":18,"enemies":"The Mushroom Lair","floor":7,"turns":3},{"damage":13,"enemies":"Red Slaver","floor":8,"turns":2},{"damage":15,"enemies":"Exordium Wildlife","floor":13,"turns":3},{"damage":4,"enemies":"3 Louse","floor":14,"turns":4},{"damage":11,"enemies":"Slime Boss","floor":16,"turns":7},{"damage":30,"enemies":"Spheric Guardian","floor":18,"turns":5},{"damage":16,"enemies":"Chosen","floor":21,"turns":5},{"damage":36,"enemies":"Snecko","floor":22,"turns":7},{"damage":16,"enemies":"Centurion and Healer","floor":24,"turns":7},{"damage":76,"enemies":"3 Cultists","floor":25,"turns":5}],"event_choices":[{"event_name":"Transmorgrifier","player_choice":"Transform","floor":2,"damage_taken":0},{"event_name":"Living Wall","player_choice":"Grow","floor":4,"damage_taken":0},{"event_name":"Mushrooms","player_choice":"Fought Mushrooms","floor":7,"damage_taken":0},{"event_name":"Liars Game","player_choice":"agreed","floor":10,"damage_taken":0},{"event_name":"Drug Dealer","player_choice":"Ignored","floor":19,"damage_taken":0},{"event_name":"Accursed Blacksmith","player_choice":"Forge","floor":20,"damage_taken":0}],"boss_relics":[{"not_picked":["Ectoplasm","Velvet Choker"],"picked":"Calling Bell"}],"potions_floor_spawned":[3,8,14,18,22],"seed_played":"4635966326589074916","killed_by":"3 Cultists","ascension_level":0,"is_trial":false}