{"gold_per_floor":[20,31,41,41,41,72,72,402,402,414,443,463,480,514,514,613,613,631,554,554,554,554,554,564,596,596,596,609,629,646,646,646,741,741,752,4,22,0,12,42,78,20,47,86,86,86],"floor_reached":46,"playtime":2061,"items_purged":[],"score":552,"play_id":"f282ab88-fc1e-456b-84d7-7f4485ac38b2","local_time":"20180714101542","is_ascension_mode":true,"campfire_choices":[{"floor":7,"key":"REST"},{"floor":15,"key":"REST"},{"data":"White Noise","floor":23,"key":"SMITH"},{"floor":27,"key":"REST"},{"floor":32,"key":"REST"},{"floor":45,"key":"REST"}],"neow_cost":"NO_GOLD","seed_source_timestamp":455175157288356,"circlet_count":0,"master_deck":["Strike_B+1","Strike_B","Strike_B","Strike_B","Defend_B+1","Defend_B","Zap","Dualcast","Streamline","Self Repair","Gash","Melter","White Noise+1","Leap","Leap","Static Discharge","Storm","Fusion","Rainbow","Regret","Doubt","Normality","Scrape+1","Writhe","RitualDagger+1","Go for the Eyes+1","Glacier","Gash+1","Go for the Eyes+1","Darkness+1","Echo Form","Leap+1","Chrysalis","Bandage Up","HandOfGreed+1","Beam Cell+1","Melter+1","Double Energy+1","Beam Cell+1","Chill","Static Discharge","Rebound+1"],"relics":["Cracked Core","Happy Flower","Old Coin","Mercury Hourglass","Regal Pillow","Molten Egg 2","Calling Bell","Vajra","The Courier","Thread and Needle","Letter Opener","Cables","Boot","Art of War","Lizard Tail","Pantograph","Ornamental Fan","Red Mask","Darkstone Periapt","Bag of Preparation"],"potions_floor_usage":[3,11,12,16,18,18,30,31,35,40,41],"damage_taken":[{"damage":3,"enemies":"Jaw Worm","floor":1,"turns":3},{"damage":0,"enemies":"Small Slimes","floor":2,"turns":2},{"damage":0,"enemies":"2 Louse","floor":3,"turns":2},{"damage":24,"enemies":"Gremlin Nob","floor":6,"turns":4},{"damage":22,"enemies":"3 Sentries","floor":8,"turns":7},{"damage":0,"enemies":"Exordium Wildlife","floor":10,"turns":2},{"damage":9,"enemies":"Lagavulin","floor":11,"turns":5},{"damage":0,"enemies":"3 Louse","floor":12,"turns":1},{"damage":0,"enemies":"2 Fungi Beasts","floor":13,"turns":2},{"damage":28,"enemies":"Gremlin Nob","floor":14,"turns":4},{"damage":22,"enemies":"Slime Boss","floor":16,"turns":6},{"damage":16,"enemies":"3 Byrds","floor":18,"turns":5},{"damage":1,"enemies":"Spheric Guardian","floor":24,"turns":3},{"damage":55,"enemies":"Gremlin Leader","floor":25,"turns":6},{"damage":15,"enemies":"Cultist and Chosen","floor":28,"turns":5},{"damage":6,"enemies":"Chosen and Byrds","floor":29,"turns":5},{"damage":0,"enemies":"Snake Plant","floor":30,"turns":3},{"damage":0,"floor":31,"turns":1},{"damage":45,"enemies":"Collector","floor":33,"turns":11},{"damage":15,"enemies":"3 Shapes","floor":35,"turns":4},{"damage":7,"enemies":"Flame Bruiser 1 Orb","floor":37,"turns":6},{"damage":7,"enemies":"Sphere and 2 Shapes","floor":39,"turns":4},{"damage":79,"enemies":"2 Orb Walkers","floor":40,"turns":6},{"damage":20,"enemies":"4 Shapes","floor":41,"turns":4},{"damage":19,"enemies":"3 Darklings","floor":44,"turns":4},{"damage":59,"enemies":"Nemesis","floor":46,"turns":5}],"seed_played":"6891077834128619515","potions_obtained":[{"floor":1,"key":"Strength Potion"},{"floor":8,"key":"Swift Potion"},{"floor":11,"key":"Explosive Potion"},{"floor":12,"key":"SpeedPotion"},{"floor":14,"key":"EssenceOfSteel"},{"floor":16,"key":"Weak Potion"},{"floor":18,"key":"SmokeBomb"},{"floor":29,"key":"Block Potion"},{"floor":33,"key":"EssenceOfSteel"},{"floor":39,"key":"Fire Potion"},{"floor":40,"key":"AttackPotion"}],"is_trial":false,"path_per_floor":["M","M","M","?","?","E","R","E","T","M","E","M","M","E","R","B",null,"M","?","?","?","?","R","M","E","T","R","M","M","M","?","R","B",null,"M","$","M","?","M","E","M","$","T","M","R"],"character_chosen":"DEFECT","items_purchased":["Chrysalis","Bandage Up","HandOfGreed+1","Pantograph","Ornamental Fan","Beam Cell+1","Static Discharge"],"campfire_rested":5,"item_purchase_floors":[36,36,36,36,36,36,42],"current_hp_per_floor":[72,72,72,57,62,45,69,54,54,61,52,52,52,31,70,55,80,71,71,71,71,65,65,64,16,16,55,40,34,34,34,73,35,80,65,65,69,69,62,47,34,34,34,15,54,0],"gold":86,"neow_bonus":"REMOVE_TWO","is_prod":false,"is_daily":false,"chose_seed":false,"campfire_upgraded":1,"win_rate":0,"timestamp":1531577742,"path_taken":["M","M","M","?","?","E","R","E","T","M","E","M","M","E","R","BOSS","M","?","?","?","?","R","M","E","T","R","M","?","M","?","R","BOSS","M","$","M","?","M","E","M","$","T","M","R","E"],"build_version":"2018-07-13","purchased_purges":0,"victory":false,"max_hp_per_floor":[75,75,75,75,80,80,80,80,80,80,80,80,80,80,80,80,80,80,80,80,80,80,80,80,80,80,80,80,80,80,80,80,80,80,80,80,80,80,80,80,80,80,80,80,80,80],"card_choices":[{"not_picked":["Doom and Gloom","Cold Snap"],"picked":"Streamline","floor":1},{"not_picked":["Stack","Conserve Battery"],"picked":"Self Repair","floor":2},{"not_picked":["Rebound","Reprogram"],"picked":"Gash","floor":3},{"not_picked":["Loop","Genetic Algorithm"],"picked":"Melter","floor":6},{"not_picked":["Stack","Cold Snap"],"picked":"White Noise","floor":8},{"not_picked":["Streamline","Consume"],"picked":"Leap","floor":10},{"not_picked":["Multi-Cast","Doom and Gloom"],"picked":"Leap","floor":11},{"not_picked":["Compile Driver","Storm"],"picked":"Static Discharge","floor":12},{"not_picked":["Blizzard","Turbo"],"picked":"Storm","floor":13},{"not_picked":["Cold Snap","Redo"],"picked":"Fusion","floor":14},{"not_picked":["Biased Cognition","Seek"],"picked":"Rainbow","floor":16},{"not_picked":["Blizzard+1","Steam+1"],"picked":"Scrape+1","floor":18},{"not_picked":["Hologram+1","Redo+1"],"picked":"Go for the Eyes+1","floor":24},{"not_picked":["Darkness+1","Gash+1"],"picked":"Glacier","floor":25},{"not_picked":["Machine Learning","Barrage+1"],"picked":"Gash+1","floor":28},{"not_picked":["Barrage+1","Ball Lightning+1"],"picked":"Go for the Eyes+1","floor":29},{"not_picked":["Leap","Coolheaded+1"],"picked":"Darkness+1","floor":30},{"not_picked":["Machine Learning","Fission"],"picked":"Echo Form","floor":33},{"not_picked":["Stack","Tempest+1"],"picked":"Leap+1","floor":35},{"not_picked":["Fusion","Sweeping Beam+1"],"picked":"Melter+1","floor":37},{"not_picked":["Reprogram+1","Blizzard+1"],"picked":"Double Energy+1","floor":39},{"not_picked":["Coolheaded+1","Hologram"],"picked":"Beam Cell+1","floor":40},{"not_picked":["Recycle","Cold Snap+1"],"picked":"Chill","floor":41},{"not_picked":["Compile Driver+1","Beam Cell+1"],"picked":"Rebound+1","floor":44}],"player_experience":436005,"relics_obtained":[{"floor":6,"key":"Happy Flower"},{"floor":8,"key":"Old Coin"},{"floor":9,"key":"Mercury Hourglass"},{"floor":11,"key":"Regal Pillow"},{"floor":14,"key":"Molten Egg 2"},{"floor":17,"key":"Vajra"},{"floor":17,"key":"The Courier"},{"floor":17,"key":"Thread and Needle"},{"floor":25,"key":"Boot"},{"floor":26,"key":"Art of War"},{"floor":40,"key":"Darkstone Periapt"},{"floor":43,"key":"Bag of Preparation"}],"event_choices":[{"event_name":"Shining Light","player_choice":"Entered Light","floor":4,"damage_taken":0},{"event_name":"Big Fish","player_choice":"Donut","floor":5,"damage_taken":0},{"event_name":"Drug Dealer","player_choice":"Got JAXXED","floor":19,"damage_taken":0},{"event_name":"The Mausoleum","player_choice":"Yes","floor":20,"damage_taken":0},{"event_name":"Addict","player_choice":"Gave JAX","floor":21,"damage_taken":0},{"event_name":"Nest","player_choice":"Joined the Cult","floor":22,"damage_taken":0},{"event_name":"Masked Bandits","player_choice":"Fought over 646 gold","floor":31,"damage_taken":0},{"event_name":"Tomb of Lord Red Mask","player_choice":"Paid","floor":38,"damage_taken":0}],"boss_relics":[{"not_picked":["Astrolabe","Pandora\u0027s Box"],"picked":"Calling Bell"},{"not_picked":["Sozu","Snecko Eye"],"picked":"Lizard Tail"}],"items_purged_floors":[],"is_endless":false,"potions_floor_spawned":[1,8,11,12,14,16,18,29,33,39,40],"killed_by":"Nemesis","ascension_level":1}