{"gold_per_floor":[212,225,300,316,331,331,356,356,386,386,68,97,110,123,123,228,228,247,4,22,22,51,82,82,108,159,169,183,195,210,242,242,242],"floor_reached":33,"playtime":1402,"items_purged":["Strike_R"],"score":360,"play_id":"845fc50f-bc3d-40d2-83d4-66b032db7183","local_time":"20190518214204","is_ascension_mode":true,"campfire_choices":[{"data":"Bash","floor":6.0,"key":"SMITH"},{"data":"Brutality","floor":10.0,"key":"SMITH"},{"data":"True Grit","floor":15.0,"key":"SMITH"},{"data":"Feel No Pain","floor":24,"key":"SMITH"},{"data":"Sword Boomerang","floor":32,"key":"SMITH"}],"neow_cost":"NONE","seed_source_timestamp":325946150739967,"circlet_count":0,"master_deck":["Strike_R","Strike_R","Strike_R","Strike_R","Defend_R","Defend_R","Defend_R","Defend_R","Bash+1","Pummel","Clothesline","Shrug It Off","Sword Boomerang+1","Brutality+1","Shrug It Off","Spot Weakness","True Grit+1","Metallicize","Immolate","Feel No Pain+1","Intimidate+1","Ghostly","Ghostly","Ghostly","Ghostly","Ghostly","Power Through+1","Spot Weakness"],"special_seed":0,"relics":["Burning Blood","Dream Catcher","Tiny Chest","Medical Kit","Singing Bowl","Sozu","Membership Card","Red Mask","Vajra","Juzu Bracelet","Mango"],"potions_floor_usage":[33],"damage_taken":[{"damage":3.0,"enemies":"2 Louse","floor":1.0,"turns":4.0},{"damage":6.0,"enemies":"Cultist","floor":2.0,"turns":4.0},{"damage":0.0,"enemies":"Small Slimes","floor":4.0,"turns":3.0},{"damage":8.0,"enemies":"Exordium Wildlife","floor":5.0,"turns":6.0},{"damage":24.0,"enemies":"Gremlin Nob","floor":7.0,"turns":5.0},{"damage":38.0,"enemies":"3 Sentries","floor":12.0,"turns":12.0},{"damage":2.0,"enemies":"2 Fungi Beasts","floor":13.0,"turns":3.0},{"damage":2.0,"enemies":"Blue Slaver","floor":14.0,"turns":4.0},{"damage":7.0,"enemies":"The Guardian","floor":16.0,"turns":13.0},{"damage":7.0,"enemies":"3 Byrds","floor":18.0,"turns":6.0},{"damage":11,"enemies":"Spheric Guardian","floor":20,"turns":5},{"damage":4,"enemies":"Masked Bandits","floor":22,"turns":5},{"damage":11,"enemies":"Slavers","floor":23,"turns":7},{"damage":6,"enemies":"Gremlin Leader","floor":25,"turns":6},{"damage":5,"enemies":"Shelled Parasite and Fungi","floor":27,"turns":5},{"damage":13,"enemies":"Snake Plant","floor":28,"turns":4},{"damage":6,"enemies":"Centurion and Healer","floor":29,"turns":6},{"damage":5,"enemies":"3 Cultists","floor":30,"turns":6},{"damage":7,"enemies":"Book of Stabbing","floor":31,"turns":7},{"damage":58,"enemies":"Automaton","floor":33,"turns":8}],"seed_played":"1417719170497097785","potions_obtained":[{"floor":2.0,"key":"Explosive Potion"},{"floor":5.0,"key":"Dexterity Potion"},{"floor":12.0,"key":"SneckoOil"},{"floor":14.0,"key":"Ancient Potion"}],"is_trial":false,"path_per_floor":["M","M","?","M","M","R","E","?","T","R","$","E","M","M","R","B",null,"M","$","M","?","?","E","R","E","T","M","M","M","M","E","R","B"],"character_chosen":"IRONCLAD","items_purchased":["Medical Kit","Shrug It Off","Membership Card","Feel No Pain"],"campfire_rested":0,"item_purchase_floors":[11,11,19,19],"current_hp_per_floor":[80,80,72,78,76,76,58,63,63,63,63,31,35,39,39,38,85,86,86,81,43,45,42,42,44,44,47,40,42,45,58,58,0],"gold":242,"neow_bonus":"HUNDRED_GOLD","is_prod":false,"is_daily":false,"chose_seed":false,"campfire_upgraded":5,"win_rate":0,"timestamp":1558240924,"path_taken":["M","M","?","M","?","R","E","?","T","R","$","E","M","M","R","BOSS","M","$","M","?","?","E","R","E","T","M","M","M","M","E","R","BOSS"],"build_version":"2019-01-23","purchased_purges":1,"victory":false,"max_hp_per_floor":[80,80,80,80,80,80,80,85,85,85,85,85,85,85,85,85,85,87,87,87,43,45,47,47,49,49,51,51,53,55,69,69,69],"card_choices":[{"not_picked":["Havoc","Flex"],"picked":"Pummel","floor":1.0},{"not_picked":["Rampage","Cleave"],"picked":"Clothesline","floor":2.0},{"not_picked":["Pommel Strike","Armaments"],"picked":"Shrug It Off","floor":4.0},{"not_picked":["True Grit","Rupture"],"picked":"Sword Boomerang","floor":5.0},{"not_picked":["Clash","Fire Breathing"],"picked":"Brutality","floor":7.0},{"not_picked":["Flex","Clothesline"],"picked":"Spot Weakness","floor":12.0},{"not_picked":["Armaments","Corruption"],"picked":"True Grit","floor":13.0},{"not_picked":["Warcry","Anger"],"picked":"Metallicize","floor":14.0},{"not_picked":["Demon Form","Brutality"],"picked":"Immolate","floor":16.0},{"not_picked":["Armaments","Warcry","Seeing Red"],"picked":"Singing Bowl","floor":18.0},{"not_picked":["Heavy Blade","Twin Strike+1"],"picked":"Intimidate+1","floor":20},{"not_picked":["Carnage","Wild Strike+1","Barricade"],"picked":"Singing Bowl","floor":22},{"not_picked":["Havoc","Thunderclap","Twin Strike+1"],"picked":"Singing Bowl","floor":23},{"not_picked":["True Grit","Flex","Cleave+1"],"picked":"Singing Bowl","floor":25},{"not_picked":["Fire Breathing","Combust","Ghostly Armor+1"],"picked":"Singing Bowl","floor":27},{"not_picked":["Pommel Strike","Headbutt"],"picked":"Power Through+1","floor":28},{"not_picked":["Anger","Body Slam+1","Hemokinesis"],"picked":"Singing Bowl","floor":29},{"not_picked":["Metallicize","Flex","Demon Form"],"picked":"Singing Bowl","floor":30},{"not_picked":["Havoc","Evolve"],"picked":"Spot Weakness","floor":31}],"player_experience":710156,"relics_obtained":[{"floor":7.0,"key":"Dream Catcher"},{"floor":9.0,"key":"Tiny Chest"},{"floor":12.0,"key":"Singing Bowl"},{"floor":22,"key":"Red Mask"},{"floor":23,"key":"Vajra"},{"floor":25,"key":"Juzu Bracelet"},{"floor":31,"key":"Mango"}],"event_choices":[{"damage_healed":0.0,"max_hp_gain":0.0,"max_hp_loss":0.0,"gold_gain":75.0,"event_name":"FaceTrader","player_choice":"Touch","floor":3.0,"gold_loss":0.0,"damage_taken":8.0},{"damage_healed":0.0,"max_hp_gain":5.0,"max_hp_loss":0.0,"gold_gain":0.0,"event_name":"Big Fish","player_choice":"Donut","floor":8.0,"gold_loss":0.0,"damage_taken":0.0},{"damage_healed":0,"gold_gain":0,"player_choice":"Became a Ghost","damage_taken":0,"max_hp_gain":0,"max_hp_loss":44,"event_name":"Ghosts","floor":21,"gold_loss":0,"cards_obtained":["Ghostly","Ghostly","Ghostly","Ghostly","Ghostly"]},{"damage_healed":0,"gold_gain":0,"player_choice":"Fought Bandits","damage_taken":0,"max_hp_gain":0,"max_hp_loss":0,"event_name":"Masked Bandits","floor":22,"gold_loss":0}],"is_beta":false,"boss_relics":[{"not_picked":["Astrolabe","Tiny House"],"picked":"Sozu"}],"items_purged_floors":[11],"is_endless":false,"potions_floor_spawned":[2,5,12,14,23,25,27,29,31],"killed_by":"Automaton","ascension_level":1}