{"gold_per_floor":[115,127,141,160,160,160,187,187,214,214,244,264,264,292,292,368,368,379,379,18,37,57,57,87,87],"floor_reached":25,"playtime":737,"items_purged":["Strike_B"],"score":507,"play_id":"6abd210d-2db3-4125-9753-9928d243988b","local_time":"20181120213925","is_ascension_mode":true,"campfire_choices":[{"data":"Zap","floor":6,"key":"SMITH"},{"data":"Rip and Tear","floor":8,"key":"SMITH"},{"floor":10,"key":"REST"},{"data":"Sunder","floor":13,"key":"SMITH"},{"data":"Barrage","floor":15,"key":"SMITH"},{"floor":23,"key":"REST"}],"neow_cost":"NONE","seed_source_timestamp":585961380281031,"circlet_count":0,"master_deck":["AscendersBane","Strike_B","Strike_B","Defend_B","Defend_B","Defend_B","Defend_B","Zap+1","Dualcast","Barrage+1","Ball Lightning","Compile Driver","Rip and Tear+1","Sunder+1","Leap","Cold Snap","Creative AI","Double Energy","Genetic Algorithm","Hologram","Conserve Battery","Force Field","Hyperbeam"],"special_seed":0,"relics":["Cracked Core","Vajra","Strawberry","Art of War","Dream Catcher","Snecko Eye","Pear","Kunai"],"potions_floor_usage":[4,7,14,16],"damage_taken":[{"damage":1,"enemies":"Cultist","floor":1,"turns":4},{"damage":0,"enemies":"2 Louse","floor":2,"turns":1},{"damage":2,"enemies":"Jaw Worm","floor":3,"turns":3},{"damage":18,"enemies":"Gremlin Gang","floor":4,"turns":5},{"damage":20,"enemies":"3 Sentries","floor":7,"turns":6},{"damage":25,"enemies":"Lagavulin","floor":11,"turns":5},{"damage":4,"enemies":"2 Fungi Beasts","floor":12,"turns":2},{"damage":5,"enemies":"3 Sentries","floor":14,"turns":4},{"damage":21,"enemies":"The Guardian","floor":16,"turns":12},{"damage":24,"enemies":"Chosen","floor":18,"turns":4},{"damage":29,"enemies":"Spheric Guardian","floor":21,"turns":4},{"damage":5,"enemies":"Centurion and Healer","floor":22,"turns":5},{"damage":31,"enemies":"Slavers","floor":24,"turns":6},{"damage":18,"enemies":"Shelled Parasite and Fungi","floor":25,"turns":1}],"seed_played":"1465983852987462794","potions_obtained":[{"floor":1,"key":"SpeedPotion"},{"floor":3,"key":"Block Potion"},{"floor":4,"key":"Block Potion"},{"floor":12,"key":"Weak Potion"},{"floor":16,"key":"Ancient Potion"},{"floor":18,"key":"SmokeBomb"}],"is_trial":false,"path_per_floor":["M","M","M","M","?","R","E","R","T","R","E","M","R","E","R","B",null,"M","?","$","M","M","R","E","M"],"character_chosen":"DEFECT","items_purchased":["Pear"],"campfire_rested":2,"item_purchase_floors":[20],"current_hp_per_floor":[70,70,68,50,50,50,30,30,37,62,37,33,33,28,28,7,66,42,42,52,23,18,46,15,0],"gold":87,"neow_bonus":"TEN_PERCENT_HP_BONUS","is_prod":false,"is_daily":false,"chose_seed":false,"campfire_upgraded":4,"win_rate":0,"timestamp":1542775165,"path_taken":["M","M","M","?","?","R","E","R","T","R","E","?","R","E","R","BOSS","M","?","$","?","M","R","E","M"],"build_version":"2018-11-15","purchased_purges":1,"victory":false,"max_hp_per_floor":[78,78,78,78,78,78,78,78,85,85,85,85,85,85,85,85,85,85,85,95,95,95,95,95,95],"card_choices":[{"not_picked":["Storm","Hologram","Coolheaded"],"picked":"SKIP","floor":1},{"not_picked":["Blizzard","Reprogram"],"picked":"Barrage","floor":2},{"not_picked":["Leap","BootSequence"],"picked":"Ball Lightning","floor":3},{"not_picked":["Steam Power","Multi-Cast"],"picked":"Compile Driver","floor":4},{"not_picked":["Coolheaded","Static Discharge"],"picked":"Rip and Tear","floor":7},{"not_picked":["Rebound","Hyperbeam"],"picked":"Sunder","floor":11},{"not_picked":["Go for the Eyes","Compile Driver"],"picked":"Leap","floor":12},{"not_picked":["Barrage","Gash"],"picked":"Cold Snap","floor":14},{"not_picked":["Thunder Strike","Buffer"],"picked":"Creative AI","floor":16},{"not_picked":["Ball Lightning","Loop"],"picked":"Double Energy","floor":18},{"not_picked":["Leap","Ball Lightning","Steam"],"picked":"SKIP","floor":21},{"not_picked":["Steam","Streamline"],"picked":"Conserve Battery","floor":22},{"not_picked":["Hologram","Streamline"],"picked":"Force Field","floor":23},{"not_picked":["Streamline+1","Defragment"],"picked":"Hyperbeam","floor":24}],"player_experience":647920,"relics_obtained":[{"floor":7,"key":"Vajra"},{"floor":9,"key":"Strawberry"},{"floor":11,"key":"Art of War"},{"floor":14,"key":"Dream Catcher"},{"floor":24,"key":"Kunai"}],"event_choices":[{"cards_removed":["Strike_B"],"damage_healed":0,"gold_gain":0,"player_choice":"Offered Basic","damage_taken":0,"max_hp_gain":0,"max_hp_loss":0,"event_name":"Bonfire Elementals","floor":5,"gold_loss":0},{"damage_healed":0,"gold_gain":0,"player_choice":"2 cards matched","damage_taken":0,"max_hp_gain":0,"max_hp_loss":0,"event_name":"Match and Keep!","floor":19,"gold_loss":0,"cards_obtained":["Genetic Algorithm","Hologram"]}],"is_beta":false,"boss_relics":[{"not_picked":["Sozu","Lizard Tail"],"picked":"Snecko Eye"}],"items_purged_floors":[20],"is_endless":false,"potions_floor_spawned":[1,3,4,12,16,18,24],"killed_by":"Shelled Parasite and Fungi","ascension_level":20}