{"path_per_floor":["M","?","?","M","T","E","R","$","T","M","M","M","?","M","R","B",null,"M","?","?","$","?","E","R","M","T","$","M"],"character_chosen":"IRONCLAD","items_purchased":["Clash","Shuriken"],"gold_per_floor":[116,116,116,129,129,165,165,115,115,131,145,170,170,183,183,306,306,320,320,320,23,23,62,62,81,108,58,73],"floor_reached":29,"campfire_rested":2,"playtime":1520,"current_hp_per_floor":[80,68,68,65,65,39,61,61,61,67,67,61,61,67,67,41,74,60,60,60,60,60,36,58,38,38,38,20],"items_purged":["Defend_R","Bash"],"gold":73,"score":243,"play_id":"ad42bef3-297b-42a8-9f74-5e91b2efd753","local_time":"20180321002130","is_prod":false,"is_daily":false,"is_ascension_mode":false,"campfire_upgraded":1,"timestamp":1521606090,"path_taken":["M","?","?","?","?","E","R","?","T","M","M","M","?","M","R","BOSS","M","?","?","$","?","E","R","M","T","?","M","?"],"build_version":"2018-03-15v3","purchased_purges":2,"victory":false,"master_deck":["Strike_R","Strike_R","Strike_R","Strike_R","Strike_R","Defend_R+1","Defend_R+1","Infernal Blade","Clash","Clash","Rage+1","Clash","Berserk+1","Anger","Anger","Bludgeon","True Grit+1"],"max_hp_per_floor":[80,80,74,74,74,74,74,74,74,74,74,74,74,74,74,74,74,74,74,74,74,74,74,74,74,74,74,74],"relics":["Burning Blood","Vajra","Golden Idol","Sundial","Orichalcum","Smiling Mask","Runic Pyramid","Shuriken","Matryoshka","Prayer Wheel","War Paint"],"card_choices":[{"not_picked":["Pommel Strike","Hemokinesis"],"picked":"Infernal Blade"},{"not_picked":["Armaments","Flame Barrier"],"picked":"Clash"},{"not_picked":["Burning Pact","Sever Soul"],"picked":"Rage"},{"not_picked":["True Grit","Immolate"],"picked":"Clash"},{"not_picked":["Dark Embrace","Barricade"],"picked":"Berserk"},{"not_picked":["Evolve","Thunderclap"],"picked":"Anger"},{"not_picked":["Inflame","Clothesline"],"picked":"Bludgeon"},{"not_picked":["Heavy Blade","Power Through"],"picked":"True Grit"}],"player_experience":499635,"potions_floor_usage":[6,12,16,23],"damage_taken":[{"damage":2,"enemies":"2 Louse","floor":1,"turns":3},{"damage":9,"enemies":"Small Slimes","floor":4,"turns":4},{"damage":32,"enemies":"Gremlin Nob","floor":6,"turns":4},{"damage":0,"enemies":"Jaw Worm","floor":10,"turns":3},{"damage":6,"enemies":"Red Slaver","floor":11,"turns":4},{"damage":12,"enemies":"Exordium Thugs","floor":12,"turns":3},{"damage":0,"enemies":"Exordium Wildlife","floor":14,"turns":2},{"damage":32,"enemies":"Hexaghost","floor":16,"turns":7},{"damage":20,"enemies":"2 Thieves","floor":18,"turns":4},{"damage":30,"enemies":"Slavers","floor":23,"turns":6},{"damage":26,"enemies":"Shell Parasite","floor":25,"turns":4},{"damage":24,"enemies":"Snecko","floor":28,"turns":6},{"damage":21,"enemies":"Slaver and Parasite","floor":29,"turns":3}],"event_choices":[{"event_name":"Scrap Ooze","player_choice":"success","floor":2,"damage_taken":12},{"event_name":"Golden Idol","player_choice":"Lose Max HP","floor":3,"damage_taken":0},{"event_name":"Living Wall","player_choice":"Forget","floor":13,"damage_taken":0},{"event_name":"Drug Dealer","player_choice":"Ignored","floor":19,"damage_taken":0},{"event_name":"Upgrade Shrine","player_choice":"Upgraded","floor":20,"damage_taken":0},{"event_name":"The Library","player_choice":"Read","floor":22,"damage_taken":0}],"boss_relics":[{"not_picked":["Sozu","Philosopher\u0027s Stone"],"picked":"Runic Pyramid"}],"potions_floor_spawned":[1,11,14,18],"seed_played":"7946593054924136537","killed_by":"Slaver and Parasite","ascension_level":0,"is_trial":false}