{"path_per_floor":["M","?","$","M","?","E","M","R","T","E","$","?","R","M","R","B",null,"M","M","M","M","$","E","R","M","T","T","?","M","$","M","R"],"character_chosen":"DEFECT","items_purchased":["Leap","Orichalcum","Hologram","Capacitor","Consume","Genetic Algorithm","Buffer"],"gold_per_floor":[119,119,94,111,111,146,166,166,190,218,20,20,20,40,40,142,142,161,175,191,202,42,75,75,93,93,166,166,185,147,160,160,160],"floor_reached":33,"campfire_rested":2,"playtime":1462,"current_hp_per_floor":[75,75,75,75,75,75,75,75,75,66,66,66,66,62,62,43,75,72,72,59,40,40,32,54,32,32,32,57,51,51,23,45,0],"items_purged":[],"gold":160,"score":302,"play_id":"e7b038d8-36a9-4d9b-ab4a-81fe7a070417","local_time":"20180504180220","is_prod":false,"is_daily":false,"chose_seed":false,"is_ascension_mode":false,"campfire_upgraded":3,"timestamp":1525471340,"path_taken":["M","?","$","?","?","E","M","R","T","E","$","?","R","M","R","BOSS","M","M","?","?","$","E","R","?","T","?","?","?","?","M","R","BOSS"],"build_version":"2018-05-03","seed_source_timestamp":1641114603568330,"purchased_purges":0,"victory":false,"master_deck":["Strike_B","Strike_B+1","Strike_B","Strike_B+1","Defend_B","Defend_B","Defend_B+1","Defend_B+1","Zap","Dualcast","Static Discharge+1","Leap","Storm","Lockon","Glacier","Machine Learning+1","Hologram","Zap","Good Instincts","Melter+1","Biased Cognition","Decay","Pain","Clumsy","Gash","Conserve Battery","Capacitor","Consume","Genetic Algorithm","Echo Form","Rip and Tear+1","Blizzard","Buffer","Tempest"],"max_hp_per_floor":[75,75,75,75,75,75,75,75,75,75,75,75,75,75,75,75,75,75,75,75,75,75,75,75,75,75,75,75,75,75,75,75,75],"relics":["Cracked Core","NeowsBlessing","Bronze Scales","Whetstone","Oddly Smooth Stone","Orichalcum","Calling Bell","Anchor","Mercury Hourglass","Shovel","War Paint","Shuriken","Cables"],"card_choices":[{"not_picked":["Streamline","Ball Lightning"],"picked":"Static Discharge","floor":1},{"not_picked":["Hello World","Beam Cell"],"picked":"Storm","floor":4},{"not_picked":["Loop","Cold Snap"],"picked":"Lockon","floor":6},{"not_picked":["Coolheaded","Buffer"],"picked":"Glacier","floor":7},{"not_picked":["Reinforced Body","Turbo"],"picked":"Machine Learning","floor":10},{"not_picked":["Reinforced Body","Streamline"],"picked":"Melter","floor":14},{"not_picked":["Redo","Seek"],"picked":"Biased Cognition","floor":16},{"not_picked":["Doom and Gloom","Loop"],"picked":"Gash","floor":20},{"not_picked":["Loop","Hologram"],"picked":"Conserve Battery","floor":21},{"not_picked":["Scrape","Impulse"],"picked":"Echo Form","floor":23},{"not_picked":["Leap","Hologram"],"picked":"Rip and Tear","floor":25},{"not_picked":["Steam Power","Barrage"],"picked":"Blizzard","floor":29},{"not_picked":["Coolheaded","Capacitor"],"picked":"Tempest","floor":31}],"player_experience":141816,"potions_floor_usage":[7,10,14,20,23,23,23,33,33],"damage_taken":[{"damage":0,"enemies":"Jaw Worm","floor":1,"turns":1},{"damage":0,"enemies":"Small Slimes","floor":4,"turns":1},{"damage":0,"enemies":"Lagavulin","floor":6,"turns":1},{"damage":0,"enemies":"2 Louse","floor":7,"turns":2},{"damage":9,"enemies":"3 Sentries","floor":10,"turns":5},{"damage":4,"enemies":"Red Slaver","floor":14,"turns":2},{"damage":19,"enemies":"The Guardian","floor":16,"turns":12},{"damage":3,"enemies":"3 Byrds","floor":18,"turns":3},{"damage":0,"enemies":"Spheric Guardian","floor":19,"turns":2},{"damage":13,"enemies":"Snake Plant","floor":20,"turns":4},{"damage":19,"enemies":"Snecko","floor":21,"turns":5},{"damage":20,"enemies":"Gremlin Leader","floor":23,"turns":5},{"damage":22,"enemies":"Centurion and Healer","floor":25,"turns":8},{"damage":6,"enemies":"Snake Plant","floor":29,"turns":3},{"damage":28,"enemies":"3 Cultists","floor":31,"turns":3},{"damage":49,"enemies":"Automaton","floor":33,"turns":6}],"event_choices":[{"event_name":"Golden Wing","player_choice":"Ignored","floor":2,"damage_taken":0},{"event_name":"The Lab","player_choice":"Got Potions","floor":5,"damage_taken":0},{"event_name":"Match and Keep!","player_choice":"2 cards matched","floor":12,"damage_taken":0},{"event_name":"The Library","player_choice":"Heal","floor":28,"damage_taken":0}],"boss_relics":[{"not_picked":["Runic Pyramid","Snecko Eye"],"picked":"Calling Bell"}],"potions_floor_spawned":[4,10,18,20,21,25,31],"seed_played":"-312456406799245023","killed_by":"Automaton","ascension_level":0,"is_trial":false}