{"gold_per_floor":[119,135,135,148,162,162,174,207,289,123,155,66,92,120,120,192,192,206,225,225,257,29,29,57,76,129,129,129,129,129,129,129,201,201,217,232,163,178,192,217,217,248,272,272,272,290,290,315,315,315,315,315,315,93,128,128],"floor_reached":57,"playtime":2739,"items_purged":["Strike_G"],"score":3177,"play_id":"8129d4c2-f55a-4edd-a573-8d20a45a5f83","local_time":"20190622232117","is_ascension_mode":true,"campfire_choices":[{"data":"A Thousand Cuts","floor":6.0,"key":"SMITH"},{"data":"Glass Knife","floor":15.0,"key":"SMITH"},{"data":"Crippling Poison","floor":23.0,"key":"SMITH"},{"data":"Footwork","floor":27.0,"key":"SMITH"},{"data":"Footwork","floor":30.0,"key":"SMITH"},{"data":"Wraith Form v2","floor":32.0,"key":"SMITH"},{"floor":41.0,"key":"RECALL"},{"data":"Catalyst","floor":47.0,"key":"SMITH"},{"data":"Wraith Form v2","floor":49.0,"key":"SMITH"},{"data":"Caltrops","floor":53.0,"key":"SMITH"}],"neow_cost":"TEN_PERCENT_HP_LOSS","seed_source_timestamp":967143638148345,"circlet_count":0,"master_deck":["AscendersBane","Defend_G+1","Defend_G+1","Defend_G+1","Defend_G+1","Defend_G+1","Survivor","Neutralize","Skewer+1","Sucker Punch+1","A Thousand Cuts+1","Footwork+1","Footwork+1","Cloak And Dagger","Glass Knife+1","Crippling Poison+1","Corpse Explosion","Deflect","Backflip","Cloak And Dagger+1","Dodge and Roll","Tactician","Wraith Form v2+1","Wraith Form v2+1","Prepared+1","Adrenaline","Caltrops+1","Dodge and Roll+1","Catalyst+1","After Image","Caltrops","Footwork","Infinite Blades","Deadly Poison"],"special_seed":0,"relics":["Ring of the Snake","Pear","Mummified Hand","Incense Burner","Ancient Tea Set","Odd Mushroom","Runic Pyramid","Red Mask","Chemical X","The Courier","Whetstone","Philosopher\u0027s Stone","Gambling Chip","Ginger","Calipers","Vajra"],"potions_floor_usage":[56],"damage_taken":[{"damage":4.0,"enemies":"Small Slimes","floor":1.0,"turns":4.0},{"damage":0.0,"enemies":"Cultist","floor":2.0,"turns":3.0},{"damage":0.0,"enemies":"2 Louse","floor":4.0,"turns":2.0},{"damage":3.0,"enemies":"Blue Slaver","floor":5.0,"turns":5.0},{"damage":3.0,"enemies":"Red Slaver","floor":7.0,"turns":4.0},{"damage":15.0,"enemies":"3 Sentries","floor":8.0,"turns":6.0},{"damage":0.0,"enemies":"Lagavulin","floor":11.0,"turns":8.0},{"damage":18.0,"enemies":"Gremlin Nob","floor":13.0,"turns":4.0},{"damage":0.0,"enemies":"The Mushroom Lair","floor":14.0,"turns":6.0},{"damage":2.0,"enemies":"The Guardian","floor":16.0,"turns":11.0},{"damage":0.0,"enemies":"Chosen","floor":18.0,"turns":4.0},{"damage":9.0,"enemies":"Shell Parasite","floor":19.0,"turns":6.0},{"damage":4.0,"enemies":"Masked Bandits","floor":21.0,"turns":2.0},{"damage":0.0,"enemies":"Gremlin Leader","floor":24.0,"turns":5.0},{"damage":13.0,"enemies":"Centurion and Healer","floor":25.0,"turns":6.0},{"damage":20.0,"enemies":"Collector","floor":33.0,"turns":11.0},{"damage":0.0,"enemies":"Orb Walker","floor":35.0,"turns":4.0},{"damage":0.0,"enemies":"3 Shapes","floor":36.0,"turns":4.0},{"damage":0.0,"enemies":"Jaw Worm Horde","floor":38.0,"turns":5.0},{"damage":0.0,"enemies":"Writhing Mass","floor":39.0,"turns":9.0},{"damage":2.0,"enemies":"Giant Head","floor":40.0,"turns":10.0},{"damage":0.0,"enemies":"Nemesis","floor":42.0,"turns":7.0},{"damage":0.0,"enemies":"Maw","floor":46.0,"turns":7.0},{"damage":0.0,"enemies":"Reptomancer","floor":48.0,"turns":7.0},{"damage":0.0,"enemies":"Donu and Deca","floor":50.0,"turns":10.0},{"damage":0.0,"enemies":"Time Eater","floor":51.0,"turns":16.0},{"damage":0,"enemies":"Shield and Spear","floor":55,"turns":8},{"damage":69,"enemies":"The Heart","floor":56,"turns":9}],"seed_played":"602524162510765342","potions_obtained":[{"floor":2.0,"key":"FairyPotion"},{"floor":8.0,"key":"GhostInAJar"},{"floor":16.0,"key":"GhostInAJar"},{"floor":19.0,"key":"AttackPotion"},{"floor":40.0,"key":"Strength Potion"},{"floor":46.0,"key":"LiquidBronze"}],"is_trial":false,"path_per_floor":["M","M","?","M","M","R","M","E","T","$","E","$","E","?","R","B",null,"M","M","?","?","$","R","E","M","T","R","?","?","R","?","R","B",null,"M","M","$","M","M","E","R","E","T","?","?","M","R","E","R","B","B",null,"R","$","E","B",null],"character_chosen":"THE_SILENT","items_purchased":["Footwork","Cloak And Dagger","Crippling Poison","Chemical X","Caltrops","Caltrops","Footwork","Infinite Blades","Deadly Poison"],"campfire_rested":0,"item_purchase_floors":[10,10,12,22,37,54,54,54,54],"current_hp_per_floor":[55,55,55,55,52,52,49,44,44,44,44,44,26,26,26,24,59,59,50,50,46,46,46,46,33,33,33,33,33,33,33,33,13,56,56,56,56,56,56,54,54,54,54,54,76,76,76,76,76,76,76,76,76,76,76,7],"gold":128,"neow_bonus":"TRANSFORM_TWO_CARDS","is_prod":false,"is_daily":false,"chose_seed":false,"campfire_upgraded":9,"win_rate":0,"timestamp":1561270877,"path_taken":["M","M","?","M","M","R","?","E","T","$","E","?","E","?","R","BOSS","M","M","?","?","?","R","E","?","T","R","?","?","R","?","R","BOSS","M","M","$","M","M","E","R","E","T","?","?","M","R","E","R","BOSS","BOSS","R","$","E","BOSS"],"build_version":"2019-01-23","purchased_purges":1,"victory":true,"max_hp_per_floor":[60,60,60,60,60,60,60,70,70,70,70,70,70,70,70,70,70,70,70,70,70,70,70,70,70,70,70,70,70,70,70,70,70,70,70,70,70,70,70,70,70,70,70,66,76,76,76,76,76,76,76,76,76,76,76,76],"card_choices":[{"not_picked":["Underhanded Strike","Prepared"],"picked":"Sucker Punch","floor":1.0},{"not_picked":["Underhanded Strike","Bane","Deflect"],"picked":"SKIP","floor":2.0},{"not_picked":["Terror","Expertise","Heel Hook"],"picked":"SKIP","floor":4.0},{"not_picked":["Dagger Spray","Quick Slash"],"picked":"A Thousand Cuts","floor":5.0},{"not_picked":["Endless Agony","Dodge and Roll"],"picked":"Footwork","floor":7.0},{"not_picked":["Deadly Poison","Outmaneuver","Night Terror"],"picked":"SKIP","floor":8.0},{"not_picked":["Blade Dance","PiercingWail"],"picked":"Glass Knife","floor":11.0},{"not_picked":["Prepared","Choke","Expertise"],"picked":"SKIP","floor":13.0},{"not_picked":["Grand Finale","A Thousand Cuts"],"picked":"Corpse Explosion","floor":16.0},{"not_picked":["Slice","Sucker Punch"],"picked":"Deflect","floor":18.0},{"not_picked":["Skewer+1","Flying Knee"],"picked":"Backflip","floor":19.0},{"not_picked":["Terror","Infinite Blades"],"picked":"Cloak And Dagger+1","floor":24.0},{"not_picked":["Bane+1","Outmaneuver"],"picked":"Dodge and Roll","floor":25.0},{"not_picked":["Venomology","Unload"],"picked":"Wraith Form v2","floor":33.0},{"not_picked":["Backflip","Sucker Punch+1"],"picked":"Prepared+1","floor":35.0},{"not_picked":["Sucker Punch","Deadly Poison+1"],"picked":"Adrenaline","floor":36.0},{"not_picked":["Reflex","Deadly Poison+1"],"picked":"Dodge and Roll+1","floor":38.0},{"not_picked":["Deadly Poison","Sucker Punch"],"picked":"Catalyst","floor":39.0},{"not_picked":["Underhanded Strike","Blade Dance","Acrobatics"],"picked":"SKIP","floor":40.0},{"not_picked":["Underhanded Strike","Blade Dance","Acrobatics"],"picked":"SKIP","floor":40.0},{"not_picked":["Backflip","Blade Dance","Sucker Punch"],"picked":"SKIP","floor":42.0},{"not_picked":["Cloak And Dagger","Bane","Dash"],"picked":"SKIP","floor":46.0},{"not_picked":["Dagger Spray","Outmaneuver"],"picked":"After Image","floor":48.0},{"not_picked":["Dagger Spray","Bane","Sucker Punch+1"],"picked":"SKIP","floor":55}],"player_experience":809159,"relics_obtained":[{"floor":8.0,"key":"Pear"},{"floor":9.0,"key":"Mummified Hand"},{"floor":11.0,"key":"Incense Burner"},{"floor":13.0,"key":"Ancient Tea Set"},{"floor":14.0,"key":"Odd Mushroom"},{"floor":21.0,"key":"Red Mask"},{"floor":24.0,"key":"The Courier"},{"floor":26.0,"key":"Whetstone"},{"floor":40.0,"key":"Gambling Chip"},{"floor":42.0,"key":"Ginger"},{"floor":48.0,"key":"Calipers"},{"floor":55,"key":"Vajra"}],"event_choices":[{"damage_healed":0.0,"max_hp_gain":0.0,"max_hp_loss":0.0,"gold_gain":0.0,"event_name":"Upgrade Shrine","player_choice":"Upgraded","floor":3.0,"gold_loss":0.0,"damage_taken":0.0,"cards_upgraded":["Skewer"]},{"damage_healed":0.0,"max_hp_gain":0.0,"max_hp_loss":0.0,"gold_gain":0.0,"event_name":"Mushrooms","player_choice":"Fought Mushrooms","floor":14.0,"gold_loss":0.0,"damage_taken":0.0},{"damage_healed":0.0,"max_hp_gain":0.0,"max_hp_loss":0.0,"gold_gain":0.0,"event_name":"Cursed Tome","player_choice":"Ignored","floor":20.0,"gold_loss":0.0,"damage_taken":0.0},{"damage_healed":0.0,"max_hp_gain":0.0,"max_hp_loss":0.0,"gold_gain":0.0,"event_name":"Masked Bandits","player_choice":"Fought Bandits","floor":21.0,"gold_loss":0.0,"damage_taken":0.0},{"damage_healed":0.0,"max_hp_gain":0.0,"max_hp_loss":0.0,"gold_gain":0.0,"event_name":"Back to Basics","player_choice":"Simplicity","floor":28.0,"gold_loss":0.0,"damage_taken":0.0,"cards_upgraded":["Defend_G","Defend_G","Defend_G","Defend_G","Defend_G","Strike_G"]},{"damage_healed":0.0,"max_hp_gain":0.0,"max_hp_loss":0.0,"gold_gain":0.0,"event_name":"Vampires","player_choice":"Ignored","floor":29.0,"gold_loss":0.0,"damage_taken":0.0},{"damage_healed":0.0,"max_hp_gain":0.0,"max_hp_loss":0.0,"gold_gain":0.0,"cards_transformed":["Strike_G","Strike_G"],"event_name":"Drug Dealer","player_choice":"Became Test Subject","floor":31.0,"gold_loss":0.0,"damage_taken":0.0,"cards_obtained":["Tactician","Wraith Form v2"]},{"damage_healed":0.0,"max_hp_gain":0.0,"max_hp_loss":4.0,"gold_gain":0.0,"event_name":"Winding Halls","player_choice":"Max HP","floor":44.0,"gold_loss":0.0,"damage_taken":0.0},{"cards_removed":["Storm of Steel"],"damage_healed":12.0,"max_hp_gain":10.0,"max_hp_loss":0.0,"gold_gain":0.0,"event_name":"Bonfire Elementals","player_choice":"Offered Rare","floor":45.0,"gold_loss":0.0,"damage_taken":0.0}],"is_beta":false,"boss_relics":[{"not_picked":["White Beast Statue","HoveringKite"],"picked":"Runic Pyramid"},{"not_picked":["Ring of the Serpent","Astrolabe"],"picked":"Philosopher\u0027s Stone"}],"items_purged_floors":[10],"is_endless":false,"potions_floor_spawned":[2,8,11,13,16,19,21,24,33,35,38,40,46,55],"ascension_level":20}