{"gold_per_floor":[116,128,30,45,55,55,81,81,154,229,229,255,255,283,283,283],"floor_reached":16,"playtime":679,"items_purged":[],"score":130,"play_id":"9a3a4080-98ad-4581-bb42-ab588ae5a047","local_time":"20180718023834","is_ascension_mode":true,"campfire_choices":[{"floor":6,"key":"REST"},{"floor":8,"key":"REST"},{"floor":11,"key":"REST"},{"floor":15,"key":"REST"}],"neow_cost":"","seed_source_timestamp":774709745695332,"circlet_count":0,"master_deck":["Strike_B","Strike_B","Strike_B","Strike_B","Defend_B","Defend_B","Defend_B","Defend_B","Zap","Dualcast","Skim","Sweeping Beam","Mind Blast","Go for the Eyes","Skim","Fusion","Reboot","Core Surge"],"relics":["Cracked Core","Dead Branch","Matryoshka","Regal Pillow","Potion Belt","Strawberry"],"potions_floor_usage":[12,14],"damage_taken":[{"damage":2,"enemies":"Jaw Worm","floor":1,"turns":3},{"damage":7,"enemies":"2 Louse","floor":2,"turns":2},{"damage":13,"enemies":"Small Slimes","floor":4,"turns":2},{"damage":19,"enemies":"Looter","floor":5,"turns":3},{"damage":30,"enemies":"3 Sentries","floor":7,"turns":7},{"damage":31,"enemies":"Lagavulin","floor":12,"turns":5},{"damage":10,"enemies":"Gremlin Nob","floor":14,"turns":4},{"damage":59,"enemies":"Hexaghost","floor":16,"turns":16}],"seed_played":"7002567873277078687","potions_obtained":[{"floor":4,"key":"Ancient Potion"},{"floor":7,"key":"SteroidPotion"},{"floor":12,"key":"Block Potion"}],"is_trial":false,"path_per_floor":["M","M","$","M","M","R","E","R","T","?","R","E","?","E","R"],"character_chosen":"DEFECT","items_purchased":["Mind Blast"],"campfire_rested":4,"item_purchase_floors":[3],"current_hp_per_floor":[73,66,66,53,34,56,26,48,48,37,59,28,21,18,57,0],"gold":283,"neow_bonus":"","is_prod":false,"is_daily":false,"chose_seed":false,"campfire_upgraded":0,"win_rate":0,"timestamp":1531895914,"path_taken":["M","M","$","M","M","R","E","R","T","?","R","E","?","E","R","BOSS"],"build_version":"2018-07-16","purchased_purges":0,"victory":false,"max_hp_per_floor":[75,75,75,75,75,75,75,75,75,75,75,75,75,82,82,82],"card_choices":[{"not_picked":["Beam Cell","Go for the Eyes"],"picked":"Skim","floor":1},{"not_picked":["Ball Lightning","Rebound"],"picked":"Sweeping Beam","floor":2},{"not_picked":["Reinforced Body","Hologram"],"picked":"Go for the Eyes","floor":4},{"not_picked":["Recycle","Auto Shields"],"picked":"Skim","floor":5},{"not_picked":["Compile Driver","Cold Snap"],"picked":"Fusion","floor":7},{"not_picked":["Coolheaded","Fusion"],"picked":"Reboot","floor":12},{"not_picked":["Rebound","Barrage"],"picked":"Core Surge","floor":14}],"player_experience":453818,"relics_obtained":[{"floor":7,"key":"Dead Branch"},{"floor":9,"key":"Matryoshka"},{"floor":12,"key":"Regal Pillow"},{"floor":14,"key":"Strawberry"}],"event_choices":[{"event_name":"World of Goop","player_choice":"Gather Gold","floor":10,"damage_taken":0},{"event_name":"Scrap Ooze","player_choice":"success","floor":13,"damage_taken":7}],"boss_relics":[],"items_purged_floors":[],"is_endless":false,"potions_floor_spawned":[4,7,12],"killed_by":"Hexaghost","ascension_level":2}