{"gold_per_floor":[213,213,163,163,179,205,205,237,237,237,249,174,174,186,186,289,289,256,84,84,84,31,31],"floor_reached":23,"playtime":1404,"items_purged":["Strike_B","Strike_B"],"score":249,"play_id":"fed2a2a8-7c26-42ed-beab-650da3009ed5","local_time":"20190630230537","is_ascension_mode":true,"campfire_choices":[{"floor":7,"key":"REST"},{"floor":10,"key":"REST"},{"data":"Zap","floor":15,"key":"SMITH"}],"neow_cost":"NONE","seed_source_timestamp":6561626515377093,"circlet_count":0,"master_deck":["Strike_B","Defend_B","Defend_B","Defend_B","Zap+1","Dualcast","Compile Driver","Sweeping Beam","BootSequence","Fusion+1","Leap","White Noise","Capacitor","Decay","Ball Lightning"],"relics":["FrozenCore","Darkstone Periapt","Pantograph","Pear"],"potions_floor_usage":[6,16],"damage_taken":[{"damage":7,"enemies":"Jaw Worm","floor":1,"turns":3},{"damage":7,"enemies":"2 Louse","floor":5,"turns":2},{"damage":22,"enemies":"Gremlin Nob","floor":6,"turns":4},{"damage":37,"enemies":"Lagavulin","floor":8,"turns":6},{"damage":0,"enemies":"Small Slimes","floor":11,"turns":2},{"damage":3,"enemies":"3 Louse","floor":14,"turns":3},{"damage":26,"enemies":"The Guardian","floor":16,"turns":13},{"damage":18,"enemies":"2 Thieves","floor":18,"turns":5},{"damage":74,"enemies":"Gremlin Leader","floor":23,"turns":4}],"seed_played":"3414304532556035889","potions_obtained":[{"floor":1,"key":"Weak Potion"},{"floor":14,"key":"Explosive Potion"}],"is_trial":false,"path_per_floor":["M","?","?","?","M","E","R","E","T","R","M","$","?","M","R","B",null,"M","$","?","?","$","E"],"character_chosen":"DEFECT","items_purchased":["Capacitor","Ball Lightning"],"campfire_rested":2,"item_purchase_floors":[19,22],"current_hp_per_floor":[68,61,61,61,54,32,54,17,27,52,52,52,52,49,49,48,85,67,67,67,73,73,0],"gold":31,"neow_bonus":"HUNDRED_GOLD","is_prod":false,"is_daily":false,"chose_seed":false,"campfire_upgraded":1,"win_rate":0,"timestamp":1561953937,"path_taken":["M","?","?","?","M","E","R","E","T","R","M","$","?","M","R","BOSS","M","$","?","?","?","E"],"build_version":"2019-01-23","purchased_purges":2,"victory":false,"max_hp_per_floor":[75,75,75,75,75,75,75,75,85,85,85,85,85,85,85,85,85,85,85,85,91,91,91],"card_choices":[{"not_picked":["Lockon","Hologram"],"picked":"Compile Driver","floor":1},{"not_picked":["Barrage","Compile Driver","Hologram"],"picked":"SKIP","floor":5},{"not_picked":["Scrape","Chaos"],"picked":"Sweeping Beam","floor":6},{"not_picked":["Redo","Reprogram"],"picked":"BootSequence","floor":8},{"not_picked":["Recycle","Static Discharge"],"picked":"Fusion","floor":11},{"not_picked":["Seek","Self Repair"],"picked":"Leap","floor":14},{"not_picked":["Lockon","Redo"],"picked":"White Noise","floor":18}],"player_experience":217908,"relics_obtained":[{"floor":6,"key":"Darkstone Periapt"},{"floor":8,"key":"Pantograph"},{"floor":9,"key":"Pear"}],"event_choices":[{"cards_removed":["Strike_B"],"damage_healed":0,"gold_gain":0,"player_choice":"Card Removal","damage_taken":7,"max_hp_gain":0,"max_hp_loss":0,"event_name":"Golden Wing","floor":2,"gold_loss":0},{"cards_removed":["Defend_B"],"damage_healed":0,"gold_gain":0,"player_choice":"Card Removal","damage_taken":0,"max_hp_gain":0,"max_hp_loss":0,"event_name":"The Cleric","floor":3,"gold_loss":50},{"damage_healed":0,"gold_gain":0,"player_choice":"Ignored","damage_taken":0,"max_hp_gain":0,"max_hp_loss":0,"event_name":"Golden Idol","floor":4,"gold_loss":0},{"damage_healed":0,"gold_gain":0,"player_choice":"Grow","damage_taken":0,"max_hp_gain":0,"max_hp_loss":0,"event_name":"Living Wall","floor":13,"gold_loss":0,"cards_upgraded":["Fusion"]},{"damage_healed":0,"gold_gain":0,"player_choice":"Smashed Altar","damage_taken":0,"max_hp_gain":0,"max_hp_loss":0,"event_name":"Forgotten Altar","floor":21,"gold_loss":0,"cards_obtained":["Decay"]}],"is_beta":false,"boss_relics":[{"not_picked":["Snecko Eye","Black Star"],"picked":"FrozenCore"}],"items_purged_floors":[12,19],"is_endless":false,"potions_floor_spawned":[1,14],"killed_by":"Gremlin Leader","ascension_level":3}