{"path_per_floor":["M","$","M","?","M","R","?","M","T","M","M","R","M","$","R","B",null,"M","M","?","$","?","R"],"character_chosen":"DEFECT","items_purchased":["Panacea","Mind Blast","Defragment","Coolheaded","Leap"],"gold_per_floor":[112,17,37,37,56,56,21,39,39,53,77,77,92,92,92,212,212,231,246,246,6,6,6,6],"floor_reached":24,"campfire_rested":3,"playtime":721,"current_hp_per_floor":[63,63,58,58,43,43,60,50,50,31,16,36,36,36,56,23,68,33,13,13,13,13,33,0],"items_purged":[],"gold":6,"score":188,"play_id":"8299dd1a-d486-4bce-8503-82faff945f6b","local_time":"20180430134415","is_prod":false,"is_daily":false,"chose_seed":false,"is_ascension_mode":false,"campfire_upgraded":1,"timestamp":1525110255,"path_taken":["M","$","M","?","M","R","?","?","T","?","M","R","M","?","R","BOSS","M","M","?","$","?","R","E"],"build_version":"2018-04-27v3","seed_source_timestamp":1280805441315097,"purchased_purges":0,"victory":false,"master_deck":["Defend_B","Defend_B","Zap","Dualcast","Static Discharge","Panacea","Darkness+1","Injury","Ball Lightning","Darkness","Buffer","Sunder","Double Energy","Creative AI","Capacitor+1","Impulse+1","Beam Cell+1","White Noise","Buffer+1","Static Discharge","Mind Blast","Defragment","Coolheaded","Leap","Writhe"],"max_hp_per_floor":[68,68,68,68,68,68,68,68,68,68,68,68,68,68,68,68,68,68,68,68,68,68,68,68],"relics":["Cracked Core","Golden Idol","Ancient Tea Set","Astrolabe","Toxic Egg 2"],"card_choices":[{"not_picked":["Streamline","Conserve Battery"],"picked":"Static Discharge","floor":1},{"not_picked":["Aggregate","Hologram"],"picked":"Darkness","floor":3},{"not_picked":["Beam Cell","Leap"],"picked":"Ball Lightning","floor":5},{"not_picked":["Barrage","Rebound"],"picked":"Darkness","floor":8},{"not_picked":["FTL","Reprogram"],"picked":"Buffer","floor":10},{"not_picked":["Auto Shields","Barrage"],"picked":"Sunder","floor":11},{"not_picked":["Ball Lightning","Impulse"],"picked":"Double Energy","floor":13},{"not_picked":["Reboot","Fusion"],"picked":"Creative AI","floor":16},{"not_picked":["Impulse","Leap"],"picked":"White Noise","floor":18},{"not_picked":["Tempest","Skim"],"picked":"Buffer","floor":19}],"player_experience":93529,"potions_floor_usage":[5,8,16],"damage_taken":[{"damage":5,"enemies":"Small Slimes","floor":1,"turns":3},{"damage":5,"enemies":"2 Louse","floor":3,"turns":3},{"damage":15,"enemies":"Jaw Worm","floor":5,"turns":3},{"damage":10,"enemies":"Exordium Wildlife","floor":8,"turns":3},{"damage":19,"enemies":"Blue Slaver","floor":10,"turns":3},{"damage":15,"enemies":"Lots of Slimes","floor":11,"turns":3},{"damage":0,"enemies":"Gremlin Gang","floor":13,"turns":3},{"damage":33,"enemies":"The Guardian","floor":16,"turns":8},{"damage":35,"enemies":"2 Thieves","floor":18,"turns":4},{"damage":20,"enemies":"Spheric Guardian","floor":19,"turns":4},{"damage":34,"enemies":"Gremlin Leader","floor":24,"turns":3}],"event_choices":[{"event_name":"Golden Idol","player_choice":"Take Wound","floor":4,"damage_taken":0},{"event_name":"The Cleric","player_choice":"Healed","floor":7,"damage_taken":0},{"event_name":"Transmorgrifier","player_choice":"Transform","floor":20,"damage_taken":0},{"event_name":"The Mausoleum","player_choice":"Yes","floor":22,"damage_taken":0}],"boss_relics":[{"not_picked":["Philosopher\u0027s Stone","Tiny House"],"picked":"Astrolabe"}],"potions_floor_spawned":[3,5,11],"seed_played":"2778181529072967641","killed_by":"Gremlin Leader","ascension_level":0,"is_trial":false}