{"path_per_floor":["M","M","M","?","$","M","R","M","T","M","R","M","E","M","R","B",null,"M","$","M","?","M","R","?","M","T","$","R","M","M","M","R"],"character_chosen":"IRONCLAD","items_purchased":["Shovel","Mind Blast","Inflame","Entrench","Calipers"],"gold_per_floor":[368,383,401,401,4,19,19,31,58,75,75,87,118,129,129,234,234,248,94,104,104,117,417,317,331,331,24,24,37,51,64,64],"floor_reached":33,"campfire_rested":2,"playtime":1508,"current_hp_per_floor":[38,44,50,50,50,28,52,51,51,53,53,58,57,66,66,43,80,80,80,80,64,53,53,53,53,53,53,53,44,29,10,34],"items_purged":[],"gold":64,"score":255,"play_id":"49a99eca-0a2a-429f-8d57-79f0e101bf35","local_time":"20180308233753","is_prod":false,"is_daily":false,"is_ascension_mode":false,"campfire_upgraded":0,"timestamp":1520570273,"path_taken":["M","M","M","?","$","M","R","M","T","M","R","M","E","M","R","BOSS","M","$","M","?","M","R","?","M","T","$","R","M","M","M","R","BOSS"],"build_version":"2018-03-01-PROD1","purchased_purges":0,"victory":false,"master_deck":["Strike_R","Strike_R+1","Strike_R","Strike_R+1","Strike_R","Defend_R","Defend_R","Defend_R","Defend_R","Bash","Flame Barrier","Rampage","Flex","Mind Blast","Armaments","Offering","Perfected Strike","Clash","Uppercut","Inflame","Berserk","Clothesline+1","Inflame","Entrench","Body Slam+1","Flex","J.A.X.","Shockwave","Limit Break","Pummel","Wild Strike"],"max_hp_per_floor":[80,80,80,80,80,80,80,80,80,80,80,80,80,80,80,80,80,80,80,80,80,80,80,80,80,80,80,80,80,80,80,80],"relics":["Burning Blood","Shovel","Whetstone","Magic Flower","Ginger","Paper Frog","Mark of Pain","Enchiridion","Old Coin","Torii","Calipers","Peace Pipe"],"card_choices":[{"not_picked":["Wild Strike","Feel No Pain"],"picked":"Flame Barrier"},{"not_picked":["Pommel Strike","Iron Wave"],"picked":"Rampage"},{"not_picked":["Sever Soul","Clash"],"picked":"Flex"},{"not_picked":["Headbutt","Perfected Strike"],"picked":"Armaments"},{"not_picked":["Body Slam","Power Through"],"picked":"Offering"},{"not_picked":["Wild Strike","Uppercut"],"picked":"Perfected Strike"},{"not_picked":["Twin Strike","Cleave"],"picked":"Clash"},{"not_picked":["True Grit","Warcry"],"picked":"Uppercut"},{"not_picked":["Havoc","Cleave"],"picked":"Inflame"},{"not_picked":["Brutality","Double Tap"],"picked":"Berserk"},{"not_picked":["Heavy Blade","Havoc"],"picked":"Clothesline"},{"not_picked":["Rupture","Warcry"],"picked":"Body Slam"},{"not_picked":["Blood for Blood","Rupture"],"picked":"Flex"},{"not_picked":["Sword Boomerang","Havoc"],"picked":"Shockwave"},{"not_picked":["Body Slam","Twin Strike"],"picked":"Limit Break"},{"not_picked":["Hemokinesis","Rage"],"picked":"Pummel"},{"not_picked":["True Grit","Sword Boomerang"],"picked":"Wild Strike"}],"player_experience":364748,"potions_floor_usage":[2,16,16,18,25,29,30],"damage_taken":[{"damage":8,"enemies":"2 Louse","floor":1,"turns":4},{"damage":0,"enemies":"Small Slimes","floor":2,"turns":5},{"damage":0,"enemies":"Jaw Worm","floor":3,"turns":4},{"damage":28,"enemies":"Large Slime","floor":6,"turns":8},{"damage":7,"enemies":"3 Louse","floor":8,"turns":5},{"damage":4,"enemies":"Blue Slaver","floor":10,"turns":3},{"damage":4,"enemies":"Large Slime","floor":12,"turns":4},{"damage":10,"enemies":"Gremlin Nob","floor":13,"turns":3},{"damage":0,"enemies":"Looter","floor":14,"turns":2},{"damage":32,"enemies":"Slime Boss","floor":16,"turns":8},{"damage":4,"enemies":"3 Byrds","floor":18,"turns":3},{"damage":0,"enemies":"Chosen","floor":20,"turns":2},{"damage":20,"enemies":"Snake Plant","floor":22,"turns":2},{"damage":9,"enemies":"Sentry and Sphere","floor":25,"turns":3},{"damage":18,"enemies":"Centurion and Healer","floor":29,"turns":5},{"damage":24,"enemies":"3 Cultists","floor":30,"turns":5},{"damage":28,"enemies":"Snecko","floor":31,"turns":5},{"damage":38,"enemies":"Automaton","floor":33,"turns":4}],"event_choices":[{"event_name":"Golden Wing","player_choice":"Ignored","floor":4,"damage_taken":0},{"event_name":"Cursed Tome","player_choice":"Obtained Book","floor":21,"damage_taken":0},{"event_name":"Drug Dealer","player_choice":"Got JAXXED","floor":24,"damage_taken":0}],"boss_relics":[{"not_picked":["Runic Cube","Sozu"],"picked":"Mark of Pain"}],"potions_floor_spawned":[1,13,14,16,22,25,29],"seed_played":"3349631376829285350","killed_by":"Automaton","ascension_level":0,"is_trial":false}