{"path_per_floor":["M","?","?","M","M","R","T","M","T","M","$","T","M","M","R","B",null,"M","?","?","$","M","R","M","M","T","M","?","M","$","M","R","B",null,"M","?","M","?","M","R","E","?","T","R","E","M","M","?","B"],"character_chosen":"IRONCLAD","items_purchased":["Self Forming Clay","Perfected Strike","Bottled Flame","Molten Egg 2","Dead Branch","Mind Blast"],"gold_per_floor":[144,144,144,189,234,234,234,279,279,324,23,73,118,163,163,463,463,508,508,708,208,253,253,298,343,343,388,388,433,36,81,81,381,381,426,426,471,471,516,516,606,606,606,606,696,741,786,786,786],"floor_reached":50,"campfire_rested":6,"playtime":1441,"current_hp_per_floor":[80,80,80,80,79,80,80,65,65,60,60,60,66,65,80,74,80,65,65,65,65,71,80,70,72,72,78,78,70,70,76,80,80,80,80,80,80,80,80,80,80,80,80,80,80,80,80,80,80],"items_purged":[],"gold":786,"score":1223,"play_id":"4c34e2be-31ea-425e-a8bb-63995f550a4b","local_time":"20180417182914","daily_mods":["Insanity","Midas","Hoarder"],"is_prod":false,"is_daily":true,"chose_seed":false,"is_ascension_mode":false,"campfire_upgraded":0,"timestamp":1524004154,"path_taken":["M","?","?","M","M","R","?","M","T","M","$","?","?","M","R","BOSS","M","?","?","$","M","R","M","M","T","?","?","M","$","?","R","BOSS","M","?","?","?","M","R","E","?","T","R","E","M","?","?","BOSS"],"build_version":"2018-04-12","seed_source_timestamp":0,"purchased_purges":0,"victory":true,"master_deck":["Infernal Blade","Twin Strike","Bludgeon","Heavy Blade","Fire Breathing","Pummel","Pommel Strike","Anger","Impervious","Perfected Strike","Hemokinesis","Bloodletting","Demon Form","Strike_R+1","Blood for Blood","Combust","Heavy Blade","Second Wind","Shockwave","Demon Form","Dropkick","Rampage","Clothesline","Twin Strike","Burning Pact","Ghostly Armor","Blood for Blood","Limit Break","Feed","Juggernaut","Demon Form","Searing Blow","Rupture","Pummel","Infernal Blade","Reaper","Havoc","Shockwave","Infernal Blade","Juggernaut","Headbutt","Berserk","Carnage","Infernal Blade","Strike_R+1","Fire Breathing","Shockwave","Feel No Pain","Inflame","Inflame","Inflame","Perfected Strike","Perfected Strike","Perfected Strike","Perfected Strike","Perfected Strike","Perfected Strike","Twin Strike","Twin Strike","Twin Strike","Limit Break","Limit Break","Limit Break","Inflame","Inflame","Inflame","Offering","Offering","Offering","Writhe","Writhe","Writhe","Perfected Strike+1","Perfected Strike+1","Perfected Strike+1","Mind Blast+1","Mind Blast+1","Mind Blast+1","Exhume","Exhume","Exhume","Decay","Decay","Decay","Mind Blast+1","Mind Blast+1","Mind Blast+1"],"max_hp_per_floor":[80,80,80,80,80,80,80,80,80,80,80,80,80,80,80,80,80,80,80,80,80,80,80,80,80,80,80,80,80,80,80,80,80,80,80,80,80,80,80,80,80,80,80,80,80,80,80,80,80],"relics":["Burning Blood","Toolbox","Thread and Needle","Self Forming Clay","Bag of Marbles","Eternal Feather","Bottled Flame","Molten Egg 2","Art of War","Prayer Wheel","Dead Branch","Orrery","Orichalcum","Mummified Hand","Mercury Hourglass"],"card_choices":[{"not_picked":["Corruption","Shrug It Off"],"picked":"Twin Strike","floor":13},{"not_picked":["Impervious","Juggernaut"],"picked":"Limit Break","floor":16},{"not_picked":["Headbutt","True Grit"],"picked":"Inflame","floor":22},{"not_picked":["Dual Wield","Feel No Pain"],"picked":"Offering","floor":27},{"not_picked":["Dropkick","Heavy Blade"],"picked":"Perfected Strike","floor":29},{"not_picked":["Berserk","Bludgeon"],"picked":"Exhume","floor":33}],"player_experience":671198,"potions_floor_usage":[5,16,16,27,49,49,49],"damage_taken":[{"damage":2,"enemies":"2 Louse","floor":1,"turns":3},{"damage":0,"enemies":"Cultist","floor":4,"turns":2},{"damage":7,"enemies":"Small Slimes","floor":5,"turns":2},{"damage":21,"enemies":"Gremlin Gang","floor":8,"turns":3},{"damage":11,"enemies":"2 Fungi Beasts","floor":10,"turns":3},{"damage":0,"enemies":"Blue Slaver","floor":13,"turns":1},{"damage":7,"enemies":"Exordium Thugs","floor":14,"turns":3},{"damage":12,"enemies":"The Guardian","floor":16,"turns":5},{"damage":21,"enemies":"Spheric Guardian","floor":18,"turns":4},{"damage":0,"enemies":"Chosen","floor":22,"turns":2},{"damage":16,"enemies":"Centurion and Healer","floor":24,"turns":5},{"damage":4,"enemies":"Cultist and Chosen","floor":25,"turns":5},{"damage":0,"enemies":"Snake Plant","floor":27,"turns":2},{"damage":14,"enemies":"Centurion and Healer","floor":29,"turns":5},{"damage":0,"enemies":"Slaver and Parasite","floor":31,"turns":1},{"damage":0,"enemies":"Champ","floor":33,"turns":2},{"damage":3,"enemies":"3 Shapes","floor":35,"turns":1},{"damage":0,"enemies":"3 Darklings","floor":37,"turns":1},{"damage":3,"enemies":"Sphere and 2 Shapes","floor":39,"turns":1},{"damage":0,"enemies":"2 Orb Walkers","floor":41,"turns":1},{"damage":0,"enemies":"Nemesis","floor":45,"turns":1},{"damage":0,"enemies":"Maw","floor":46,"turns":1},{"damage":0,"enemies":"4 Shapes","floor":47,"turns":1},{"damage":0,"enemies":"Donu and Deca","floor":49,"turns":2}],"event_choices":[{"event_name":"Match and Keep!","player_choice":"1 cards matched","floor":2,"damage_taken":0},{"event_name":"Transmorgrifier","player_choice":"Transform","floor":3,"damage_taken":0},{"event_name":"Back to Basics","player_choice":"Simplicity","floor":19,"damage_taken":0},{"event_name":"The Joust","player_choice":"Bet on Owner","floor":20,"damage_taken":0},{"event_name":"The Mausoleum","player_choice":"Yes","floor":28,"damage_taken":0},{"event_name":"Wheel of Change","player_choice":"Curse","floor":38,"damage_taken":0},{"event_name":"Duplicator","player_choice":"One dupe","floor":42,"damage_taken":0},{"event_name":"SecretPortal","player_choice":"Took Portal.","floor":48,"damage_taken":0}],"boss_relics":[{"not_picked":["Black Star","Black Blood"],"picked":"Eternal Feather"},{"not_picked":["Astrolabe","Velvet Choker"],"picked":"Orrery"}],"potions_floor_spawned":[1,10,13,24,29,33,39,41,47],"seed_played":"5806895975017709107","ascension_level":0,"is_trial":false}