{"gold_per_floor":[110,126,126,136,148,148,198,198,198,233,249,277,277],"floor_reached":13,"playtime":385,"items_purged":[],"score":215,"play_id":"dc4d6663-43c6-4056-bc56-98800e8e41b4","local_time":"20190414194849","is_ascension_mode":true,"campfire_choices":[{"data":"Dagger Spray","floor":6,"key":"SMITH"},{"floor":8,"key":"REST"}],"neow_cost":"NONE","seed_source_timestamp":147510138735100,"circlet_count":0,"master_deck":["AscendersBane","Defend_G","Defend_G","Defend_G","Defend_G","Defend_G","Strike_G","Strike_G","Strike_G","Strike_G","Strike_G","Survivor","Neutralize","Infinite Blades","Dash","Leg Sweep","Dagger Spray+1"],"relics":["Ring of the Snake","Pear","WingedGreaves","Happy Flower"],"potions_floor_usage":[10,12],"damage_taken":[{"damage":3,"enemies":"2 Louse","floor":1,"turns":4},{"damage":9,"enemies":"Small Slimes","floor":2,"turns":4},{"damage":1,"enemies":"Cultist","floor":4,"turns":4},{"damage":11,"enemies":"Large Slime","floor":5,"turns":6},{"damage":27,"enemies":"3 Sentries","floor":10,"turns":7},{"damage":7,"enemies":"Gremlin Gang","floor":11,"turns":3},{"damage":39,"enemies":"Lagavulin","floor":12,"turns":7},{"damage":14,"enemies":"Red Slaver","floor":13,"turns":1}],"seed_played":"1533587485669569028","potions_obtained":[{"floor":4,"key":"Energy Potion"},{"floor":5,"key":"PowerPotion"},{"floor":10,"key":"PowerPotion"},{"floor":11,"key":"FearPotion"}],"is_trial":false,"path_per_floor":["M","M","?","M","M","R","?","R","T","E","M","E","M"],"character_chosen":"THE_SILENT","items_purchased":[],"campfire_rested":1,"item_purchase_floors":[],"current_hp_per_floor":[62,53,58,57,46,46,46,69,79,52,45,6,0],"gold":277,"neow_bonus":"TEN_PERCENT_HP_BONUS","is_prod":false,"is_daily":false,"chose_seed":false,"campfire_upgraded":1,"win_rate":0,"timestamp":1555296529,"path_taken":["M","M","?","M","M","R","?","R","T","E","M","E","?"],"build_version":"2019-01-23","purchased_purges":0,"victory":false,"max_hp_per_floor":[72,72,77,77,77,77,77,77,87,87,87,87,87],"card_choices":[{"not_picked":["Cloak And Dagger","Prepared"],"picked":"Infinite Blades","floor":1},{"not_picked":["Dagger Throw","Endless Agony"],"picked":"Dash","floor":2},{"not_picked":["Catalyst","Escape Plan"],"picked":"Leg Sweep","floor":4},{"not_picked":["Endless Agony","Acrobatics"],"picked":"Dagger Spray","floor":5},{"not_picked":["Distraction","Blur","Acrobatics"],"picked":"SKIP","floor":10},{"not_picked":["Acrobatics","Outmaneuver","Blade Dance"],"picked":"SKIP","floor":11},{"not_picked":["Deflect","Underhanded Strike","Dodge and Roll"],"picked":"SKIP","floor":12}],"player_experience":703759,"relics_obtained":[{"floor":9,"key":"Pear"},{"floor":10,"key":"WingedGreaves"},{"floor":12,"key":"Happy Flower"}],"event_choices":[{"damage_healed":0,"gold_gain":0,"player_choice":"Donut","damage_taken":0,"max_hp_gain":5,"max_hp_loss":0,"event_name":"Big Fish","floor":3,"gold_loss":0},{"damage_healed":0,"gold_gain":50,"player_choice":"Pray","damage_taken":0,"max_hp_gain":0,"max_hp_loss":0,"event_name":"Golden Shrine","floor":7,"gold_loss":0}],"is_beta":false,"boss_relics":[],"items_purged_floors":[],"is_endless":false,"potions_floor_spawned":[4,5,10,11],"killed_by":"Red Slaver","ascension_level":20}