{"gold_per_floor":[112,130,144,13,13,13,33,63,63,79,79,79,79,93,93,198,198,218,218,218,233,233,233,243,243,243,256,44,58,77,109,109,109],"floor_reached":33,"playtime":1307,"items_purged":["Regret"],"score":369,"play_id":"6dcbdc71-c668-4bd6-8638-79d2b82a2b0a","local_time":"20190619073845","is_ascension_mode":false,"campfire_choices":[{"floor":6,"key":"RECALL"},{"data":"Rainbow","floor":11,"key":"SMITH"},{"data":"Self Repair","floor":13,"key":"SMITH"},{"data":"Force Field","floor":15,"key":"SMITH"},{"floor":23,"key":"REST"},{"floor":25,"key":"REST"},{"data":"Machine Learning","floor":32,"key":"SMITH"}],"neow_cost":"NONE","seed_source_timestamp":393108302254800,"circlet_count":0,"master_deck":["Strike_B","Strike_B","Defend_B","Defend_B","Defend_B","Defend_B","Zap","Dualcast","Self Repair+1","BootSequence","Ball Lightning","Sunder+1","Conserve Battery","Force Field+1","Rainbow+1","Melter+1","Sunder+1","Multi-Cast","Decay","Writhe","Darkness+1","Ghostly+1","Ghostly+1","Ghostly+1","Ghostly+1","Ghostly+1","Blizzard+1","Streamline+1","Doom and Gloom+1","Necronomicurse","Consume+1","Reinforced Body+1","Meteor Strike+1","Machine Learning+1","Hologram+1","Darkness+1"],"relics":["Snecko Eye","Bird Faced Urn","Molten Egg 2","Calling Bell","Centennial Puzzle","Toxic Egg 2","Mango","Necronomicon","Question Card"],"potions_floor_usage":[2,3,16,16,16,16,24,29,30,30,31,33],"damage_taken":[{"damage":5,"enemies":"Small Slimes","floor":1,"turns":3},{"damage":0,"enemies":"Cultist","floor":2,"turns":3},{"damage":0,"enemies":"2 Louse","floor":3,"turns":3},{"damage":0,"enemies":"Lots of Slimes","floor":7,"turns":3},{"damage":1,"enemies":"Lagavulin","floor":8,"turns":5},{"damage":0,"enemies":"Large Slime","floor":10,"turns":3},{"damage":0,"enemies":"Blue Slaver","floor":14,"turns":2},{"damage":0,"enemies":"Slime Boss","floor":16,"turns":3},{"damage":4,"enemies":"Shell Parasite","floor":18,"turns":5},{"damage":27,"enemies":"Chosen","floor":21,"turns":6},{"damage":3,"enemies":"Shelled Parasite and Fungi","floor":24,"turns":3},{"damage":0,"enemies":"Cultist and Chosen","floor":27,"turns":2},{"damage":0,"enemies":"3 Cultists","floor":29,"turns":4},{"damage":1,"enemies":"Snake Plant","floor":30,"turns":4},{"damage":1,"enemies":"Gremlin Leader","floor":31,"turns":3},{"damage":47,"enemies":"Collector","floor":33,"turns":10}],"seed_played":"-6279985251784163200","potions_obtained":[{"floor":1,"key":"EssenceOfSteel"},{"floor":2,"key":"PowerPotion"},{"floor":12,"key":"EntropicBrew"},{"floor":12,"key":"Weak Potion"},{"floor":12,"key":"Ancient Potion"},{"floor":14,"key":"GamblersBrew"},{"floor":21,"key":"FearPotion"},{"floor":24,"key":"Regen Potion"},{"floor":30,"key":"GamblersBrew"},{"floor":31,"key":"SteroidPotion"}],"is_trial":false,"path_per_floor":["M","M","M","$","?","R","M","E","T","M","R","?","R","M","R","B",null,"M","?","?","M","?","R","M","R","T","M","$","M","M","E","R","B"],"character_chosen":"DEFECT","items_purchased":["Sunder","Conserve Battery","Meteor Strike+1"],"campfire_rested":2,"item_purchase_floors":[4,4,28],"current_hp_per_floor":[70,75,75,75,75,75,75,75,75,75,75,75,75,75,75,75,89,85,44,44,17,1,14,23,36,36,36,36,44,43,44,44,0],"gold":109,"neow_bonus":"BOSS_RELIC","is_prod":false,"is_daily":false,"chose_seed":false,"campfire_upgraded":4,"win_rate":0,"timestamp":1560944325,"path_taken":["M","M","M","$","?","R","M","E","T","?","R","?","R","?","R","BOSS","M","?","?","M","?","R","M","R","T","M","$","M","M","E","R","BOSS"],"build_version":"2019-06-18","purchased_purges":1,"victory":false,"max_hp_per_floor":[75,75,75,75,75,75,75,75,75,75,75,75,75,75,75,75,89,89,44,44,44,44,44,44,44,44,44,44,44,44,44,44,44],"card_choices":[{"not_picked":["Undo","Genetic Algorithm"],"picked":"Self Repair","floor":1},{"not_picked":["Steam","Sweeping Beam"],"picked":"BootSequence","floor":2},{"not_picked":["Cold Snap","Recycle"],"picked":"Ball Lightning","floor":3},{"not_picked":["Gash","Aggregate"],"picked":"Force Field","floor":7},{"not_picked":["Turbo","Streamline"],"picked":"Rainbow","floor":8},{"not_picked":["Consume","Coolheaded"],"picked":"Melter+1","floor":10},{"not_picked":["Reprogram","Cold Snap+1"],"picked":"Sunder+1","floor":14},{"not_picked":["Seek","Reboot"],"picked":"Multi-Cast","floor":16},{"not_picked":["Rebound+1","Hologram+1"],"picked":"Darkness+1","floor":18},{"not_picked":["Leap+1","Redo+1"],"picked":"Doom and Gloom+1","floor":21},{"not_picked":["Go for the Eyes+1","Compile Driver+1"],"picked":"Consume+1","floor":24},{"not_picked":["Go for the Eyes+1","Fusion+1"],"picked":"Reinforced Body+1","floor":27},{"not_picked":["Sweeping Beam+1","Barrage+1"],"picked":"Machine Learning","floor":29},{"not_picked":["Redo+1","Conserve Battery+1"],"picked":"Hologram+1","floor":30},{"not_picked":["Reprogram+1","Consume+1"],"picked":"Darkness+1","floor":31}],"player_experience":1070194,"relics_obtained":[{"floor":8,"key":"Bird Faced Urn"},{"floor":9,"key":"Molten Egg 2"},{"floor":17,"key":"Centennial Puzzle"},{"floor":17,"key":"Toxic Egg 2"},{"floor":17,"key":"Mango"},{"floor":22,"key":"Necronomicon"},{"floor":31,"key":"Question Card"}],"event_choices":[{"damage_healed":0,"gold_gain":0,"player_choice":"Upgraded","damage_taken":0,"max_hp_gain":0,"max_hp_loss":0,"event_name":"Upgrade Shrine","floor":5,"gold_loss":0,"cards_upgraded":["Sunder"]},{"damage_healed":0,"gold_gain":0,"player_choice":"Got Potions","damage_taken":0,"max_hp_gain":0,"max_hp_loss":0,"event_name":"Lab","floor":12,"gold_loss":0},{"damage_healed":0,"gold_gain":0,"player_choice":"Became a Ghost","damage_taken":0,"max_hp_gain":0,"max_hp_loss":45,"event_name":"Ghosts","floor":19,"gold_loss":0,"cards_obtained":["Ghostly","Ghostly","Ghostly","Ghostly","Ghostly"]},{"damage_healed":0,"gold_gain":0,"cards_transformed":["Strike_B","Strike_B"],"player_choice":"Became Test Subject","damage_taken":0,"max_hp_gain":0,"max_hp_loss":0,"event_name":"Drug Dealer","floor":20,"gold_loss":0,"cards_obtained":["Blizzard","Streamline"]},{"damage_healed":0,"gold_gain":0,"player_choice":"Obtained Book","damage_taken":16,"max_hp_gain":0,"max_hp_loss":0,"event_name":"Cursed Tome","floor":22,"gold_loss":0}],"is_beta":true,"boss_relics":[{"not_picked":["Eternal Feather","White Beast Statue"],"picked":"Calling Bell"}],"items_purged_floors":[28],"is_endless":false,"potions_floor_spawned":[1,2,14,21,24,30,31],"killed_by":"Collector","ascension_level":0}