{"path_per_floor":["M","?","?","?","M","R","?","M","T","R","?","R","T","M","R","B",null,"M","?","M","M"],"character_chosen":"IRONCLAD","items_purchased":[],"gold_per_floor":[139,314,314,314,325,325,325,344,344,344,344,344,371,381,381,480,480,497,412,428,446],"floor_reached":22,"campfire_rested":0,"playtime":1077,"current_hp_per_floor":[80,80,80,80,80,80,80,79,79,79,79,79,79,80,80,38,80,74,74,60,22],"items_purged":[],"gold":446,"score":274,"play_id":"9a525fac-97a9-426a-8f3a-9eecdf1062c6","local_time":"20180309224225","is_prod":false,"is_daily":false,"is_ascension_mode":false,"campfire_upgraded":4,"timestamp":1520653345,"path_taken":["M","?","?","?","M","R","?","?","T","R","?","R","?","M","R","BOSS","M","?","M","M","M"],"build_version":"2018-03-01-PROD1","purchased_purges":0,"victory":false,"master_deck":["Strike_R","Strike_R","Strike_R","Strike_R","Strike_R","Defend_R","Defend_R","Defend_R","Defend_R","Bash+1","Pommel Strike","Doubt","Regret","Finesse","Uppercut+1","Infernal Blade+1","Shockwave+1","Second Wind+1","Barricade","Normality","Parasite","Decay","Body Slam+1","Spot Weakness","Impervious"],"max_hp_per_floor":[80,80,80,80,80,80,80,80,80,80,80,80,80,80,80,80,80,80,80,80,80],"relics":["Burning Blood","Tiny Chest","Pen Nib","Blue Candle","Orichalcum","Calling Bell","Ornamental Fan","Darkstone Periapt","Molten Egg 2","Blood Vial"],"card_choices":[{"not_picked":["Hemokinesis","Sever Soul"],"picked":"Pommel Strike"},{"not_picked":["Heavy Blade","Flame Barrier"],"picked":"Infernal Blade"},{"not_picked":["Rupture","Clash"],"picked":"Shockwave"},{"not_picked":["Heavy Blade","Havoc"],"picked":"Second Wind"},{"not_picked":["Impervious","Reaper"],"picked":"Barricade"},{"not_picked":["Armaments","Flex"],"picked":"Body Slam"},{"not_picked":["Body Slam","Perfected Strike"],"picked":"Spot Weakness"},{"not_picked":["Metallicize","Clothesline"],"picked":"Impervious"}],"player_experience":374970,"potions_floor_usage":[16,16,22],"damage_taken":[{"damage":5,"enemies":"Jaw Worm","floor":1,"turns":4},{"damage":0,"enemies":"2 Louse","floor":5,"turns":3},{"damage":7,"enemies":"Small Slimes","floor":8,"turns":3},{"damage":5,"enemies":"Blue Slaver","floor":14,"turns":3},{"damage":48,"enemies":"Hexaghost","floor":16,"turns":10},{"damage":12,"enemies":"Chosen","floor":18,"turns":8},{"damage":22,"enemies":"Shell Parasite","floor":20,"turns":9},{"damage":46,"enemies":"Sentry and Sphere","floor":21,"turns":6},{"damage":39,"enemies":"Chosen and Byrds","floor":22,"turns":6}],"event_choices":[{"event_name":"Liars Game","player_choice":"agreed","floor":2,"damage_taken":0},{"event_name":"Big Fish","player_choice":"Box","floor":3,"damage_taken":0},{"event_name":"Match and Keep!","player_choice":"2 cards matched","floor":4,"damage_taken":0},{"event_name":"The Cleric","player_choice":"Leave","floor":7,"damage_taken":0},{"event_name":"Living Wall","player_choice":"Grow","floor":11,"damage_taken":0},{"event_name":"Addict","player_choice":"Obtained Relic","floor":19,"damage_taken":0}],"boss_relics":[{"not_picked":["Lizard Tail","Philosopher\u0027s Stone"],"picked":"Calling Bell"}],"potions_floor_spawned":[8,14,21],"seed_played":"-7258208067711197984","killed_by":"Chosen and Byrds","ascension_level":0,"is_trial":false}