{"path_per_floor":["M","?","?","M","?","R","M","M","T","M","R","?","E","M","R","B",null,"M","M","M","?","$","R"],"character_chosen":"DEFECT","items_purchased":["Ancient Tea Set","Trip","Thinking Ahead"],"gold_per_floor":[112,112,112,125,125,125,145,163,163,179,179,254,289,313,313,434,434,448,464,477,477,40,40,40],"floor_reached":24,"campfire_rested":3,"playtime":1045,"current_hp_per_floor":[65,65,65,63,49,69,68,65,65,65,65,54,18,28,48,48,69,53,35,25,35,35,58,0],"items_purged":[],"gold":40,"score":248,"play_id":"b7040ad2-bb93-4f42-9714-e2cdd161370d","local_time":"20180506184527","is_prod":false,"is_daily":false,"chose_seed":false,"is_ascension_mode":false,"campfire_upgraded":1,"timestamp":1525646727,"path_taken":["M","?","?","M","?","R","?","M","T","M","R","?","E","M","R","BOSS","M","M","?","?","$","R","E"],"build_version":"2018-05-03","seed_source_timestamp":1816930162683315,"purchased_purges":0,"victory":false,"master_deck":["Strike_B","Strike_B","Strike_B","Strike_B","Defend_B","Defend_B","Defend_B","Defend_B","Zap","Dualcast+1","Seek","Melter","Sunder","Redo","Ball Lightning+1","Auto Shields","Ball Lightning","Echo Form+1","Scrape","Chaos","Redo","Melter+1","Sunder","Genetic Algorithm","Writhe","Trip","Thinking Ahead"],"max_hp_per_floor":[75,69,69,69,69,69,69,69,69,69,69,69,69,69,69,69,69,69,69,69,79,79,79,79],"relics":["Cracked Core","Golden Idol","Bronze Scales","Meat on the Bone","White Beast Statue","Pear","Ancient Tea Set"],"card_choices":[{"not_picked":["Sweeping Beam","Defragment"],"picked":"Melter","floor":1},{"not_picked":["Leap","Sweeping Beam"],"picked":"Ball Lightning","floor":4},{"not_picked":["Impulse","Turbo"],"picked":"Auto Shields","floor":7},{"not_picked":["Rebound","Turbo"],"picked":"Ball Lightning","floor":8},{"not_picked":["Stack","Coolheaded"],"picked":"Echo Form","floor":10},{"not_picked":["Turbo","Go for the Eyes"],"picked":"Scrape","floor":13},{"not_picked":["Skim","Beam Cell"],"picked":"Chaos","floor":14},{"not_picked":["Reboot","Amplify"],"picked":"Redo","floor":16},{"not_picked":["Stack","Sweeping Beam"],"picked":"Melter","floor":18},{"not_picked":["Reinforced Body","Conserve Battery"],"picked":"Sunder","floor":19},{"not_picked":["Hologram","Streamline"],"picked":"Genetic Algorithm","floor":20}],"player_experience":152877,"potions_floor_usage":[7,10,19,20,24],"damage_taken":[{"damage":10,"enemies":"Small Slimes","floor":1,"turns":4},{"damage":2,"enemies":"2 Louse","floor":4,"turns":2},{"damage":1,"enemies":"Jaw Worm","floor":7,"turns":2},{"damage":3,"enemies":"Red Slaver","floor":8,"turns":2},{"damage":0,"enemies":"Large Slime","floor":10,"turns":3},{"damage":36,"enemies":"Lagavulin","floor":13,"turns":4},{"damage":2,"enemies":"Blue Slaver","floor":14,"turns":3},{"damage":0,"enemies":"Slime Boss","floor":16,"turns":8},{"damage":16,"enemies":"Shell Parasite","floor":18,"turns":5},{"damage":18,"enemies":"Chosen","floor":19,"turns":4},{"damage":22,"enemies":"Centurion and Healer","floor":20,"turns":5},{"damage":58,"enemies":"Gremlin Leader","floor":24,"turns":6}],"event_choices":[{"event_name":"Golden Idol","player_choice":"Lose Max HP","floor":2,"damage_taken":0},{"event_name":"Match and Keep!","player_choice":"2 cards matched","floor":3,"damage_taken":0},{"event_name":"Shining Light","player_choice":"Entered Light","floor":5,"damage_taken":0},{"event_name":"World of Goop","player_choice":"Gather Gold","floor":12,"damage_taken":0},{"event_name":"The Mausoleum","player_choice":"Yes","floor":21,"damage_taken":0}],"boss_relics":[{"not_picked":["Runic Dome","Sozu"],"picked":"White Beast Statue"}],"potions_floor_spawned":[4,8,18,19,20],"seed_played":"-4637457068584167700","killed_by":"Gremlin Leader","ascension_level":0,"is_trial":false}