{"gold_per_floor":[117,131,131,6,22,22,86,17,86,106,126,157,157,176,176,250,250,264,284,295,309,327,327],"floor_reached":23,"playtime":865,"items_purged":["Pain"],"score":383,"play_id":"6a93cd46-65aa-4274-bbf9-2bb05cfef15a","local_time":"20190406125719","is_ascension_mode":true,"campfire_choices":[{"data":"Sunder","floor":6,"key":"SMITH"},{"data":"Fission","floor":13,"key":"SMITH"},{"data":"Defragment","floor":15,"key":"SMITH"}],"neow_cost":"NONE","seed_source_timestamp":124842855115092,"circlet_count":0,"master_deck":["AscendersBane","Strike_B","Strike_B","Strike_B","Strike_B","Defend_B","Defend_B","Defend_B","Defend_B","Zap","Dualcast","Ball Lightning","Sunder+1","Hologram","Undo","Tempest","Sweeping Beam","Fission+1","Defragment+1","Thunder Strike","Static Discharge+1","Go for the Eyes","Auto Shields","Double Energy"],"relics":["Philosopher\u0027s Stone","WarpedTongs","Tiny Chest","Blood Vial","Darkstone Periapt","Oddly Smooth Stone","Nuclear Battery"],"potions_floor_usage":[7,10,19,22,23],"damage_taken":[{"damage":5,"enemies":"Small Slimes","floor":1,"turns":3},{"damage":0,"enemies":"Cultist","floor":2,"turns":3},{"damage":8,"enemies":"Jaw Worm","floor":5,"turns":2},{"damage":3,"enemies":"Gremlin Nob","floor":7,"turns":3},{"damage":1,"enemies":"Gremlin Gang","floor":10,"turns":3},{"damage":0,"enemies":"2 Fungi Beasts","floor":11,"turns":1},{"damage":10,"enemies":"3 Sentries","floor":12,"turns":5},{"damage":0,"enemies":"Lots of Slimes","floor":14,"turns":3},{"damage":26,"enemies":"Hexaghost","floor":16,"turns":9},{"damage":0,"enemies":"Chosen","floor":18,"turns":2},{"damage":22,"enemies":"Shell Parasite","floor":19,"turns":2},{"damage":31,"enemies":"Centurion and Healer","floor":20,"turns":3},{"damage":9,"enemies":"Snake Plant","floor":21,"turns":3},{"damage":0,"enemies":"Sentry and Sphere","floor":22,"turns":3},{"damage":10,"enemies":"Gremlin Leader","floor":23,"turns":1}],"seed_played":"968691479372803451","potions_obtained":[{"floor":2,"key":"AttackPotion"},{"floor":7,"key":"Fire Potion"},{"floor":10,"key":"SteroidPotion"},{"floor":16,"key":"Poison Potion"},{"floor":20,"key":"Weak Potion"},{"floor":21,"key":"AttackPotion"}],"is_trial":false,"path_per_floor":["M","M","?","$","M","R","E","?","T","M","M","E","R","M","R","B",null,"M","M","M","M","M","E"],"character_chosen":"DEFECT","items_purchased":["Hologram"],"campfire_rested":0,"item_purchase_floors":[4],"current_hp_per_floor":[59,59,59,59,51,51,48,48,48,49,51,43,43,45,45,21,59,61,41,12,5,7,0],"gold":327,"neow_bonus":"BOSS_RELIC","is_prod":false,"is_daily":false,"chose_seed":false,"campfire_upgraded":3,"win_rate":0,"timestamp":1554548239,"path_taken":["M","M","?","$","?","R","E","?","T","M","M","E","R","M","R","BOSS","M","M","?","M","M","E"],"build_version":"2019-01-23","purchased_purges":1,"victory":false,"max_hp_per_floor":[71,71,71,71,71,71,71,71,71,71,71,71,71,71,71,71,71,71,71,71,71,71,71],"card_choices":[{"not_picked":["Stack","Redo"],"picked":"Ball Lightning","floor":1},{"not_picked":["Chaos","Redo"],"picked":"Sunder","floor":2},{"not_picked":["Leap","Stack"],"picked":"Undo","floor":5},{"not_picked":["Steam Power","Turbo"],"picked":"Tempest","floor":7},{"not_picked":["Doom and Gloom","Rip and Tear"],"picked":"Sweeping Beam","floor":10},{"not_picked":["Beam Cell","Hologram","Storm"],"picked":"SKIP","floor":11},{"not_picked":["Turbo","Steam"],"picked":"Fission","floor":12},{"not_picked":["Conserve Battery","Leap"],"picked":"Defragment","floor":14},{"not_picked":["Multi-Cast","Fission"],"picked":"Thunder Strike","floor":16},{"not_picked":["Stack","Go for the Eyes"],"picked":"Static Discharge+1","floor":18},{"not_picked":["Barrage","Cold Snap","Coolheaded"],"picked":"SKIP","floor":19},{"not_picked":["Barrage+1","Capacitor"],"picked":"Go for the Eyes","floor":20},{"not_picked":["Conserve Battery","FTL"],"picked":"Auto Shields","floor":21},{"not_picked":["Chaos","Thunder Strike"],"picked":"Double Energy","floor":22}],"player_experience":536054,"relics_obtained":[{"floor":7,"key":"Tiny Chest"},{"floor":9,"key":"Darkstone Periapt"},{"floor":12,"key":"Oddly Smooth Stone"}],"event_choices":[{"damage_healed":0,"gold_gain":0,"player_choice":"Rummage","damage_taken":0,"relics_obtained":["WarpedTongs"],"max_hp_gain":0,"max_hp_loss":0,"event_name":"Accursed Blacksmith","floor":3,"gold_loss":0,"cards_obtained":["Pain"]},{"damage_healed":0,"gold_gain":0,"player_choice":"Paid Gold","damage_taken":0,"relics_obtained":["Blood Vial"],"max_hp_gain":0,"max_hp_loss":0,"event_name":"WeMeetAgain","floor":8,"gold_loss":69}],"is_beta":false,"boss_relics":[{"not_picked":["Fusion Hammer","Empty Cage"],"picked":"Nuclear Battery"}],"items_purged_floors":[4],"is_endless":false,"potions_floor_spawned":[2,7,10,16,20,21],"killed_by":"Gremlin Leader","ascension_level":17}