{"path_per_floor":["M","$","?","?","M","M","R","?","T","?","M","R","M","M","R","B",null,"M","?"],"character_chosen":"DEFECT","items_purchased":["Madness"],"gold_per_floor":[117,28,28,203,213,233,233,183,183,183,199,199,209,219,219,321,321,333,333,333],"floor_reached":20,"campfire_rested":1,"playtime":953,"current_hp_per_floor":[67,67,64,64,64,62,62,62,62,67,61,61,46,44,65,50,73,59,59,0],"items_purged":[],"gold":333,"score":164,"play_id":"53643d93-7d99-487c-a284-51ee2e07b64f","local_time":"20180501180455","is_prod":false,"is_daily":false,"chose_seed":false,"is_ascension_mode":false,"campfire_upgraded":2,"timestamp":1525212295,"path_taken":["M","$","?","?","M","?","R","?","T","?","M","R","M","M","R","BOSS","M","?","M"],"build_version":"2018-04-30","seed_source_timestamp":1377507022653018,"purchased_purges":0,"victory":false,"master_deck":["Strike_B","Strike_B","Strike_B","Defend_B","Defend_B","Defend_B","Defend_B","Zap","Dualcast","White Noise","Madness","Consume+1","Rainbow+1","Ball Lightning","Capacitor","Nova","Barrage","Consume","Capacitor","Cold Snap","Glacier","Capacitor+1"],"max_hp_per_floor":[68,68,68,68,68,68,68,68,68,73,73,73,73,73,73,73,73,73,73,73],"relics":["Cracked Core","Gambling Chip","Girya","Orichalcum","Orrery"],"card_choices":[{"not_picked":["Skim","Stack"],"picked":"White Noise","floor":1.0},{"not_picked":["Skim","Impulse"],"picked":"Consume","floor":6.0},{"not_picked":["Darkness","Stack"],"picked":"Rainbow","floor":11.0},{"not_picked":["Reinforced Body","Turbo"],"picked":"Ball Lightning","floor":13.0},{"not_picked":["Doom and Gloom","Tempest"],"picked":"Capacitor","floor":14.0},{"not_picked":["Fusion","Reboot"],"picked":"Nova","floor":16.0},{"not_picked":["Hologram","Undo"],"picked":"Barrage","floor":17.0},{"not_picked":["Impulse","Turbo"],"picked":"Consume","floor":17.0},{"not_picked":["Streamline","Ball Lightning"],"picked":"Capacitor","floor":17.0},{"not_picked":["Reprieve","Undo"],"picked":"Cold Snap","floor":17.0},{"not_picked":["Consume","Axe Kick"],"picked":"Glacier","floor":17.0},{"not_picked":["Stack","Impulse"],"picked":"Capacitor","floor":18}],"player_experience":105687,"potions_floor_usage":[20],"damage_taken":[{"damage":1.0,"enemies":"Cultist","floor":1.0,"turns":3.0},{"damage":0.0,"enemies":"Small Slimes","floor":5.0,"turns":3.0},{"damage":2.0,"enemies":"2 Louse","floor":6.0,"turns":3.0},{"damage":6.0,"enemies":"Exordium Wildlife","floor":11.0,"turns":4.0},{"damage":15.0,"enemies":"Lots of Slimes","floor":13.0,"turns":3.0},{"damage":2.0,"enemies":"Looter","floor":14.0,"turns":4.0},{"damage":15.0,"enemies":"Slime Boss","floor":16.0,"turns":8.0},{"damage":14.0,"enemies":"Chosen","floor":18.0,"turns":5.0},{"damage":71,"enemies":"3 Cultists","floor":20,"turns":7}],"event_choices":[{"event_name":"Scrap Ooze","player_choice":"success","floor":3.0,"damage_taken":3.0},{"event_name":"Liars Game","player_choice":"agreed","floor":4.0,"damage_taken":0.0},{"event_name":"The Cleric","player_choice":"Card Removal","floor":8.0,"damage_taken":0.0},{"event_name":"Big Fish","player_choice":"Donut","floor":10.0,"damage_taken":0.0},{"event_name":"Back to Basics","player_choice":"Elegance","floor":19,"damage_taken":0}],"boss_relics":[],"potions_floor_spawned":[11,13,14,16,18],"seed_played":"-6509822106255774981","killed_by":"3 Cultists","ascension_level":0,"is_trial":false}