{"gold_per_floor":[119,119,69,89,89,89,89,89,89,102,126,140,165,199,199,323,323,311,311,335,358,374,374,387,387],"floor_reached":25,"playtime":972,"items_purged":[],"score":238,"play_id":"71409e42-8e97-47b7-ad76-e0d9a20b1df4","local_time":"20180712192957","is_ascension_mode":true,"campfire_choices":[{"data":"Armaments","floor":6,"key":"SMITH"},{"floor":8,"key":"REST"},{"data":"Seeing Red","floor":15,"key":"SMITH"},{"floor":23,"key":"REST"}],"neow_cost":"TEN_PERCENT_HP_LOSS","seed_source_timestamp":316720620740205,"circlet_count":0,"master_deck":["Strike_R","Strike_R+1","Strike_R","Strike_R","Strike_R","Defend_R","Bash","Ghostly Armor+1","Armaments+1","Flex","Ghostly Armor","Perfected Strike","Perfected Strike","Seeing Red+1","Demon Form","Perfected Strike+1","RitualDagger","Wild Strike","Wild Strike","Immolate","Armaments"],"relics":["Burning Blood","Golden Idol","Ginger","Bottled Flame","Strawberry","Lizard Tail"],"potions_floor_usage":[4,13,16,20,24],"damage_taken":[{"damage":6,"enemies":"Cultist","floor":1,"turns":4},{"damage":2,"enemies":"Jaw Worm","floor":4,"turns":2},{"damage":6,"enemies":"2 Louse","floor":10,"turns":3},{"damage":6,"enemies":"Looter","floor":11,"turns":3},{"damage":0,"enemies":"Exordium Wildlife","floor":12,"turns":3},{"damage":0,"enemies":"Lots of Slimes","floor":13,"turns":4},{"damage":12,"enemies":"Gremlin Nob","floor":14,"turns":4},{"damage":8,"enemies":"Slime Boss","floor":16,"turns":8},{"damage":21,"enemies":"2 Thieves","floor":18,"turns":4},{"damage":28,"enemies":"Shell Parasite","floor":20,"turns":5},{"damage":50,"enemies":"Centurion and Healer","floor":21,"turns":5},{"damage":32,"enemies":"Snecko","floor":22,"turns":4},{"damage":33,"enemies":"Snake Plant","floor":24,"turns":3},{"damage":14,"enemies":"Centurion and Healer","floor":25,"turns":1}],"seed_played":"4050063227968368035","potions_obtained":[{"floor":1,"key":"Strength Potion"},{"floor":12,"key":"EssenceOfSteel"},{"floor":13,"key":"FairyPotion"},{"floor":14,"key":"EssenceOfSteel"},{"floor":16,"key":"LiquidBronze"},{"floor":22,"key":"Explosive Potion"}],"is_trial":false,"path_per_floor":["M","?","?","M","?","R","?","R","T","M","M","M","M","E","R","B",null,"M","?","M","M","M","R","M"],"character_chosen":"IRONCLAD","items_purchased":[],"campfire_rested":2,"item_purchase_floors":[],"current_hp_per_floor":[72,67,67,67,60,60,47,67,67,67,67,67,67,68,68,66,74,59,53,31,43,17,39,12,0],"gold":387,"neow_bonus":"REMOVE_TWO","is_prod":false,"is_daily":false,"chose_seed":false,"campfire_upgraded":2,"win_rate":0,"timestamp":1531438197,"path_taken":["M","?","?","M","?","R","?","R","T","M","?","M","M","E","R","BOSS","M","?","M","M","M","R","M","M"],"build_version":"2018-07-12","purchased_purges":0,"victory":false,"max_hp_per_floor":[72,67,67,67,67,67,67,67,67,67,67,67,67,74,74,74,74,74,74,74,74,74,74,74,74],"card_choices":[{"not_picked":["Combust","Armaments"],"picked":"Ghostly Armor","floor":1},{"not_picked":["Clothesline","Havoc"],"picked":"Armaments","floor":4},{"not_picked":["Combust","Uppercut"],"picked":"Flex","floor":10},{"not_picked":["Rage","Perfected Strike"],"picked":"Ghostly Armor","floor":11},{"not_picked":["Battle Trance","Clothesline"],"picked":"Perfected Strike","floor":12},{"not_picked":["Flex","Body Slam"],"picked":"Perfected Strike","floor":13},{"not_picked":["Sword Boomerang","Anger"],"picked":"Seeing Red","floor":14},{"not_picked":["Fiend Fire","Double Tap"],"picked":"Demon Form","floor":16},{"not_picked":["Cleave","Headbutt+1"],"picked":"Perfected Strike+1","floor":18},{"not_picked":["Sentinel+1","Clothesline"],"picked":"Wild Strike","floor":20},{"not_picked":["Thunderclap","Shrug It Off"],"picked":"Wild Strike","floor":21},{"not_picked":["Iron Wave+1","Clothesline"],"picked":"Immolate","floor":22},{"not_picked":["Thunderclap","Anger"],"picked":"Armaments","floor":24}],"player_experience":404456,"relics_obtained":[{"floor":9,"key":"Bottled Flame"},{"floor":14,"key":"Strawberry"}],"event_choices":[{"event_name":"Golden Idol","player_choice":"Lose Max HP","floor":2,"damage_taken":0},{"event_name":"The Cleric","player_choice":"Card Removal","floor":3,"damage_taken":0},{"event_name":"Scrap Ooze","player_choice":"success","floor":5,"damage_taken":7},{"event_name":"Shining Light","player_choice":"Entered Light","floor":7,"damage_taken":0},{"event_name":"Nest","player_choice":"Joined the Cult","floor":19,"damage_taken":0}],"boss_relics":[{"not_picked":["Mark of Pain","Philosopher\u0027s Stone"],"picked":"Lizard Tail"}],"items_purged_floors":[],"is_endless":false,"potions_floor_spawned":[1,12,13,14,16,22],"killed_by":"Centurion and Healer","ascension_level":3}