{"path_per_floor":["M","?","?","$","M","E","R","E","T","E","M","?","$","M","R","B",null,"M","T","?","?","?","R","M","$","T","R","T","?","R","M","R"],"character_chosen":"IRONCLAD","items_purchased":["Oddly Smooth Stone","Lantern","Flex","Bloodletting"],"gold_per_floor":[210,210,210,53,65,99,99,125,125,150,163,163,11,24,24,129,129,147,147,147,107,107,107,120,4,4,4,28,28,28,43,43],"floor_reached":33,"campfire_rested":2,"playtime":1526,"current_hp_per_floor":[80,80,64,64,70,70,70,48,48,35,41,47,47,41,66,21,104,82,82,82,82,82,82,70,70,70,70,70,70,70,20,52],"items_purged":[],"gold":43,"score":284,"play_id":"97adde9d-4420-432c-b4c6-e74ce3529f03","local_time":"20180305235020","is_prod":false,"is_daily":false,"is_ascension_mode":false,"campfire_upgraded":1,"timestamp":1520311820,"path_taken":["M","?","?","$","?","E","R","E","T","E","M","?","?","M","R","BOSS","M","?","?","?","?","R","M","$","T","R","?","?","R","M","R","BOSS"],"build_version":"2018-03-01-PROD1","purchased_purges":0,"victory":false,"master_deck":["Strike_R+1","Strike_R+1","Strike_R+1","Strike_R+1","Strike_R+1","Defend_R+1","Defend_R+1","Defend_R+1","Bash","Clash+1","Sentinel","Bloodletting+1","True Grit","Body Slam","Inflame","Regret","Dual Wield","Feed","Normality","Doubt","Clumsy","Dual Wield","Clash","Bludgeon","Flex","Bloodletting","Infernal Blade"],"max_hp_per_floor":[80,80,80,80,80,80,80,80,80,80,80,86,86,86,86,86,104,107,107,107,107,107,107,107,107,107,107,107,107,107,107,107],"relics":["Burning Blood","Oddly Smooth Stone","Darkstone Periapt","Juzu Bracelet","Shovel","Vajra","Frozen Eye","Lantern","Calling Bell","Pantograph","Bag of Marbles","Ancient Tea Set","Magic Flower","Happy Flower","Bird Faced Urn","Shuriken","Prayer Wheel","Blood Vial"],"card_choices":[{"not_picked":["Havoc","Body Slam"],"picked":"Clash"},{"not_picked":["Sword Boomerang","Combust"],"picked":"Sentinel"},{"not_picked":["Battle Trance","Heavy Blade"],"picked":"Bloodletting"},{"not_picked":["Intimidate","Sword Boomerang"],"picked":"True Grit"},{"not_picked":["Warcry","Flame Barrier"],"picked":"Body Slam"},{"not_picked":["Pommel Strike","Burning Pact"],"picked":"Inflame"},{"not_picked":["Clothesline","Body Slam"],"picked":"Dual Wield"},{"not_picked":["Double Tap","Exhume"],"picked":"Feed"},{"not_picked":["Heavy Blade","Clothesline"],"picked":"Dual Wield"},{"not_picked":["Combust","Corruption"],"picked":"Bludgeon"},{"not_picked":["Whirlwind","Pommel Strike"],"picked":"Infernal Blade"}],"player_experience":269948,"potions_floor_usage":[6,8,10,10,11,14,16,24,24,24,33],"damage_taken":[{"damage":0,"enemies":"Small Slimes","floor":1,"turns":5},{"damage":0,"enemies":"Cultist","floor":5,"turns":2},{"damage":6,"enemies":"Gremlin Nob","floor":6,"turns":3},{"damage":28,"enemies":"3 Sentries","floor":8,"turns":12},{"damage":19,"enemies":"Lagavulin","floor":10,"turns":8},{"damage":0,"enemies":"Jaw Worm","floor":11,"turns":2},{"damage":12,"enemies":"Large Slime","floor":14,"turns":7},{"damage":51,"enemies":"The Guardian","floor":16,"turns":11},{"damage":31,"enemies":"Chosen","floor":18,"turns":5},{"damage":21,"enemies":"Shell Parasite","floor":24,"turns":5},{"damage":65,"enemies":"Centurion and Healer","floor":31,"turns":6},{"damage":120,"enemies":"Collector","floor":33,"turns":6}],"event_choices":[{"event_name":"The Lab","player_choice":"Got Potions","floor":2,"damage_taken":0},{"event_name":"Shining Light","player_choice":"Entered Light","floor":3,"damage_taken":0},{"event_name":"Big Fish","player_choice":"Box","floor":12,"damage_taken":0},{"event_name":"Purifier","player_choice":"One Purge","floor":20,"damage_taken":0},{"event_name":"The Woman in Blue","player_choice":"Bought 3 Potions","floor":21,"damage_taken":0},{"event_name":"The Library","player_choice":"Read","floor":22,"damage_taken":0},{"event_name":"Back to Basics","player_choice":"Simplicity","floor":29,"damage_taken":0}],"boss_relics":[{"not_picked":["Pandora\u0027s Box","Ectoplasm"],"picked":"Calling Bell"}],"potions_floor_spawned":[5,8,10,11,14,31],"seed_played":"6822353032147239369","killed_by":"Collector","ascension_level":0,"is_trial":false}