{"path_per_floor":["M","M","?","M","M","R","M","?","T","?","M","M","?","M","R","B",null,"M","?","$","M","M","?","M","R","T","R","?","M","R","M","R","B",null,"M","$","?","M","M","R","M","$","T","M","M","?","M","M","R"],"character_chosen":"DEFECT","items_purchased":["Thread and Needle","Mind Blast","FTL","Gash","Leap","Defragment","Ball Lightning"],"gold_per_floor":[115,130,130,145,158,158,182,218,218,218,232,255,355,379,379,508,508,523,523,53,72,91,6,30,30,57,57,57,77,77,97,97,225,225,241,24,24,45,65,65,84,84,108,126,140,140,164,187,187,187],"floor_reached":50,"campfire_rested":7,"playtime":2171,"current_hp_per_floor":[74,74,56,46,41,63,51,36,36,85,73,47,47,31,56,15,85,44,44,44,44,41,41,13,38,38,63,63,58,83,84,84,23,85,85,85,85,76,25,50,32,32,32,11,20,41,43,38,63,0],"items_purged":[],"gold":187,"score":519,"play_id":"5bfc8618-8c6d-4909-9c24-4ea00b279ccd","local_time":"20180428193831","is_prod":false,"is_daily":false,"chose_seed":false,"is_ascension_mode":false,"campfire_upgraded":1,"timestamp":1524958711,"path_taken":["M","M","?","M","M","R","M","?","T","?","M","?","?","M","R","BOSS","M","?","$","M","M","?","?","R","T","R","?","M","R","?","R","BOSS","M","$","?","M","?","R","?","$","T","M","M","?","M","?","R","BOSS"],"build_version":"2018-04-27v3","seed_source_timestamp":1127822282767642,"purchased_purges":1,"victory":false,"master_deck":["Strike_B","Strike_B","Strike_B","Strike_B","Defend_B","Defend_B","Defend_B","Defend_B","Zap","Dualcast","Biased Cognition","Darkness","Tempest","Beam Cell","Ball Lightning","Ball Lightning","Static Discharge","Conserve Battery","Echo Form+1","Redo+1","Barrage+1","Mind Blast","FTL","Defragment+1","Doom and Gloom","Auto Shields","Self Repair+1","Streamline","Multi-Cast","Beam Cell+1","Gash","Leap","Defragment","Ball Lightning","Self Repair+1","Ball Lightning+1","Go for the Eyes+1","Gash","Auto Shields","Writhe","Loop","Machine Learning"],"max_hp_per_floor":[75,75,75,75,75,75,75,75,75,85,85,85,85,85,85,85,85,85,85,85,85,85,85,85,85,85,85,85,85,85,85,85,85,85,85,85,85,85,85,85,85,85,85,85,85,85,85,85,85,85],"relics":["Cracked Core","Golden Idol","Odd Mushroom","Dodecahedron","Runic Dome","Thread and Needle","Gambling Chip","Anchor","Question Card","Sozu","Bag of Marbles"],"card_choices":[{"not_picked":["Aggregate","Undo"],"picked":"Darkness","floor":1},{"not_picked":["Capacitor","Go for the Eyes"],"picked":"Tempest","floor":2},{"not_picked":["Axe Kick","Stack"],"picked":"Beam Cell","floor":4},{"not_picked":["Hologram","Cold Snap"],"picked":"Ball Lightning","floor":5},{"not_picked":["Coolheaded","Leap"],"picked":"Amplify","floor":7},{"not_picked":["Skim","Cold Snap"],"picked":"Ball Lightning","floor":8},{"not_picked":["Beam Cell","Blaster"],"picked":"Static Discharge","floor":11},{"not_picked":["Capacitor","Chaos"],"picked":"Conserve Battery","floor":12},{"not_picked":["Chaos","Defragment"],"picked":"Echo Form","floor":14},{"not_picked":["Prime","Echo Form"],"picked":"Redo","floor":16},{"not_picked":["Capacitor","Sweeping Beam"],"picked":"Barrage","floor":18},{"not_picked":["Sweeping Beam","Glacier"],"picked":"Defragment","floor":21},{"not_picked":["Barrage","Aggregate"],"picked":"Doom and Gloom","floor":22},{"not_picked":["Cold Snap","Barrage"],"picked":"Auto Shields","floor":24},{"not_picked":["Hello World","Reprogram","Auto Shields"],"picked":"Self Repair","floor":29},{"not_picked":["Beam Cell","Darkness","Ball Lightning"],"picked":"Streamline","floor":31},{"not_picked":["All For One","Creative AI","Prime"],"picked":"Multi-Cast","floor":33},{"not_picked":["Skim","Rebound","Leap"],"picked":"Beam Cell","floor":35},{"not_picked":["Barrage","Beam Cell","Cold Snap"],"picked":"Self Repair","floor":38},{"not_picked":["Biased Cognition","Barrage","Cold Snap"],"picked":"Ball Lightning","floor":39},{"not_picked":["Barrage","Thunder Strike","Impulse"],"picked":"Go for the Eyes","floor":41},{"not_picked":["Go for the Eyes","Rebound","Scrape"],"picked":"Gash","floor":44},{"not_picked":["Blizzard","Axe Kick","Scrape"],"picked":"Auto Shields","floor":45},{"not_picked":["Impulse","Self Repair","Conserve Battery"],"picked":"Loop","floor":47},{"not_picked":["Go for the Eyes","Hologram","Leap"],"picked":"Machine Learning","floor":48}],"player_experience":6635,"potions_floor_usage":[2,8,14,16,18,22,33],"damage_taken":[{"damage":1,"enemies":"Cultist","floor":1,"turns":3},{"damage":0,"enemies":"2 Louse","floor":2,"turns":2},{"damage":10,"enemies":"Jaw Worm","floor":4,"turns":4},{"damage":5,"enemies":"3 Louse","floor":5,"turns":2},{"damage":12,"enemies":"2 Fungi Beasts","floor":7,"turns":2},{"damage":24,"enemies":"The Mushroom Lair","floor":8,"turns":3},{"damage":12,"enemies":"Blue Slaver","floor":11,"turns":3},{"damage":26,"enemies":"Exordium Thugs","floor":12,"turns":3},{"damage":16,"enemies":"Large Slime","floor":14,"turns":3},{"damage":41,"enemies":"Hexaghost","floor":16,"turns":5},{"damage":41,"enemies":"2 Thieves","floor":18,"turns":4},{"damage":0,"enemies":"3 Byrds","floor":21,"turns":3},{"damage":9,"enemies":"Snecko","floor":22,"turns":3},{"damage":28,"enemies":"Centurion and Healer","floor":24,"turns":4},{"damage":5,"enemies":"Sentry and Sphere","floor":29,"turns":3},{"damage":9,"enemies":"Snake Plant","floor":31,"turns":3},{"damage":71,"enemies":"Automaton","floor":33,"turns":10},{"damage":12,"enemies":"3 Shapes","floor":35,"turns":3},{"damage":19,"enemies":"3 Darklings","floor":38,"turns":4},{"damage":61,"enemies":"Spire Growth","floor":39,"turns":5},{"damage":38,"enemies":"Maw","floor":41,"turns":7},{"damage":21,"enemies":"3 Darklings","floor":44,"turns":3},{"damage":1,"enemies":"Spire Growth","floor":45,"turns":4},{"damage":8,"enemies":"Sphere and 2 Shapes","floor":47,"turns":4},{"damage":25,"enemies":"3 Darklings","floor":48,"turns":4},{"damage":66,"enemies":"Awakened One","floor":50,"turns":3}],"event_choices":[{"event_name":"Golden Idol","player_choice":"Take Damage","floor":3,"damage_taken":0},{"event_name":"Mushrooms","player_choice":"Fought Mushrooms","floor":8,"damage_taken":0},{"event_name":"Bonfire Elementals","player_choice":"RARE","floor":10,"damage_taken":0},{"event_name":"Golden Shrine","player_choice":"Pray","floor":13,"damage_taken":0},{"event_name":"Drug Dealer","player_choice":"Ignored","floor":19,"damage_taken":0},{"event_name":"Addict","player_choice":"Obtained Relic","floor":23,"damage_taken":0},{"event_name":"The Mausoleum","player_choice":"Yes","floor":28,"damage_taken":0},{"event_name":"Accursed Blacksmith","player_choice":"Forge","floor":37,"damage_taken":0},{"event_name":"Winding Halls","player_choice":"Writhe","floor":46,"damage_taken":0}],"boss_relics":[{"not_picked":["Black Star","Cursed Key"],"picked":"Runic Dome"},{"not_picked":["Velvet Choker","Snecko Eye"],"picked":"Sozu"}],"potions_floor_spawned":[1,5,12,14,16,21,29,44,48],"seed_played":"-6448168838016128630","killed_by":"Awakened One","ascension_level":0,"is_trial":false}