{"path_per_floor":["M","M","?","M","M","M","R","E","T","M","M","M","R","?","R","B",null,"M","?","$","M","M","?","?","R","T","?","M","E"],"character_chosen":"IRONCLAD","items_purchased":["Vajra","Panacea"],"gold_per_floor":[18,37,37,56,67,78,78,105,178,193,209,225,225,225,225,327,357,372,372,51,69,79,79,79,79,133,133,153,217],"floor_reached":30,"campfire_rested":2,"playtime":1602,"current_hp_per_floor":[80,80,73,78,72,78,78,59,59,53,41,49,73,73,73,22,85,58,58,58,43,36,36,36,53,53,53,49,7],"items_purged":["Defend_R"],"gold":217,"score":293,"play_id":"1d9e08a3-0f40-41a9-a5cd-ef420fcb4239","local_time":"20180320212159","is_prod":false,"is_daily":false,"is_ascension_mode":true,"campfire_upgraded":2,"timestamp":1521595319,"path_taken":["M","M","?","M","M","?","R","E","T","?","?","M","R","?","R","BOSS","M","?","$","M","?","?","?","R","T","?","M","E","M"],"build_version":"2018-03-15v3","purchased_purges":1,"victory":false,"master_deck":["Defend_R","Defend_R","Bash","Demon Form+1","Anger","Clash+1","Dropkick","Whirlwind","Whirlwind","Double Tap+1","Demon Form","Panacea+1","Clash","Bite","Bite","Bite","Bite","Bite","Demon Form"],"max_hp_per_floor":[80,80,80,80,80,80,80,80,80,80,80,80,80,80,80,80,85,85,85,85,85,85,59,59,59,59,59,59,59],"relics":["Burning Blood","Bird Faced Urn","Ginger","Toxic Egg 2","Tiny House","Vajra","Oddly Smooth Stone","Tiny Chest"],"card_choices":[{"not_picked":["Anger","Headbutt"],"picked":"Demon Form"},{"not_picked":["Iron Wave","True Grit"],"picked":"Anger"},{"not_picked":["Perfected Strike","Armaments"],"picked":"Clash"},{"not_picked":["Armaments","Body Slam"],"picked":"Dropkick"},{"not_picked":["Shockwave","Berserk"],"picked":"Whirlwind"},{"not_picked":["Dropkick","Power Through"],"picked":"Whirlwind"},{"not_picked":["Impervious","Barricade"],"picked":"Double Tap"},{"not_picked":["Metallicize","True Grit"],"picked":"Demon Form"},{"not_picked":["Burning Pact","Anger"],"picked":"Clash"}],"player_experience":490053,"potions_floor_usage":[5,6,16,21,22,22,28,30],"damage_taken":[{"damage":0,"enemies":"2 Louse","floor":1,"turns":3},{"damage":5,"enemies":"Small Slimes","floor":2,"turns":4},{"damage":1,"enemies":"Cultist","floor":4,"turns":3},{"damage":12,"enemies":"Gremlin Gang","floor":5,"turns":3},{"damage":6,"enemies":"Lots of Slimes","floor":6,"turns":3},{"damage":27,"enemies":"3 Sentries","floor":8,"turns":5},{"damage":14,"enemies":"Blue Slaver","floor":10,"turns":3},{"damage":20,"enemies":"Looter","floor":11,"turns":3},{"damage":0,"enemies":"2 Fungi Beasts","floor":12,"turns":2},{"damage":59,"enemies":"Hexaghost","floor":16,"turns":7},{"damage":35,"enemies":"Shell Parasite","floor":18,"turns":5},{"damage":25,"enemies":"Spheric Guardian","floor":21,"turns":4},{"damage":15,"enemies":"Cultist and Chosen","floor":22,"turns":5},{"damage":18,"enemies":"3 Cultists","floor":28,"turns":4},{"damage":54,"enemies":"Slavers","floor":29,"turns":5},{"damage":23,"enemies":"Snecko","floor":30,"turns":3}],"event_choices":[{"event_name":"Golden Wing","player_choice":"Card Removal","floor":3,"damage_taken":0},{"event_name":"Purifier","player_choice":"One Purge","floor":14,"damage_taken":0},{"event_name":"Back to Basics","player_choice":"Elegance","floor":19,"damage_taken":0},{"event_name":"Vampires","player_choice":"Became a vampire","floor":23,"damage_taken":0},{"event_name":"The Mausoleum","player_choice":"No","floor":24,"damage_taken":0},{"event_name":"The Library","player_choice":"Read","floor":27,"damage_taken":0}],"boss_relics":[{"not_picked":["Snecko Eye","Runic Pyramid"],"picked":"Tiny House"}],"potions_floor_spawned":[2,4,6,12,21,22,29],"seed_played":"-3117990069548674486","killed_by":"Snecko","ascension_level":1,"is_trial":false}