{"gold_per_floor":[113,113,126,126,126,126,136,147,147,147,175,186,198,210,210,312,312,325,345,365,365,377,377,411,411,461,461,472,472,487,501,501,600,600,611,16,26,78,78,94,125,144,144,172,186,186,13,24,24,44,44,44,5,36,36],"floor_reached":55,"playtime":2931,"items_purged":[],"score":1076,"play_id":"945e3610-e535-4654-b892-05b123863862","local_time":"20190609185547","is_ascension_mode":true,"campfire_choices":[{"floor":6,"key":"RECALL"},{"floor":10,"key":"REST"},{"floor":15,"key":"REST"},{"data":"Storm","floor":23,"key":"SMITH"},{"data":"Heatsinks","floor":25,"key":"SMITH"},{"data":"Storm","floor":27,"key":"SMITH"},{"data":"Core Surge","floor":32,"key":"SMITH"},{"floor":49,"key":"DIG"},{"floor":52,"key":"DIG"}],"neow_cost":"TEN_PERCENT_HP_LOSS","seed_source_timestamp":1643616285136400,"circlet_count":0,"master_deck":["Defend_B","Defend_B","Defend_B","Zap","Dualcast","Glacier+1","Genetic Algorithm","Capacitor","Chill","Core Surge+1","Storm+1","Conserve Battery","Electrodynamics","Hologram","Heatsinks+1","Storm+1","White Noise","Capacitor","Bite","Bite","Bite","Bite","Bite","Defragment","Biased Cognition","BootSequence","Recycle","Buffer","Rebound+1","Force Field+1","Loop+1","Loop","Defragment","HandOfGreed","Hologram","BootSequence","Stack","Compile Driver+1"],"relics":["Cracked Core","Dead Branch","Pantograph","Mummified Hand","The Courier","Snecko Eye","Potion Belt","Orichalcum","Eternal Feather","Chemical X","PreservedInsect","Blood Vial","Bottled Lightning","Shovel","Pocketwatch","Happy Flower","Mango","Cables","Oddly Smooth Stone"],"potions_floor_usage":[3,8,8,8,8,8,8,13,14,16,19,20,22,31,40,42,42,50,50],"damage_taken":[{"damage":0,"enemies":"Small Slimes","floor":1,"turns":3},{"damage":2,"enemies":"Jaw Worm","floor":3,"turns":2},{"damage":0,"enemies":"2 Louse","floor":7,"turns":3},{"damage":43,"enemies":"Gremlin Gang","floor":8,"turns":5},{"damage":12,"enemies":"3 Sentries","floor":11,"turns":8},{"damage":10,"enemies":"Large Slime","floor":12,"turns":5},{"damage":0,"enemies":"Red Slaver","floor":13,"turns":4},{"damage":3,"enemies":"3 Louse","floor":14,"turns":3},{"damage":0,"enemies":"The Guardian","floor":16,"turns":14},{"damage":0,"enemies":"Chosen","floor":18,"turns":4},{"damage":0,"enemies":"3 Byrds","floor":19,"turns":4},{"damage":3,"enemies":"Shelled Parasite and Fungi","floor":20,"turns":11},{"damage":0,"enemies":"3 Cultists","floor":22,"turns":3},{"damage":10,"enemies":"Slavers","floor":24,"turns":2},{"damage":0,"enemies":"Sentry and Sphere","floor":28,"turns":2},{"damage":5,"enemies":"Snake Plant","floor":30,"turns":2},{"damage":4,"enemies":"Centurion and Healer","floor":31,"turns":2},{"damage":0,"enemies":"Automaton","floor":33,"turns":6},{"damage":0,"enemies":"3 Shapes","floor":35,"turns":2},{"damage":0,"enemies":"Orb Walker","floor":37,"turns":2},{"damage":3,"enemies":"2 Orb Walkers","floor":38,"turns":3},{"damage":0,"enemies":"Spire Growth","floor":40,"turns":3},{"damage":24,"enemies":"Reptomancer","floor":41,"turns":3},{"damage":0,"enemies":"Sphere and 2 Shapes","floor":42,"turns":3},{"damage":0,"enemies":"Nemesis","floor":44,"turns":3},{"damage":0,"enemies":"Writhing Mass","floor":45,"turns":5},{"damage":0,"enemies":"4 Shapes","floor":48,"turns":4},{"damage":58,"enemies":"Awakened One","floor":50,"turns":8},{"damage":0,"enemies":"Shield and Spear","floor":54,"turns":2},{"damage":68,"enemies":"The Heart","floor":55,"turns":2}],"seed_played":"6778151995595483867","potions_obtained":[{"floor":1,"key":"Energy Potion"},{"floor":5,"key":"Swift Potion"},{"floor":5,"key":"SpeedPotion"},{"floor":5,"key":"EntropicBrew"},{"floor":11,"key":"Block Potion"},{"floor":13,"key":"AttackPotion"},{"floor":14,"key":"GamblersBrew"},{"floor":18,"key":"EssenceOfSteel"},{"floor":19,"key":"Poison Potion"},{"floor":20,"key":"PowerPotion"},{"floor":30,"key":"GamblersBrew"},{"floor":38,"key":"Fire Potion"},{"floor":40,"key":"EssenceOfSteel"},{"floor":41,"key":"Energy Potion"},{"floor":45,"key":"Fire Potion"},{"floor":48,"key":"Swift Potion"}],"is_trial":false,"path_per_floor":["M","?","M","T","?","R","M","M","T","R","E","M","M","M","R","B",null,"M","M","M","?","M","R","E","R","T","R","M","?","M","M","R","B",null,"M","$","M","?","?","M","E","M","T","E","M","?","$","M","R","B",null,"R","$","E","B"],"character_chosen":"DEFECT","items_purchased":["Chemical X","PreservedInsect","Blood Vial","Bottled Lightning","HandOfGreed","Hologram","Stack"],"campfire_rested":2,"item_purchase_floors":[36,36,36,36,47,47,53],"current_hp_per_floor":[68,68,66,66,66,66,66,23,23,43,31,21,21,18,38,63,68,68,68,65,65,65,65,55,55,55,55,55,47,47,45,45,47,47,47,47,47,47,47,47,25,31,31,39,47,44,44,44,58,10,58,58,58,58,0],"gold":36,"neow_bonus":"ONE_RARE_RELIC","is_prod":false,"is_daily":false,"chose_seed":false,"campfire_upgraded":4,"win_rate":0,"timestamp":1560120947,"path_taken":["M","?","M","?","?","R","M","M","T","R","E","M","M","M","R","BOSS","M","?","M","?","M","R","E","R","T","R","?","?","M","M","R","BOSS","M","$","M","?","?","?","E","M","T","E","?","?","$","?","R","BOSS","R","$","E","BOSS"],"build_version":"2019-06-07","purchased_purges":0,"victory":false,"max_hp_per_floor":[68,68,68,68,68,68,68,68,68,68,68,68,68,68,68,68,68,68,68,68,68,68,68,68,68,68,68,68,47,47,47,47,47,47,47,47,47,47,47,47,47,47,47,47,47,44,44,44,58,58,58,58,58,58,58],"card_choices":[{"not_picked":["Go for the Eyes","Hologram"],"picked":"Glacier","floor":1},{"not_picked":["Gash","Turbo"],"picked":"Genetic Algorithm","floor":3},{"not_picked":["Turbo","Defragment"],"picked":"Capacitor","floor":7},{"not_picked":["Barrage","Chaos"],"picked":"Chill","floor":8},{"not_picked":["Fusion","Undo"],"picked":"Core Surge","floor":11},{"not_picked":["Aggregate","Melter"],"picked":"Storm","floor":12},{"not_picked":["Reinforced Body","Stack","Compile Driver"],"picked":"SKIP","floor":13},{"not_picked":["Turbo","Steam"],"picked":"Conserve Battery","floor":14},{"not_picked":["Thunder Strike","Biased Cognition"],"picked":"Electrodynamics","floor":16},{"not_picked":["Conserve Battery","Turbo+1"],"picked":"Hologram","floor":18},{"not_picked":["Go for the Eyes+1","Beam Cell","Ball Lightning+1"],"picked":"SKIP","floor":19},{"not_picked":["Sweeping Beam","Coolheaded","Leap"],"picked":"SKIP","floor":20},{"not_picked":["Go for the Eyes+1","Ball Lightning+1"],"picked":"Storm","floor":22},{"not_picked":["Reinforced Body","Steam"],"picked":"White Noise","floor":24},{"not_picked":["Barrage","Sweeping Beam"],"picked":"Capacitor","floor":28},{"not_picked":["Streamline","Genetic Algorithm"],"picked":"Defragment","floor":30},{"not_picked":["Sweeping Beam","Skim","Rebound"],"picked":"SKIP","floor":31},{"not_picked":["Amplify","Reboot"],"picked":"Biased Cognition","floor":33},{"not_picked":["Steam+1","Conserve Battery"],"picked":"BootSequence","floor":35},{"not_picked":["Fusion+1","Go for the Eyes+1"],"picked":"Recycle","floor":37},{"not_picked":["Tempest","Hello World+1"],"picked":"Buffer","floor":38},{"not_picked":["Cold Snap+1","Stack"],"picked":"Rebound+1","floor":40},{"not_picked":["Beam Cell","Streamline+1"],"picked":"Force Field+1","floor":41},{"not_picked":["Coolheaded+1","Rip and Tear+1"],"picked":"Loop+1","floor":42},{"not_picked":["Sweeping Beam+1","Go for the Eyes"],"picked":"Loop","floor":44},{"not_picked":["Electrodynamics","Conserve Battery+1"],"picked":"Defragment","floor":45},{"not_picked":["Coolheaded","Go for the Eyes"],"picked":"BootSequence","floor":48},{"not_picked":["Streamline+1","Undo"],"picked":"Compile Driver+1","floor":54}],"player_experience":1010071,"relics_obtained":[{"floor":4,"key":"Pantograph"},{"floor":9,"key":"Mummified Hand"},{"floor":11,"key":"The Courier"},{"floor":24,"key":"Potion Belt"},{"floor":26,"key":"Orichalcum"},{"floor":38,"key":"Shovel"},{"floor":41,"key":"Pocketwatch"},{"floor":44,"key":"Happy Flower"},{"floor":49,"key":"Mango"},{"floor":52,"key":"Cables"},{"floor":54,"key":"Oddly Smooth Stone"}],"event_choices":[{"damage_healed":0,"gold_gain":0,"player_choice":"Grow","damage_taken":0,"max_hp_gain":0,"max_hp_loss":0,"event_name":"Living Wall","floor":2,"gold_loss":0,"cards_upgraded":["Glacier"]},{"damage_healed":0,"gold_gain":0,"player_choice":"Got Potions","damage_taken":0,"max_hp_gain":0,"max_hp_loss":0,"event_name":"Lab","floor":5,"gold_loss":0},{"damage_healed":0,"gold_gain":0,"cards_transformed":["Strike_B"],"player_choice":"Transformed","damage_taken":0,"max_hp_gain":0,"max_hp_loss":0,"event_name":"Transmorgrifier","floor":21,"gold_loss":0,"cards_obtained":["Heatsinks"]},{"damage_healed":0,"gold_gain":0,"player_choice":"Became a vampire","damage_taken":0,"max_hp_gain":0,"max_hp_loss":21,"event_name":"Vampires","floor":29,"gold_loss":0,"cards_obtained":["Bite","Bite","Bite","Bite","Bite"]},{"damage_healed":0,"gold_gain":0,"player_choice":"Fight","damage_taken":0,"max_hp_gain":0,"max_hp_loss":0,"event_name":"Mysterious Sphere","floor":38,"gold_loss":0},{"cards_removed":["Defend_B"],"damage_healed":0,"gold_gain":0,"player_choice":"Purged","damage_taken":0,"max_hp_gain":0,"max_hp_loss":0,"event_name":"Purifier","floor":39,"gold_loss":0},{"cards_removed":["Parasite"],"damage_healed":0,"gold_gain":0,"player_choice":"Removed Curses","damage_taken":0,"max_hp_gain":0,"max_hp_loss":0,"event_name":"Fountain of Cleansing","floor":46,"gold_loss":0}],"is_beta":true,"boss_relics":[{"not_picked":["White Beast Statue","Coffee Dripper"],"picked":"Snecko Eye"},{"not_picked":["Fusion Hammer","Runic Pyramid"],"picked":"Eternal Feather"}],"items_purged_floors":[],"is_endless":false,"potions_floor_spawned":[1,11,13,14,18,19,20,30,38,40,41,45,48],"killed_by":"The Heart","ascension_level":4}