{"gold_per_floor":[109,124,143,161,176,210,210,236,286,301,313,313,327,402,402,506,506,517,432,138,138,161,173,23,35,59,6,6,106,106,168,168,271,271,288,302,402,58,58,58,6,6,6,6,6],"floor_reached":45,"playtime":1893,"items_purged":[],"score":652,"play_id":"6d564a56-0db6-4648-896b-b6eebe6d383e","local_time":"20190523032145","is_ascension_mode":true,"campfire_choices":[{"data":"Zap","floor":7,"key":"SMITH"},{"data":"Sunder","floor":15,"key":"SMITH"},{"data":"Double Energy","floor":23,"key":"SMITH"},{"floor":30,"key":"REST"},{"floor":32,"key":"REST"},{"floor":40,"key":"DIG"},{"floor":42,"key":"DIG"}],"neow_cost":"NONE","seed_source_timestamp":119916659895000,"circlet_count":0,"master_deck":["Strike_B","Defend_B","Defend_B","Defend_B","Defend_B","Zap+1","Dualcast","Glacier","Rebound","Glacier","Reboot","Glacier","Melter","Core Surge","Double Energy+1","Parasite","Sunder+1","Echo Form","Seek+1","All For One+1","Buffer+1","Steam","Echo Form","Deep Breath","Necronomicurse","Trip","Loop","Double Energy","Streamline","Go for the Eyes+1","All For One","Injury","Pain","Normality","Aggregate","Metamorphosis","Blind","Capacitor","Madness","Madness","Transmutation","Blind","Discovery"],"relics":["Cracked Core","Gremlin Horn","Mercury Hourglass","Blood Vial","Astrolabe","Shuriken","DollysMirror","Necronomicon","MawBank","Bag of Preparation","Shovel","Dead Branch","Singing Bowl","Tiny Chest","Calling Bell","Juzu Bracelet","Pantograph","StoneCalendar","Prayer Wheel","Calipers","Oddly Smooth Stone","Ornamental Fan","Girya"],"potions_floor_usage":[4,6,6,10,16,25,31,45],"damage_taken":[{"damage":1,"enemies":"Cultist","floor":1,"turns":3},{"damage":5,"enemies":"2 Louse","floor":2,"turns":2},{"damage":0,"enemies":"Small Slimes","floor":3,"turns":4},{"damage":1,"enemies":"Looter","floor":4,"turns":4},{"damage":5,"enemies":"3 Louse","floor":5,"turns":4},{"damage":13,"enemies":"3 Sentries","floor":6,"turns":16},{"damage":39,"enemies":"Gremlin Nob","floor":8,"turns":6},{"damage":0,"enemies":"Blue Slaver","floor":10,"turns":4},{"damage":8,"enemies":"Exordium Thugs","floor":11,"turns":2},{"damage":0,"enemies":"Lots of Slimes","floor":13,"turns":1},{"damage":13,"enemies":"Hexaghost","floor":16,"turns":11},{"damage":0,"enemies":"Spheric Guardian","floor":18,"turns":1},{"damage":17,"enemies":"Shell Parasite","floor":25,"turns":4},{"damage":13,"enemies":"Colosseum Slavers","floor":29,"turns":3},{"damage":9,"enemies":"Colosseum Nobs","floor":29,"turns":6},{"damage":18,"enemies":"Slavers","floor":31,"turns":3},{"damage":59,"enemies":"Collector","floor":33,"turns":9},{"damage":4,"enemies":"3 Shapes","floor":35,"turns":3},{"damage":38,"enemies":"3 Darklings","floor":36,"turns":5},{"damage":13,"enemies":"Mind Bloom Boss Battle","floor":37,"turns":7},{"damage":46,"enemies":"Reptomancer","floor":45,"turns":2}],"seed_played":"8979342078243543085","potions_obtained":[{"floor":2,"key":"Block Potion"},{"floor":3,"key":"Energy Potion"},{"floor":5,"key":"Regen Potion"},{"floor":8,"key":"SkillPotion"},{"floor":11,"key":"FocusPotion"},{"floor":16,"key":"GamblersBrew"},{"floor":29,"key":"AttackPotion"},{"floor":37,"key":"SkillPotion"}],"is_trial":false,"path_per_floor":["M","M","M","M","M","E","R","E","T","M","M","?","M","?","R","B",null,"M","?","$","?","T","R","$","M","T","$","T","?","R","E","R","B",null,"M","M","?","$","?","R","?","R","T","?","E"],"character_chosen":"DEFECT","items_purchased":["DollysMirror","Deep Breath","Trip","Loop","Streamline","Metamorphosis","Blind","Capacitor"],"campfire_rested":2,"item_purchase_floors":[20,20,24,24,27,38,38,38],"current_hp_per_floor":[81,76,76,75,70,72,72,33,33,35,29,49,51,51,51,40,82,82,82,82,66,66,66,66,51,51,51,51,35,60,44,69,12,84,82,48,62,62,51,51,51,51,51,41,0],"gold":6,"neow_bonus":"TEN_PERCENT_HP_BONUS","is_prod":false,"is_daily":false,"chose_seed":false,"campfire_upgraded":3,"win_rate":0,"timestamp":1558596105,"path_taken":["M","M","M","M","M","E","R","E","T","M","?","?","M","?","R","BOSS","M","?","$","?","?","R","?","?","T","$","?","?","R","E","R","BOSS","M","M","?","$","?","R","?","R","T","?","E"],"build_version":"2019-05-07","purchased_purges":0,"victory":false,"max_hp_per_floor":[82,82,82,82,82,82,82,82,82,82,82,82,82,82,82,82,82,82,82,82,82,82,82,82,82,82,82,82,84,84,84,84,84,84,86,88,88,88,88,88,88,88,88,88,88],"card_choices":[{"not_picked":["Ball Lightning","FTL"],"picked":"Glacier","floor":1},{"not_picked":["Barrage","Ball Lightning"],"picked":"Rebound","floor":2},{"not_picked":["Undo","Steam"],"picked":"Glacier","floor":3},{"not_picked":["Beam Cell","Chill"],"picked":"Reboot","floor":4},{"not_picked":["Barrage","Ball Lightning"],"picked":"Glacier","floor":5},{"not_picked":["Hologram","Barrage"],"picked":"Melter","floor":6},{"not_picked":["Redo","Heatsinks","Stack"],"picked":"SKIP","floor":8},{"not_picked":["Conserve Battery","Force Field"],"picked":"Core Surge","floor":10},{"not_picked":["Skim","Beam Cell"],"picked":"Double Energy","floor":11},{"not_picked":["Conserve Battery","Coolheaded"],"picked":"Sunder","floor":13},{"not_picked":["Rainbow","Electrodynamics"],"picked":"Echo Form","floor":16},{"not_picked":["Cold Snap","Reprogram"],"picked":"Steam","floor":18},{"not_picked":["Reprogram","FTL"],"picked":"Double Energy","floor":25},{"not_picked":["Skim","Gash+1","Melter"],"picked":"Singing Bowl","floor":29},{"not_picked":["Hologram","Chill"],"picked":"Go for the Eyes+1","floor":31},{"not_picked":["Biased Cognition","Multi-Cast"],"picked":"All For One","floor":33},{"not_picked":["Conserve Battery+1","Ball Lightning","Doom and Gloom+1"],"picked":"Singing Bowl","floor":35},{"not_picked":["Stack","Ball Lightning","Beam Cell"],"picked":"Singing Bowl","floor":36},{"not_picked":["Fusion","Skim"],"picked":"Aggregate","floor":37},{"not_picked":["Secret Technique","Finesse"],"picked":"Transmutation","floor":44},{"not_picked":["Jack Of All Trades","Bandage Up"],"picked":"Blind","floor":44},{"not_picked":["Metamorphosis","Sadistic Nature"],"picked":"Discovery","floor":44}],"player_experience":904233,"relics_obtained":[{"floor":6,"key":"Gremlin Horn"},{"floor":8,"key":"Mercury Hourglass"},{"floor":9,"key":"Blood Vial"},{"floor":21,"key":"Necronomicon"},{"floor":22,"key":"MawBank"},{"floor":26,"key":"Bag of Preparation"},{"floor":28,"key":"Shovel"},{"floor":29,"key":"Dead Branch"},{"floor":29,"key":"Singing Bowl"},{"floor":31,"key":"Tiny Chest"},{"floor":34,"key":"Juzu Bracelet"},{"floor":34,"key":"Pantograph"},{"floor":34,"key":"StoneCalendar"},{"floor":37,"key":"Prayer Wheel"},{"floor":40,"key":"Calipers"},{"floor":42,"key":"Ornamental Fan"},{"floor":43,"key":"Girya"}],"event_choices":[{"damage_healed":20,"gold_gain":0,"player_choice":"Healed and dodged fight","damage_taken":0,"max_hp_gain":0,"max_hp_loss":0,"event_name":"Mushrooms","floor":12,"gold_loss":0,"cards_obtained":["Parasite"]},{"damage_healed":0,"gold_gain":75,"player_choice":"Gained Gold","damage_taken":0,"max_hp_gain":0,"max_hp_loss":0,"event_name":"Golden Wing","floor":14,"gold_loss":0},{"damage_healed":0,"gold_gain":0,"player_choice":"Obtained Relic","damage_taken":0,"relics_obtained":["Shuriken"],"max_hp_gain":0,"max_hp_loss":0,"event_name":"Addict","floor":19,"gold_loss":85},{"damage_healed":0,"gold_gain":0,"player_choice":"Obtained Book","damage_taken":16,"max_hp_gain":0,"max_hp_loss":0,"event_name":"Cursed Tome","floor":21,"gold_loss":0},{"damage_healed":0,"gold_gain":0,"player_choice":"Fight","damage_taken":0,"max_hp_gain":0,"max_hp_loss":0,"event_name":"Colosseum","floor":29,"gold_loss":0},{"damage_healed":0,"gold_gain":0,"player_choice":"Fought Nobs","damage_taken":0,"max_hp_gain":0,"max_hp_loss":0,"event_name":"Colosseum","floor":29,"gold_loss":0},{"damage_healed":0,"gold_gain":0,"player_choice":"Fight","damage_taken":0,"max_hp_gain":0,"max_hp_loss":0,"event_name":"MindBloom","floor":37,"gold_loss":0},{"damage_healed":0,"gold_gain":0,"player_choice":"Embrace Madness","damage_taken":11,"max_hp_gain":0,"max_hp_loss":0,"event_name":"Winding Halls","floor":39,"gold_loss":0,"cards_obtained":["Madness","Madness"]},{"damage_healed":0,"gold_gain":0,"player_choice":"Paid Gold","damage_taken":0,"relics_obtained":["Oddly Smooth Stone"],"max_hp_gain":0,"max_hp_loss":0,"event_name":"WeMeetAgain","floor":41,"gold_loss":52},{"damage_healed":0,"gold_gain":0,"player_choice":"Memory 3","damage_taken":10,"max_hp_gain":0,"max_hp_loss":0,"event_name":"SensoryStone","floor":44,"gold_loss":0}],"is_beta":true,"boss_relics":[{"not_picked":["Lizard Tail","Eternal Feather"],"picked":"Astrolabe"},{"not_picked":["Busted Crown","Philosopher\u0027s Stone"],"picked":"Calling Bell"}],"items_purged_floors":[],"is_endless":false,"potions_floor_spawned":[2,3,5,8,11,16,29,37],"killed_by":"Reptomancer","ascension_level":4}