{"path_per_floor":["M","?","$","?","M","E","T","E","T","R","$","?","T","M","R","B",null,"M","$","M","M","?","E","?","M","T"],"character_chosen":"DEFECT","items_purchased":["Echo Form","Madness","Defragment","Rebound"],"gold_per_floor":[115,115,115,115,129,156,182,209,232,232,9,9,36,56,56,155,155,166,69,84,97,97,127,42,55,78,78],"floor_reached":27,"campfire_rested":2,"playtime":1413,"item_purchase_floors":[11,11,19,19],"current_hp_per_floor":[73,73,73,58,58,58,58,15,15,37,37,37,37,38,60,40,75,68,68,68,47,47,37,37,16,16,0],"items_purged":[],"gold":78,"score":277,"play_id":"fb127fab-b30d-4e5d-a3c9-41e98961dcaa","local_time":"20180605140804","is_prod":false,"is_daily":false,"chose_seed":false,"is_ascension_mode":true,"campfire_upgraded":0,"win_rate":0,"timestamp":1528222084,"campfire_choices":[{"floor":10,"key":"REST"},{"floor":15,"key":"REST"}],"path_taken":["M","?","?","?","M","E","?","E","T","R","$","?","?","M","R","BOSS","M","$","M","M","?","E","?","?","T","M"],"build_version":"2018-06-04v2","seed_source_timestamp":163929290991243,"purchased_purges":0,"victory":false,"master_deck":["Strike_B+1","Strike_B","Strike_B","Strike_B","Defend_B","Defend_B","Defend_B","Defend_B+1","Zap+1","Dualcast","Glacier","Genetic Algorithm","Conserve Battery","Melter","Chill","Echo Form","Madness","Purity","Zap","Thunder Strike","Thunder Strike","Redo","Echo Form","Chill+1","Defragment","Rebound","Storm+1","Glacier","Creative AI","Gash+1"],"max_hp_per_floor":[75,75,75,75,75,75,75,75,75,75,75,75,75,75,75,75,75,75,75,75,75,75,75,75,75,75,75],"relics":["Lizard Tail","Art of War","Dream Catcher","Pen Nib","Bronze Scales","White Beast Statue","Nloth\u0027s Gift","Anchor","Happy Flower","War Paint"],"card_choices":[{"not_picked":["Barrage","Ball Lightning"],"picked":"Glacier","floor":1},{"not_picked":["Cold Snap","Conserve Battery"],"picked":"Genetic Algorithm","floor":5},{"not_picked":["Steam","Go for the Eyes"],"picked":"Conserve Battery","floor":6},{"not_picked":["Storm","Fusion"],"picked":"Melter","floor":8},{"not_picked":["Redo","Beam Cell"],"picked":"Chill","floor":10},{"not_picked":["Leap","Go for the Eyes"],"picked":"Thunder Strike","floor":14},{"not_picked":["Barrage","Coolheaded"],"picked":"Redo","floor":15},{"not_picked":["Biased Cognition","Seek"],"picked":"Echo Form","floor":16},{"not_picked":["Ball Lightning","Go for the Eyes"],"picked":"Chill","floor":18},{"not_picked":["Sweeping Beam+1","Gash"],"picked":"Storm+1","floor":20},{"not_picked":["Chill+1","Barrage+1"],"picked":"Glacier","floor":21},{"not_picked":["Heatsinks","Leap+1"],"picked":"Creative AI","floor":23},{"not_picked":["Leap+1","Compile Driver"],"picked":"Gash+1","floor":25}],"player_experience":335479,"potions_floor_usage":[6,16,18,18,18,18,18,20,21,23,27,27],"damage_taken":[{"damage":2,"enemies":"Small Slimes","floor":1,"turns":4},{"damage":0,"enemies":"Cultist","floor":5,"turns":4},{"damage":0,"enemies":"Lagavulin","floor":6,"turns":9},{"damage":45,"enemies":"Gremlin Nob","floor":8,"turns":6},{"damage":1,"enemies":"Jaw Worm","floor":14,"turns":2},{"damage":22,"enemies":"Slime Boss","floor":16,"turns":9},{"damage":7,"enemies":"Spheric Guardian","floor":18,"turns":3},{"damage":2,"enemies":"Shell Parasite","floor":20,"turns":6},{"damage":23,"enemies":"Chosen and Byrds","floor":21,"turns":9},{"damage":63,"enemies":"Gremlin Leader","floor":23,"turns":9},{"damage":21,"enemies":"Snake Plant","floor":25,"turns":4},{"damage":37,"enemies":"Cultist and Chosen","floor":27,"turns":8}],"relics_obtained":[{"floor":6,"key":"Art of War"},{"floor":7,"key":"Blood Vial"},{"floor":8,"key":"Dream Catcher"},{"floor":9,"key":"Pen Nib"},{"floor":13,"key":"Bronze Scales"},{"floor":23,"key":"Anchor"},{"floor":26,"key":"War Paint"}],"event_choices":[{"event_name":"The Lab","player_choice":"Got Potions","floor":2,"damage_taken":0},{"event_name":"Shining Light","player_choice":"Entered Light","floor":4,"damage_taken":0},{"event_name":"Match and Keep!","player_choice":"3 cards matched","floor":12,"damage_taken":0},{"event_name":"N\u0027loth","player_choice":"Traded a Blood Vial","floor":22,"damage_taken":0},{"event_name":"Addict","player_choice":"Obtained Relic","floor":24,"damage_taken":0}],"boss_relics":[{"not_picked":["Eternal Feather","Busted Crown"],"picked":"White Beast Statue"}],"items_purged_floors":[],"potions_floor_spawned":[8,14,16,18,20,21,23,25],"seed_played":"2081085795651454223","killed_by":"Cultist and Chosen","ascension_level":1,"potions_obtained":[{"floor":2,"key":"SneckoOil"},{"floor":2,"key":"EntropicBrew"},{"floor":2,"key":"Block Potion"},{"floor":8,"key":"SteroidPotion"},{"floor":16,"key":"SteroidPotion"},{"floor":18,"key":"AttackPotion"},{"floor":20,"key":"Block Potion"},{"floor":21,"key":"Regen Potion"},{"floor":23,"key":"SteroidPotion"},{"floor":25,"key":"SpeedPotion"}],"is_trial":false}