{"gold_per_floor":[216,230,245,260,274,274,305,305,329,358,128,140,197,150,150,150],"floor_reached":16,"playtime":442,"items_purged":["Strike_B"],"score":122,"play_id":"b7f85e66-7a21-445a-9a93-eadfca7fe760","local_time":"20190601092255","is_ascension_mode":false,"campfire_choices":[{"data":"Loop","floor":6.0,"key":"SMITH"},{"data":"Electrodynamics","floor":8.0,"key":"SMITH"},{"data":"White Noise","floor":15,"key":"SMITH"}],"neow_cost":"NONE","seed_source_timestamp":44216157523205,"circlet_count":0,"master_deck":["Strike_B","Strike_B","Strike_B","Defend_B","Defend_B","Defend_B","Defend_B","Zap","Dualcast","Ball Lightning","Heatsinks","Go for the Eyes","Turbo","Loop+1","Electrodynamics+1","Go for the Eyes","Core Surge","Loop","White Noise+1"],"special_seed":0,"relics":["Cracked Core","Pen Nib","Bronze Scales","Orichalcum","Tiny Chest"],"potions_floor_usage":[13],"damage_taken":[{"damage":1.0,"enemies":"2 Louse","floor":1.0,"turns":2.0},{"damage":0.0,"enemies":"Cultist","floor":2.0,"turns":2.0},{"damage":6.0,"enemies":"Jaw Worm","floor":3.0,"turns":3.0},{"damage":10.0,"enemies":"3 Louse","floor":4.0,"turns":3.0},{"damage":11.0,"enemies":"Exordium Wildlife","floor":5.0,"turns":4.0},{"damage":12.0,"enemies":"Gremlin Nob","floor":7.0,"turns":4.0},{"damage":18.0,"enemies":"Lagavulin","floor":10.0,"turns":4.0},{"damage":8.0,"enemies":"2 Fungi Beasts","floor":12.0,"turns":3.0},{"damage":4,"enemies":"Gremlin Nob","floor":13,"turns":3},{"damage":10,"enemies":"The Guardian","floor":16,"turns":4}],"seed_played":"328653899812385318","potions_obtained":[{"floor":1.0,"key":"Block Potion"},{"floor":3.0,"key":"FearPotion"},{"floor":4.0,"key":"AttackPotion"},{"floor":10.0,"key":"SpeedPotion"},{"floor":13,"key":"Dexterity Potion"}],"is_trial":false,"path_per_floor":["M","M","M","M","M","R","E","R","T","E","$","M","E","?","R","B"],"character_chosen":"DEFECT","items_purchased":["Core Surge"],"campfire_rested":0,"item_purchase_floors":[11],"current_hp_per_floor":[74,74,68,58,47,47,35,35,35,17,17,9,5,5,5,0],"gold":150,"neow_bonus":"HUNDRED_GOLD","is_prod":false,"is_daily":false,"chose_seed":false,"campfire_upgraded":3,"win_rate":0,"timestamp":1559373775,"path_taken":["M","M","M","M","M","R","E","R","T","E","$","M","E","?","R","BOSS"],"build_version":"2019-01-23","purchased_purges":1,"victory":false,"max_hp_per_floor":[75,75,75,75,75,75,75,75,75,75,75,75,75,75,75,75],"card_choices":[{"not_picked":["Self Repair","Melter"],"picked":"Ball Lightning","floor":1.0},{"not_picked":["Coolheaded","Glacier"],"picked":"Heatsinks","floor":2.0},{"not_picked":["Coolheaded","Leap"],"picked":"Go for the Eyes","floor":3.0},{"not_picked":["Chill","Leap"],"picked":"Turbo","floor":4.0},{"not_picked":["Rebound","Streamline"],"picked":"Loop","floor":5.0},{"not_picked":["Streamline","Beam Cell"],"picked":"Electrodynamics","floor":7.0},{"not_picked":["Compile Driver","Cold Snap"],"picked":"Go for the Eyes","floor":10.0},{"not_picked":["Fusion","Double Energy"],"picked":"Loop","floor":12.0},{"not_picked":["Compile Driver","Conserve Battery"],"picked":"White Noise","floor":13}],"player_experience":580521,"relics_obtained":[{"floor":7.0,"key":"Pen Nib"},{"floor":9.0,"key":"Bronze Scales"},{"floor":10.0,"key":"Orichalcum"},{"floor":13,"key":"Tiny Chest"}],"event_choices":[{"damage_healed":0,"gold_gain":0,"player_choice":"Left Gold","damage_taken":0,"max_hp_gain":0,"max_hp_loss":0,"event_name":"World of Goop","floor":14,"gold_loss":47}],"is_beta":false,"boss_relics":[],"items_purged_floors":[11],"is_endless":false,"potions_floor_spawned":[1,3,4,10,13],"killed_by":"The Guardian","ascension_level":0}