{"gold_per_floor":[117,129,142,169,169,196,210,242,242,242,255,255,285,299,299,372,372,389,314,81,99,99,99,112,138,165,165,197,197,223,240,240,313,313,329,343,79,179,179,179,208,224,251,269,279,314,69,98,98,98,98,98,98,98,126,126],"floor_reached":57,"playtime":3028,"items_purged":["Strike_G","Strike_G"],"score":2940,"play_id":"1b17ca8f-b5cd-44e8-9e69-6da8e35a8640","local_time":"20190705215824","is_ascension_mode":true,"campfire_choices":[{"data":"Skewer","floor":12.0,"key":"SMITH"},{"data":"Crippling Poison","floor":15.0,"key":"SMITH"},{"data":"Adrenaline","floor":23.0,"key":"SMITH"},{"data":"Calculated Gamble","floor":27,"key":"SMITH"},{"data":"Noxious Fumes","floor":29,"key":"SMITH"},{"data":"Deadly Poison","floor":32,"key":"SMITH"},{"floor":40,"key":"RECALL"},{"floor":49,"key":"REST"},{"floor":53,"key":"REST"}],"neow_cost":"NONE","seed_source_timestamp":6271212964655,"circlet_count":0,"master_deck":["AscendersBane","Strike_G","Strike_G+1","Defend_G","Defend_G","Defend_G+1","Defend_G","Defend_G","Survivor+1","Neutralize+1","Dagger Spray+1","Footwork","Endless Agony+1","Skewer+1","Deadly Poison+1","Crippling Poison+1","Adrenaline+1","PiercingWail","Noxious Fumes+1","Calculated Gamble+1","PiercingWail+1","Deflect","Flying Knee+1","Dodge and Roll+1","Malaise","PiercingWail","Secret Technique","Good Instincts","Leg Sweep+1","Catalyst","Deadly Poison+1","Malaise+1","Noxious Fumes+1","Caltrops+1"],"special_seed":0,"relics":["Ring of the Snake","Whetstone","Pear","Meat on the Bone","Ice Cream","Pantograph","Runic Pyramid","Blood Vial","Matryoshka","Omamori","Bag of Preparation","Happy Flower","Art of War","Fusion Hammer","Anchor","StoneCalendar","War Paint","Frozen Egg 2","Toxic Egg 2","Ancient Tea Set","Strawberry"],"potions_floor_usage":[33,56,56],"damage_taken":[{"damage":4.0,"enemies":"Cultist","floor":1.0,"turns":4.0},{"damage":2.0,"enemies":"Small Slimes","floor":2.0,"turns":4.0},{"damage":2.0,"enemies":"2 Louse","floor":3.0,"turns":4.0},{"damage":36.0,"enemies":"Lagavulin","floor":6.0,"turns":11.0},{"damage":0.0,"enemies":"Red Slaver","floor":7.0,"turns":5.0},{"damage":23.0,"enemies":"3 Sentries","floor":8.0,"turns":8.0},{"damage":1.0,"enemies":"Blue Slaver","floor":11.0,"turns":4.0},{"damage":1.0,"enemies":"Lagavulin","floor":13.0,"turns":5.0},{"damage":1.0,"enemies":"3 Louse","floor":14.0,"turns":2.0},{"damage":56.0,"enemies":"Hexaghost","floor":16.0,"turns":11.0},{"damage":0.0,"enemies":"3 Byrds","floor":18.0,"turns":4.0},{"damage":0.0,"enemies":"Spheric Guardian","floor":21.0,"turns":5.0},{"damage":0.0,"enemies":"Cultist and Chosen","floor":24.0,"turns":6.0},{"damage":19.0,"enemies":"Book of Stabbing","floor":25.0,"turns":6.0},{"damage":3,"enemies":"Gremlin Leader","floor":28,"turns":7},{"damage":12,"enemies":"Book of Stabbing","floor":30,"turns":6},{"damage":21,"enemies":"Snecko","floor":31,"turns":7},{"damage":7,"enemies":"Automaton","floor":33,"turns":11},{"damage":0,"enemies":"Orb Walker","floor":35,"turns":4},{"damage":4,"enemies":"3 Darklings","floor":36,"turns":4},{"damage":0,"enemies":"Mind Bloom Boss Battle","floor":38,"turns":3},{"damage":0,"enemies":"Nemesis","floor":41,"turns":7},{"damage":0,"enemies":"Jaw Worm Horde","floor":42,"turns":5},{"damage":1,"enemies":"Transient","floor":44,"turns":6},{"damage":1,"enemies":"Writhing Mass","floor":45,"turns":6},{"damage":3,"enemies":"Reptomancer","floor":46,"turns":7},{"damage":0,"enemies":"Nemesis","floor":48,"turns":7},{"damage":11,"enemies":"Time Eater","floor":50,"turns":13},{"damage":10,"enemies":"Donu and Deca","floor":51,"turns":10},{"damage":28,"enemies":"Shield and Spear","floor":55,"turns":9},{"damage":80,"enemies":"The Heart","floor":56,"turns":11}],"seed_played":"6382118803812570720","potions_obtained":[{"floor":2.0,"key":"GhostInAJar"},{"floor":3.0,"key":"EssenceOfSteel"},{"floor":8.0,"key":"Explosive Potion"},{"floor":11.0,"key":"GamblersBrew"},{"floor":24.0,"key":"Weak Potion"},{"floor":30,"key":"SneckoOil"},{"floor":31,"key":"EssenceOfSteel"},{"floor":33,"key":"GhostInAJar"}],"is_trial":false,"path_per_floor":["M","M","M","T","?","E","M","E","T","?","M","R","E","M","R","B",null,"M","?","$","M","?","R","M","E","T","R","E","R","E","M","R","B",null,"M","M","$","?","?","R","E","M","T","M","M","E","$","E","R","B","B",null,"R","$","E","B",null],"character_chosen":"THE_SILENT","items_purchased":["Noxious Fumes","Calculated Gamble","Anchor","Malaise+1","Noxious Fumes+1"],"campfire_rested":2,"item_purchase_floors":[20,20,37,47,47],"current_hp_per_floor":[61,59,57,57,57,31,31,8,8,8,19,19,30,41,41,22,67,67,67,67,67,67,67,69,52,52,52,51,51,53,46,46,66,78,80,78,78,82,77,77,79,81,81,81,81,79,79,81,82,71,72,80,82,82,61,20],"gold":126,"neow_bonus":"TEN_PERCENT_HP_BONUS","is_prod":false,"is_daily":false,"chose_seed":false,"campfire_upgraded":6,"win_rate":0,"timestamp":1562389104,"path_taken":["M","M","M","?","?","E","M","E","T","?","M","R","E","?","R","BOSS","M","?","$","M","?","R","M","E","T","R","E","R","E","M","R","BOSS","M","?","$","?","?","R","E","M","T","M","M","E","$","E","R","BOSS","BOSS","R","$","E","BOSS"],"build_version":"2019-07-05","purchased_purges":2,"victory":true,"max_hp_per_floor":[72,72,72,72,72,82,82,82,82,82,82,82,82,82,82,82,82,82,82,82,82,82,82,82,82,82,82,82,82,82,82,82,82,82,82,82,82,82,82,82,82,82,82,82,82,82,82,82,82,82,82,82,82,82,89,89],"card_choices":[{"not_picked":["Prepared","Leg Sweep"],"picked":"Dagger Spray","floor":1.0},{"not_picked":["Dodge and Roll","Terror"],"picked":"Footwork","floor":2.0},{"not_picked":["Deflect","Quick Slash"],"picked":"Endless Agony","floor":3.0},{"not_picked":["Bane","Reflex","Slice"],"picked":"SKIP","floor":6.0},{"not_picked":["Prepared","Outmaneuver","Dagger Spray"],"picked":"SKIP","floor":7.0},{"not_picked":["Accuracy","Distraction","Tactician"],"picked":"SKIP","floor":8.0},{"not_picked":["Backflip","Slice"],"picked":"Skewer","floor":11.0},{"not_picked":["Bane","Glass Knife"],"picked":"Deadly Poison","floor":13.0},{"not_picked":["Blade Dance","Prepared"],"picked":"Crippling Poison","floor":14.0},{"not_picked":["Storm of Steel","Night Terror"],"picked":"Adrenaline","floor":16.0},{"not_picked":["Crippling Poison","Deadly Poison"],"picked":"PiercingWail","floor":18.0},{"not_picked":["Poisoned Stab","Acrobatics"],"picked":"PiercingWail+1","floor":21.0},{"not_picked":["Acrobatics","Crippling Poison","Storm of Steel"],"picked":"SKIP","floor":24.0},{"not_picked":["Storm of Steel","Escape Plan"],"picked":"Deflect","floor":28},{"not_picked":["Terror","Poisoned Stab"],"picked":"Flying Knee+1","floor":30},{"not_picked":["Acrobatics","Bane"],"picked":"Dodge and Roll+1","floor":31},{"not_picked":["Die Die Die","Adrenaline"],"picked":"Malaise","floor":33},{"not_picked":["Quick Slash+1","Blade Dance"],"picked":"PiercingWail","floor":35},{"not_picked":["Flying Knee+1","Dagger Throw+1","Quick Slash"],"picked":"SKIP","floor":36},{"not_picked":["Discovery","Swift Strike"],"picked":"Secret Technique","floor":39},{"not_picked":["Secret Weapon","Mind Blast"],"picked":"Good Instincts","floor":39},{"not_picked":["Concentrate","Dash+1"],"picked":"Leg Sweep+1","floor":41},{"not_picked":["Flying Knee","All Out Attack+1","Blade Dance+1"],"picked":"SKIP","floor":42},{"not_picked":["Dodge and Roll+1","Dagger Spray"],"picked":"Catalyst","floor":44},{"not_picked":["PiercingWail","Skewer+1"],"picked":"Deadly Poison+1","floor":45},{"not_picked":["Expertise","Finisher+1","Well Laid Plans+1"],"picked":"SKIP","floor":46},{"not_picked":["Prepared+1","Cloak And Dagger+1"],"picked":"Caltrops+1","floor":48},{"not_picked":["Dagger Throw","Sucker Punch","Outmaneuver+1"],"picked":"SKIP","floor":55}],"player_experience":834511,"relics_obtained":[{"floor":4.0,"key":"Whetstone"},{"floor":6.0,"key":"Pear"},{"floor":8.0,"key":"Meat on the Bone"},{"floor":9.0,"key":"Ice Cream"},{"floor":13.0,"key":"Pantograph"},{"floor":22.0,"key":"Blood Vial"},{"floor":25,"key":"Matryoshka"},{"floor":26,"key":"Omamori"},{"floor":26,"key":"Bag of Preparation"},{"floor":28,"key":"Happy Flower"},{"floor":30,"key":"Art of War"},{"floor":38,"key":"StoneCalendar"},{"floor":41,"key":"War Paint"},{"floor":43,"key":"Frozen Egg 2"},{"floor":46,"key":"Toxic Egg 2"},{"floor":48,"key":"Ancient Tea Set"},{"floor":55,"key":"Strawberry"}],"event_choices":[{"damage_healed":0.0,"max_hp_gain":0.0,"max_hp_loss":0.0,"gold_gain":0.0,"event_name":"Living Wall","player_choice":"Grow","floor":5.0,"gold_loss":0.0,"damage_taken":0.0,"cards_upgraded":["Dagger Spray"]},{"damage_healed":0.0,"max_hp_gain":0.0,"max_hp_loss":0.0,"gold_gain":0.0,"event_name":"Upgrade Shrine","player_choice":"Upgraded","floor":10.0,"gold_loss":0.0,"damage_taken":0.0,"cards_upgraded":["Neutralize"]},{"cards_removed":["Strike_G"],"damage_healed":0.0,"max_hp_gain":0.0,"max_hp_loss":0.0,"gold_gain":0.0,"event_name":"Beggar","player_choice":"Gave Gold","floor":19.0,"gold_loss":75.0,"damage_taken":0.0},{"damage_healed":0.0,"max_hp_gain":0.0,"max_hp_loss":0.0,"gold_gain":0.0,"event_name":"Wheel of Change","player_choice":"Relic","floor":22.0,"gold_loss":0.0,"damage_taken":0.0},{"damage_healed":0,"gold_gain":0,"player_choice":"Fight","damage_taken":0,"max_hp_gain":0,"max_hp_loss":0,"event_name":"MindBloom","floor":38,"gold_loss":0},{"damage_healed":0,"gold_gain":0,"player_choice":"Memory 2","damage_taken":5,"max_hp_gain":0,"max_hp_loss":0,"event_name":"SensoryStone","floor":39,"gold_loss":0}],"is_beta":false,"boss_relics":[{"not_picked":["White Beast Statue","Empty Cage"],"picked":"Runic Pyramid"},{"not_picked":["Cursed Key","Tiny House"],"picked":"Fusion Hammer"}],"items_purged_floors":[20,37],"is_endless":false,"potions_floor_spawned":[2,3,8,11,24,30,31,33,35,44,46,55],"ascension_level":20}