{"gold_per_floor":[113,131,151,168,179,179,179,179,179,190,190,190,206,10,10,109,109,122,122,139,154,154,154,154,54,54,72,72,87,87,87,87,189,189,205,205,218,236,250,250,250,250,277,277,103,122,122,142,142,142],"floor_reached":50,"playtime":5801,"items_purged":["Clothesline","Shame","Writhe"],"score":436,"play_id":"5390faf6-7746-457e-9f79-5d3a17db366f","local_time":"20190322072238","is_ascension_mode":false,"campfire_choices":[{"data":"Body Slam","floor":6,"key":"SMITH"},{"data":"Rage","floor":8,"key":"SMITH"},{"data":"Spot Weakness","floor":12,"key":"SMITH"},{"data":"Thunderclap","floor":15,"key":"SMITH"},{"data":"Limit Break","floor":23,"key":"SMITH"},{"floor":28,"key":"REST"},{"floor":32,"key":"REST"},{"floor":40,"key":"REST"},{"floor":42,"key":"REST"},{"floor":47,"key":"REST"},{"floor":49,"key":"REST"}],"neow_cost":"NONE","seed_source_timestamp":121973371178666,"circlet_count":0,"master_deck":["Strike_R","Strike_R","Strike_R+1","Defend_R","Defend_R+1","Defend_R","Defend_R","Rage+1","Body Slam+1","Spot Weakness+1","Shrug It Off","Metallicize","Thunderclap+1","Limit Break+1","Dual Wield+1","Deep Breath","Seeing Red","Body Slam+1","Body Slam+1","Double Tap","Iron Wave+1","Shrug It Off","Warcry+1","Iron Wave+1"],"relics":["Burning Blood","Anchor","Magic Flower","Empty Cage","Potion Belt","Bottled Flame","White Beast Statue","Blood Vial"],"potions_floor_usage":[16,16,16,18,27,39,39,39,39,39,46,48,50,50],"damage_taken":[{"damage":0,"enemies":"2 Louse","floor":1,"turns":4},{"damage":8,"enemies":"Jaw Worm","floor":2,"turns":4},{"damage":4,"enemies":"Cultist","floor":3,"turns":4},{"damage":9,"enemies":"Blue Slaver","floor":4,"turns":5},{"damage":1,"enemies":"Looter","floor":5,"turns":5},{"damage":0,"enemies":"Red Slaver","floor":10,"turns":3},{"damage":0,"enemies":"Large Slime","floor":13,"turns":4},{"damage":55,"enemies":"Hexaghost","floor":16,"turns":9},{"damage":0,"enemies":"3 Byrds","floor":18,"turns":5},{"damage":21,"enemies":"Spheric Guardian","floor":20,"turns":6},{"damage":8,"enemies":"Snake Plant","floor":21,"turns":4},{"damage":52,"enemies":"Sentry and Sphere","floor":27,"turns":10},{"damage":39,"enemies":"Chosen and Byrds","floor":29,"turns":7},{"damage":27,"enemies":"Champ","floor":33,"turns":13},{"damage":34,"enemies":"3 Darklings","floor":35,"turns":5},{"damage":2,"enemies":"3 Shapes","floor":37,"turns":3},{"damage":45,"enemies":"Jaw Worm Horde","floor":38,"turns":8},{"damage":55,"enemies":"Spire Growth","floor":39,"turns":5},{"damage":60,"enemies":"Transient","floor":46,"turns":5},{"damage":37,"enemies":"Maw","floor":48,"turns":7},{"damage":73,"enemies":"Time Eater","floor":50,"turns":6}],"seed_played":"-4468954080441855740","potions_obtained":[{"floor":1,"key":"Fire Potion"},{"floor":3,"key":"PowerPotion"},{"floor":13,"key":"PowerPotion"},{"floor":16,"key":"Fire Potion"},{"floor":21,"key":"Swift Potion"},{"floor":33,"key":"GamblersBrew"},{"floor":35,"key":"BloodPotion"},{"floor":37,"key":"EntropicBrew"},{"floor":38,"key":"GamblersBrew"},{"floor":39,"key":"Block Potion"},{"floor":46,"key":"SteroidPotion"},{"floor":48,"key":"AttackPotion"}],"is_trial":false,"path_per_floor":["M","M","M","M","M","R","?","R","T","M","T","R","M","$","R","B",null,"M","?","M","M","$","R","?","$","T","M","R","M","$","?","R","B",null,"M","?","M","M","M","R","?","R","T","?","$","M","R","M","R","B"],"character_chosen":"IRONCLAD","items_purchased":["Metallicize","Thunderclap","Shrug It Off"],"campfire_rested":6,"item_purchase_floors":[14,14,45],"current_hp_per_floor":[88,86,88,85,88,88,70,70,70,76,76,76,85,85,85,39,88,88,88,76,77,77,77,77,77,77,34,60,30,30,30,56,38,88,63,63,70,34,12,38,60,86,86,86,86,37,63,38,64,0],"gold":142,"neow_bonus":"TEN_PERCENT_HP_BONUS","is_prod":false,"is_daily":false,"chose_seed":false,"campfire_upgraded":5,"win_rate":0.0,"timestamp":1553253758,"path_taken":["M","M","M","M","M","R","?","R","T","M","?","R","M","$","R","BOSS","M","?","M","M","?","R","?","$","T","M","R","M","$","?","R","BOSS","M","?","M","M","M","R","?","R","T","?","$","M","R","M","R","BOSS"],"build_version":"2019-01-23","purchased_purges":3,"victory":false,"max_hp_per_floor":[88,88,88,88,88,88,88,88,88,88,88,88,88,88,88,88,88,88,88,88,88,88,88,88,88,88,88,88,88,88,88,88,88,88,88,88,88,88,88,88,88,88,88,88,88,88,88,88,88,88],"card_choices":[{"not_picked":["Disarm","Feel No Pain"],"picked":"Rage","floor":1},{"not_picked":["Sword Boomerang","Reckless Charge"],"picked":"Clothesline","floor":2},{"not_picked":["Sword Boomerang","Metallicize"],"picked":"Body Slam","floor":3},{"not_picked":["Perfected Strike","True Grit","Heavy Blade"],"picked":"SKIP","floor":4},{"not_picked":["Clothesline","Berserk","Disarm"],"picked":"SKIP","floor":5},{"not_picked":["Clothesline","Berserk","Disarm"],"picked":"SKIP","floor":5},{"not_picked":["Power Through","Bloodletting"],"picked":"Spot Weakness","floor":10},{"not_picked":["Headbutt","Sword Boomerang"],"picked":"Shrug It Off","floor":13},{"not_picked":["Fiend Fire","Bludgeon"],"picked":"Limit Break","floor":16},{"not_picked":["Armaments","Blood for Blood+1"],"picked":"Dual Wield+1","floor":18},{"not_picked":["Whirlwind","Metallicize"],"picked":"Seeing Red","floor":20},{"not_picked":["Carnage","Bloodletting+1"],"picked":"Body Slam+1","floor":21},{"not_picked":["Perfected Strike+1","Uppercut","Fire Breathing"],"picked":"SKIP","floor":27},{"not_picked":["Infernal Blade","Corruption"],"picked":"Body Slam+1","floor":29},{"not_picked":["Offering","Dark Embrace"],"picked":"Double Tap","floor":33},{"not_picked":["Warcry","Inflame","Reckless Charge"],"picked":"SKIP","floor":35},{"not_picked":["Sword Boomerang+1","Seeing Red"],"picked":"Fire Breathing+1","floor":37},{"not_picked":["Shrug It Off","Searing Blow"],"picked":"Iron Wave+1","floor":38},{"not_picked":["Clash+1","Heavy Blade","Carnage+1"],"picked":"SKIP","floor":39},{"not_picked":["Clothesline+1","Power Through+1"],"picked":"Warcry+1","floor":46},{"not_picked":["Cleave+1","Twin Strike"],"picked":"Iron Wave+1","floor":48}],"player_experience":39065,"relics_obtained":[{"floor":9,"key":"Anchor"},{"floor":11,"key":"Magic Flower"},{"floor":26,"key":"Bottled Flame"},{"floor":43,"key":"Blood Vial"}],"event_choices":[{"damage_healed":0,"gold_gain":0,"player_choice":"Entered Light","damage_taken":18,"max_hp_gain":0,"max_hp_loss":0,"event_name":"Shining Light","floor":7,"gold_loss":0,"cards_upgraded":["Defend_R","Strike_R"]},{"damage_healed":0,"gold_gain":0,"player_choice":"1 cards matched","damage_taken":0,"max_hp_gain":0,"max_hp_loss":0,"event_name":"Match and Keep!","floor":19,"gold_loss":0,"cards_obtained":["Deep Breath"]},{"damage_healed":0,"gold_gain":0,"player_choice":"1 cards matched","damage_taken":0,"max_hp_gain":0,"max_hp_loss":0,"event_name":"Match and Keep!","floor":19,"gold_loss":0,"cards_obtained":["Deep Breath"]},{"damage_healed":0,"gold_gain":0,"player_choice":"Stole Relic","damage_taken":0,"relics_obtained":["Potion Belt"],"max_hp_gain":0,"max_hp_loss":0,"event_name":"Addict","floor":24,"gold_loss":0,"cards_obtained":["Shame"]},{"cards_removed":["Strike_R"],"damage_healed":0,"gold_gain":0,"player_choice":"Purged","damage_taken":0,"max_hp_gain":0,"max_hp_loss":0,"event_name":"Purifier","floor":31,"gold_loss":0},{"damage_healed":0,"gold_gain":0,"player_choice":"Ignored","damage_taken":0,"max_hp_gain":0,"max_hp_loss":0,"event_name":"Mysterious Sphere","floor":36,"gold_loss":0},{"damage_healed":22,"gold_gain":0,"player_choice":"Writhe","damage_taken":0,"max_hp_gain":0,"max_hp_loss":0,"event_name":"Winding Halls","floor":41,"gold_loss":0,"cards_obtained":["Writhe"]},{"cards_removed":["Fire Breathing"],"damage_healed":0,"gold_gain":0,"player_choice":"Removed Power","damage_taken":0,"max_hp_gain":0,"max_hp_loss":0,"event_name":"Falling","floor":44,"gold_loss":0}],"is_beta":false,"boss_relics":[{"not_picked":["Runic Dome","Runic Pyramid"],"picked":"Empty Cage"},{"not_picked":["Snecko Eye","Philosopher\u0027s Stone"],"picked":"White Beast Statue"}],"items_purged_floors":[14,25,45],"is_endless":false,"potions_floor_spawned":[1,3,13,16,21,33,35,37,38,39,46,48],"killed_by":"Time Eater","ascension_level":0}