{"gold_per_floor":[116,131,131,146,164,164,195,195,266,266,266],"floor_reached":11,"playtime":263,"items_purged":[],"score":146,"play_id":"a2b6e2bf-d75e-4c4d-9eac-d57ccaf5cec6","local_time":"20190601165109","is_ascension_mode":true,"campfire_choices":[{"floor":6.0,"key":"REST"},{"floor":8,"key":"REST"}],"neow_cost":"CURSE","seed_source_timestamp":1519334009333668,"circlet_count":0,"master_deck":["AscendersBane","Strike_R","Strike_R","Strike_R","Strike_R","Strike_R","Defend_R","Defend_R","Defend_R","Defend_R","Bash","Writhe","Reaper+1","Sword Boomerang+1","Twin Strike","Pommel Strike","Demon Form"],"special_seed":0,"relics":["Burning Blood","Unceasing Top","Meat on the Bone","Golden Idol"],"potions_floor_usage":[],"damage_taken":[{"damage":20.0,"enemies":"Small Slimes","floor":1.0,"turns":5.0},{"damage":16.0,"enemies":"Jaw Worm","floor":2.0,"turns":5.0},{"damage":7.0,"enemies":"Cultist","floor":4.0,"turns":4.0},{"damage":29.0,"enemies":"Large Slime","floor":5.0,"turns":5.0},{"damage":60,"enemies":"3 Sentries","floor":7,"turns":8},{"damage":14,"enemies":"Exordium Thugs","floor":11,"turns":1}],"seed_played":"1336314683706523314","potions_obtained":[{"floor":5.0,"key":"Ancient Potion"},{"floor":7,"key":"SteroidPotion"}],"is_trial":false,"path_per_floor":["M","M","?","M","M","R","E","R","T","?","M"],"character_chosen":"IRONCLAD","items_purchased":[],"campfire_rested":2,"item_purchase_floors":[],"current_hp_per_floor":[62,56,33,37,24,46,13,35,35,9,0],"gold":266,"neow_bonus":"THREE_RARE_CARDS","is_prod":false,"is_daily":false,"chose_seed":false,"campfire_upgraded":0,"win_rate":0,"timestamp":1559433069,"path_taken":["M","M","?","M","M","R","E","R","T","?","M"],"build_version":"2019-01-23","purchased_purges":0,"victory":false,"max_hp_per_floor":[75,75,75,75,75,75,75,75,75,75,75],"card_choices":[{"not_picked":["Demon Form","Fiend Fire"],"picked":"Reaper","floor":0.0},{"not_picked":["Warcry","Havoc"],"picked":"Sword Boomerang","floor":1.0},{"not_picked":["Sentinel","Clothesline"],"picked":"Twin Strike","floor":2.0},{"not_picked":["Clothesline","Dual Wield"],"picked":"Pommel Strike","floor":4.0},{"not_picked":["Wild Strike","True Grit"],"picked":"Demon Form","floor":5.0},{"not_picked":["Sword Boomerang","Entrench","Havoc"],"picked":"SKIP","floor":7}],"player_experience":763967,"relics_obtained":[{"floor":7,"key":"Unceasing Top"},{"floor":9,"key":"Meat on the Bone"}],"event_choices":[{"damage_healed":0.0,"max_hp_gain":0.0,"max_hp_loss":0.0,"gold_gain":0.0,"event_name":"Shining Light","player_choice":"Entered Light","floor":3.0,"gold_loss":0.0,"damage_taken":23.0,"cards_upgraded":["Reaper","Sword Boomerang"]},{"damage_healed":0,"gold_gain":0,"player_choice":"Take Damage","damage_taken":26,"relics_obtained":["Golden Idol"],"max_hp_gain":0,"max_hp_loss":0,"event_name":"Golden Idol","floor":10,"gold_loss":0}],"is_beta":false,"boss_relics":[],"items_purged_floors":[],"is_endless":false,"potions_floor_spawned":[5,7],"killed_by":"Exordium Thugs","ascension_level":20}