{"gold_per_floor":[118,36,53,3,253,253,263,276,276,309,321,321,338,338,338,338],"floor_reached":16,"playtime":479,"items_purged":[],"score":117,"play_id":"be12d97f-e6fe-4f54-957a-9cc21aec922a","local_time":"20180701032834","is_ascension_mode":true,"campfire_choices":[{"data":"Bloodletting","floor":6,"key":"SMITH"},{"floor":12,"key":"REST"},{"floor":15,"key":"REST"}],"neow_cost":"NONE","seed_source_timestamp":306192575302377,"circlet_count":0,"master_deck":["Strike_R","Strike_R","Strike_R","Defend_R","Defend_R","Defend_R","Defend_R","Bash","Uppercut","Thunderclap","Bloodletting+1","Clash","Feel No Pain","Flame Barrier","Anger","Ghostly Armor","Impervious"],"relics":["Burning Blood","Blue Candle","The Courier"],"potions_floor_usage":[13,16],"damage_taken":[{"damage":0,"enemies":"Small Slimes","floor":1,"turns":3},{"damage":9,"enemies":"Jaw Worm","floor":3,"turns":3},{"damage":3,"enemies":"Cultist","floor":7,"turns":3},{"damage":14,"enemies":"Looter","floor":8,"turns":3},{"damage":23,"enemies":"Gremlin Nob","floor":10,"turns":4},{"damage":31,"enemies":"Gremlin Gang","floor":11,"turns":5},{"damage":11,"enemies":"Red Slaver","floor":13,"turns":4},{"damage":74,"enemies":"Slime Boss","floor":16,"turns":11}],"seed_played":"-8413701148185594306","potions_obtained":[{"floor":10,"key":"Dexterity Potion"},{"floor":13,"key":"EssenceOfSteel"}],"is_trial":false,"path_per_floor":["M","$","M","?","?","R","M","M","T","E","M","R","M","?","R"],"character_chosen":"IRONCLAD","items_purchased":["Bloodletting"],"campfire_rested":2,"item_purchase_floors":[2],"current_hp_per_floor":[80,80,77,77,77,77,80,72,72,55,30,54,49,49,73,0],"gold":338,"neow_bonus":"TRANSFORM_CARD","is_prod":false,"is_daily":false,"chose_seed":false,"campfire_upgraded":1,"win_rate":0,"timestamp":1530430114,"path_taken":["M","$","M","?","?","R","M","M","T","E","M","R","?","?","R","BOSS"],"build_version":"2018-06-29","purchased_purges":0,"victory":false,"max_hp_per_floor":[80,80,80,80,80,80,80,80,80,80,80,80,80,80,80,80],"card_choices":[{"not_picked":["Shrug It Off","Cleave"],"picked":"Thunderclap","floor":1},{"not_picked":["Whirlwind","Shrug It Off"],"picked":"Clash","floor":3},{"not_picked":["Havoc","Iron Wave"],"picked":"Feel No Pain","floor":7},{"not_picked":["True Grit","Bludgeon"],"picked":"Flame Barrier","floor":8},{"not_picked":["Shrug It Off","Sword Boomerang"],"picked":"Anger","floor":10},{"not_picked":["Clothesline","True Grit"],"picked":"Ghostly Armor","floor":11},{"not_picked":["Perfected Strike","Combust"],"picked":"Impervious","floor":13}],"player_experience":365583,"relics_obtained":[{"floor":9,"key":"Blue Candle"},{"floor":10,"key":"The Courier"}],"event_choices":[{"event_name":"The Cleric","player_choice":"Card Removal","floor":4,"damage_taken":0},{"event_name":"Golden Shrine","player_choice":"Desecrate","floor":5,"damage_taken":0},{"event_name":"Purifier","player_choice":"One Purge","floor":14,"damage_taken":0}],"boss_relics":[],"items_purged_floors":[],"is_endless":false,"potions_floor_spawned":[10,13],"killed_by":"Slime Boss","ascension_level":3}