{"gold_per_floor":[211,222,222,234,234,234,261,7,7,40,40,50,83,93,93,93],"floor_reached":16,"playtime":356,"items_purged":["Strike_R"],"score":240,"play_id":"f0ca6f27-4296-4a03-99ee-831f9803e09a","local_time":"20181106191308","is_ascension_mode":true,"campfire_choices":[{"data":"Bash","floor":6.0,"key":"SMITH"},{"data":"Fiend Fire","floor":11.0,"key":"SMITH"},{"data":"Dark Embrace","floor":15.0,"key":"SMITH"}],"neow_cost":"NONE","seed_source_timestamp":2319917775676482,"circlet_count":0,"master_deck":["AscendersBane","Strike_R","Strike_R","Strike_R","Strike_R","Defend_R","Defend_R","Defend_R","Defend_R","Bash+1","Whirlwind+1","True Grit","Fiend Fire+1","Shrug It Off","Dark Embrace+1","Shrug It Off"],"special_seed":0,"relics":["Burning Blood","Pantograph","Nunchaku","Bottled Flame","Red Skull","Dream Catcher"],"potions_floor_usage":[16],"damage_taken":[{"damage":15.0,"enemies":"Small Slimes","floor":1.0,"turns":5.0},{"damage":2.0,"enemies":"Cultist","floor":2.0,"turns":4.0},{"damage":7.0,"enemies":"Jaw Worm","floor":4.0,"turns":4.0},{"damage":35.0,"enemies":"Lagavulin","floor":7.0,"turns":6.0},{"damage":8.0,"enemies":"Gremlin Nob","floor":10.0,"turns":3.0},{"damage":0.0,"enemies":"3 Louse","floor":12.0,"turns":1.0},{"damage":10.0,"enemies":"3 Sentries","floor":13.0,"turns":3.0},{"damage":14.0,"enemies":"Red Slaver","floor":14.0,"turns":2.0},{"damage":54,"enemies":"Hexaghost","floor":16,"turns":9}],"seed_played":"2196599904911630888","potions_obtained":[{"floor":1.0,"key":"FearPotion"},{"floor":4.0,"key":"SpeedPotion"},{"floor":12.0,"key":"BloodPotion"}],"is_trial":false,"path_per_floor":["M","M","?","M","?","R","E","$","T","E","R","M","E","M","R","B"],"character_chosen":"IRONCLAD","items_purchased":["Fiend Fire"],"campfire_rested":0,"item_purchase_floors":[8],"current_hp_per_floor":[59,63,58,57,57,57,28,28,28,26,26,32,28,20,20,0],"gold":93,"neow_bonus":"HUNDRED_GOLD","is_prod":false,"is_daily":false,"chose_seed":false,"campfire_upgraded":3,"win_rate":0,"timestamp":1541556788,"path_taken":["M","M","?","M","?","R","E","$","T","E","R","?","E","M","R","BOSS"],"build_version":"2018-11-01","purchased_purges":1,"victory":false,"max_hp_per_floor":[75,75,75,75,75,75,75,75,75,75,75,75,75,75,75,75],"card_choices":[{"not_picked":["Shockwave","Havoc"],"picked":"Whirlwind","floor":1.0},{"not_picked":["Sever Soul","Cleave","Entrench"],"picked":"SKIP","floor":2.0},{"not_picked":["Clash","Wild Strike","Armaments"],"picked":"SKIP","floor":4.0},{"not_picked":["Cleave","Iron Wave"],"picked":"True Grit","floor":7.0},{"not_picked":["Havoc","Thunderclap","Twin Strike"],"picked":"SKIP","floor":10.0},{"not_picked":["Clash","Flex"],"picked":"Shrug It Off","floor":12.0},{"not_picked":["Sword Boomerang","Hemokinesis"],"picked":"Dark Embrace","floor":13.0},{"not_picked":["Infernal Blade","Flex"],"picked":"Shrug It Off","floor":14.0}],"player_experience":596022,"relics_obtained":[{"floor":7.0,"key":"Nunchaku"},{"floor":9.0,"key":"Bottled Flame"},{"floor":10.0,"key":"Red Skull"},{"floor":13.0,"key":"Dream Catcher"}],"event_choices":[{"damage_healed":0.0,"max_hp_gain":0.0,"max_hp_loss":0.0,"gold_gain":0.0,"event_name":"Scrap Ooze","player_choice":"Success","floor":3.0,"gold_loss":0.0,"damage_taken":5.0,"relics_obtained":["Pantograph"]},{"damage_healed":0.0,"max_hp_gain":0.0,"max_hp_loss":0.0,"gold_gain":0.0,"event_name":"Upgrade Shrine","player_choice":"Upgraded","floor":5.0,"gold_loss":0.0,"damage_taken":0.0,"cards_upgraded":["Whirlwind"]}],"is_beta":false,"boss_relics":[],"items_purged_floors":[8],"is_endless":false,"potions_floor_spawned":[1,4,12],"killed_by":"Hexaghost","ascension_level":20}