{"gold_per_floor":[110,126,126,141,141,171,13,13,13,37,56,82,82,257,257,360,360,377,377,292,302,6,6],"floor_reached":23,"playtime":1180,"items_purged":["Doubt"],"score":246,"play_id":"6a0ff0aa-ac09-4481-a012-bdd9be2d1e61","local_time":"20190629153338","is_ascension_mode":true,"campfire_choices":[{"floor":8,"key":"REST"},{"data":"Electrodynamics","floor":13,"key":"SMITH"},{"data":"Trip","floor":15,"key":"SMITH"}],"neow_cost":"TEN_PERCENT_HP_LOSS","seed_source_timestamp":174763947940800,"circlet_count":0,"master_deck":["Strike_B","Strike_B","Strike_B","Strike_B","Defend_B","Defend_B","Defend_B","Defend_B","Zap","Dualcast","Good Instincts","Trip+1","Glacier","Coolheaded","Dark Shackles","FTL+1","Electrodynamics+1","Cold Snap","Chill","Sunder+1","Go for the Eyes","Storm","Fission","Double Energy","Static Discharge+1","Panache","Loop"],"relics":["Cracked Core","Sundial","Bag of Marbles","Juzu Bracelet","Whetstone","Smiling Mask","Eternal Feather","Bronze Scales"],"potions_floor_usage":[6,6,21,23],"damage_taken":[{"damage":0,"enemies":"2 Louse","floor":1,"turns":2},{"damage":0,"enemies":"Cultist","floor":2,"turns":2},{"damage":0,"enemies":"Jaw Worm","floor":4,"turns":5},{"damage":12,"enemies":"Lagavulin","floor":6,"turns":7},{"damage":0,"enemies":"Blue Slaver","floor":11,"turns":3},{"damage":11,"enemies":"Gremlin Nob","floor":12,"turns":3},{"damage":22,"enemies":"The Guardian","floor":16,"turns":13},{"damage":14,"enemies":"3 Byrds","floor":18,"turns":3},{"damage":15,"enemies":"Chosen","floor":21,"turns":6},{"damage":28,"enemies":"Book of Stabbing","floor":23,"turns":3}],"seed_played":"6293809681759571069","potions_obtained":[{"floor":2,"key":"EssenceOfSteel"},{"floor":4,"key":"Energy Potion"},{"floor":16,"key":"Block Potion"},{"floor":21,"key":"Poison Potion"}],"is_trial":false,"path_per_floor":["M","M","?","M","?","E","$","R","T","T","M","E","R","?","R","B",null,"M","?","?","M","$","E"],"character_chosen":"DEFECT","items_purchased":["Cold Snap","Chill","Sunder","Panache","Loop"],"campfire_rested":1,"item_purchase_floors":[7,7,7,22,22],"current_hp_per_floor":[68,68,68,68,56,44,44,64,64,64,64,53,53,53,53,31,59,45,33,33,18,18,0],"gold":6,"neow_bonus":"RANDOM_COLORLESS_2","is_prod":false,"is_daily":false,"chose_seed":false,"campfire_upgraded":2,"win_rate":0,"timestamp":1561836818,"path_taken":["M","M","?","?","?","E","$","R","T","?","M","E","R","?","R","BOSS","M","?","?","M","?","E"],"build_version":"2019-06-28","purchased_purges":1,"victory":false,"max_hp_per_floor":[68,68,68,68,68,68,68,68,68,68,68,68,68,68,68,68,68,68,73,73,73,73,73],"card_choices":[{"not_picked":["Genetic Algorithm","Hologram"],"picked":"Glacier","floor":1},{"not_picked":["Recycle","Turbo"],"picked":"Coolheaded","floor":2},{"not_picked":["Streamline","Stack"],"picked":"FTL","floor":4},{"not_picked":["Redo","Blizzard"],"picked":"Electrodynamics","floor":6},{"not_picked":["Compile Driver","Rebound"],"picked":"Go for the Eyes","floor":11},{"not_picked":["Scrape","Lockon"],"picked":"Storm","floor":12},{"not_picked":["All For One","Thunder Strike"],"picked":"Fission","floor":16},{"not_picked":["Conserve Battery+1","Hello World"],"picked":"Double Energy","floor":18},{"not_picked":["Cold Snap","Steam"],"picked":"Static Discharge+1","floor":21}],"player_experience":1147008,"relics_obtained":[{"floor":6,"key":"Bag of Marbles"},{"floor":9,"key":"Juzu Bracelet"},{"floor":10,"key":"Whetstone"},{"floor":12,"key":"Smiling Mask"}],"event_choices":[{"damage_healed":0,"gold_gain":0,"player_choice":"1 cards matched","damage_taken":0,"max_hp_gain":0,"max_hp_loss":0,"event_name":"Match and Keep!","floor":3,"gold_loss":0,"cards_obtained":["Dark Shackles"]},{"damage_healed":0,"gold_gain":0,"player_choice":"Success","damage_taken":12,"relics_obtained":["Sundial"],"max_hp_gain":0,"max_hp_loss":0,"event_name":"Scrap Ooze","floor":5,"gold_loss":0},{"damage_healed":0,"gold_gain":175,"player_choice":"AGREE","damage_taken":0,"max_hp_gain":0,"max_hp_loss":0,"event_name":"Liars Game","floor":14,"gold_loss":0,"cards_obtained":["Doubt"]},{"damage_healed":0,"gold_gain":0,"player_choice":"Shed Blood","damage_taken":17,"max_hp_gain":5,"max_hp_loss":0,"event_name":"Forgotten Altar","floor":19,"gold_loss":0},{"damage_healed":0,"gold_gain":0,"player_choice":"Obtained Relic","damage_taken":0,"relics_obtained":["Bronze Scales"],"max_hp_gain":0,"max_hp_loss":0,"event_name":"Addict","floor":20,"gold_loss":85}],"is_beta":true,"boss_relics":[{"not_picked":["Philosopher\u0027s Stone","Empty Cage"],"picked":"Eternal Feather"}],"items_purged_floors":[22],"is_endless":false,"potions_floor_spawned":[2,4,16,21],"killed_by":"Book of Stabbing","ascension_level":5}