{"gold_per_floor":[10,10,85,104,121,154,154,185,212,242,9,38,38,50,50,151,151,133,145,55,66,79,79,0,0,0,0,0],"floor_reached":28,"playtime":1470,"items_purged":[],"score":308,"play_id":"15154c21-487b-4fc7-801c-753f02e6d8c4","local_time":"20190605040959","is_ascension_mode":true,"campfire_choices":[{"data":"Forethought","floor":7,"key":"SMITH"},{"floor":15,"key":"REST"},{"floor":23,"key":"REST"},{"floor":25,"key":"REST"},{"data":"Limit Break","floor":27,"key":"SMITH"}],"neow_cost":"NO_GOLD","seed_source_timestamp":1246362177586000,"circlet_count":0,"master_deck":["Strike_R+1","Strike_R","Strike_R","Strike_R","Strike_R","Defend_R","Defend_R","Defend_R+1","Bash+1","Forethought+1","Secret Technique+1","Flex","Headbutt","Ghostly Armor","Shockwave","Fire Breathing","Searing Blow","Wild Strike","Demon Form","Dual Wield","Limit Break+1","Flex+1","Armaments","Seeing Red","Second Wind"],"relics":["Burning Blood","Orichalcum","Whetstone","Ancient Tea Set","Oddly Smooth Stone","Strange Spoon","Blue Candle","Lizard Tail","Meat on the Bone"],"potions_floor_usage":[5,6,14,16,19,22],"damage_taken":[{"damage":4,"enemies":"2 Louse","floor":1,"turns":3},{"damage":0,"enemies":"Cultist","floor":4,"turns":2},{"damage":0,"enemies":"Small Slimes","floor":5,"turns":1},{"damage":32,"enemies":"Gremlin Nob","floor":6,"turns":4},{"damage":36,"enemies":"Lagavulin","floor":8,"turns":8},{"damage":19,"enemies":"3 Sentries","floor":10,"turns":12},{"damage":10,"enemies":"Gremlin Nob","floor":12,"turns":3},{"damage":2,"enemies":"Red Slaver","floor":14,"turns":3},{"damage":37,"enemies":"The Guardian","floor":16,"turns":10},{"damage":12,"enemies":"2 Thieves","floor":18,"turns":4},{"damage":27,"enemies":"Chosen","floor":19,"turns":7},{"damage":43,"enemies":"Snake Plant","floor":21,"turns":5},{"damage":32,"enemies":"Chosen and Byrds","floor":22,"turns":5},{"damage":70,"enemies":"Sentry and Sphere","floor":28,"turns":11}],"seed_played":"7748375568860370300","potions_obtained":[{"floor":4,"key":"Explosive Potion"},{"floor":5,"key":"Poison Potion"},{"floor":12,"key":"Poison Potion"},{"floor":14,"key":"Regen Potion"},{"floor":18,"key":"Swift Potion"},{"floor":21,"key":"Energy Potion"}],"is_trial":false,"path_per_floor":["M","?","?","M","M","E","R","E","T","E","$","E","$","M","R","B",null,"M","M","?","M","M","R","?","R","T","R","M"],"character_chosen":"IRONCLAD","items_purchased":["Strange Spoon","Wild Strike"],"campfire_rested":3,"item_purchase_floors":[11,11],"current_hp_per_floor":[80,80,72,78,80,54,54,24,24,11,11,7,7,11,35,19,65,59,38,38,46,20,44,44,68,68,68,0],"gold":0,"neow_bonus":"RANDOM_COLORLESS_2","is_prod":false,"is_daily":false,"chose_seed":false,"campfire_upgraded":2,"win_rate":0,"timestamp":1559722199,"path_taken":["M","?","?","?","M","E","R","E","T","E","$","E","$","M","R","BOSS","M","?","?","?","M","R","?","R","T","R","M"],"build_version":"2019-06-02","purchased_purges":0,"victory":false,"max_hp_per_floor":[80,80,80,80,80,80,80,80,80,80,80,80,80,80,80,80,80,80,80,80,80,80,80,80,80,80,80,80],"card_choices":[{"not_picked":["Spot Weakness","Clothesline"],"picked":"Flex","floor":1},{"not_picked":["Iron Wave","Anger"],"picked":"Headbutt","floor":4},{"not_picked":["Clothesline","Sever Soul"],"picked":"Ghostly Armor","floor":5},{"not_picked":["Warcry","Disarm"],"picked":"Shockwave","floor":6},{"not_picked":["Dropkick","Sword Boomerang"],"picked":"Fire Breathing","floor":8},{"not_picked":["Heavy Blade","Bloodletting"],"picked":"Searing Blow","floor":10},{"not_picked":["Disarm","Intimidate"],"picked":"Demon Form","floor":12},{"not_picked":["Feel No Pain","Warcry"],"picked":"Dual Wield","floor":14},{"not_picked":["Dark Embrace","Bludgeon"],"picked":"Limit Break","floor":16},{"not_picked":["Wild Strike","Carnage"],"picked":"Flex+1","floor":18},{"not_picked":["Hemokinesis","Twin Strike"],"picked":"Armaments","floor":19},{"not_picked":["Power Through","Twin Strike"],"picked":"Seeing Red","floor":21},{"not_picked":["Blood for Blood","Warcry"],"picked":"Second Wind","floor":22}],"player_experience":967431,"relics_obtained":[{"floor":6,"key":"Orichalcum"},{"floor":8,"key":"Whetstone"},{"floor":9,"key":"Ancient Tea Set"},{"floor":10,"key":"Oddly Smooth Stone"},{"floor":12,"key":"Blue Candle"},{"floor":26,"key":"Meat on the Bone"}],"event_choices":[{"damage_healed":0,"gold_gain":0,"player_choice":"Grow","damage_taken":0,"max_hp_gain":0,"max_hp_loss":0,"event_name":"Living Wall","floor":2,"gold_loss":0,"cards_upgraded":["Secret Technique"]},{"damage_healed":0,"gold_gain":75,"player_choice":"Touch","damage_taken":8,"max_hp_gain":0,"max_hp_loss":0,"event_name":"FaceTrader","floor":3,"gold_loss":0},{"cards_removed":["Defend_R"],"damage_healed":0,"gold_gain":0,"player_choice":"Upgrade and Remove","damage_taken":0,"max_hp_gain":0,"max_hp_loss":0,"event_name":"Designer","floor":20,"gold_loss":90,"cards_upgraded":["Defend_R"]},{"damage_healed":0,"gold_gain":0,"player_choice":"Paid Fearfully","damage_taken":0,"max_hp_gain":0,"max_hp_loss":0,"event_name":"Masked Bandits","floor":24,"gold_loss":79}],"is_beta":true,"boss_relics":[{"not_picked":["Runic Cube","Sozu"],"picked":"Lizard Tail"}],"items_purged_floors":[],"is_endless":false,"potions_floor_spawned":[4,5,12,14,18,21],"killed_by":"Sentry and Sphere","ascension_level":5}