{"path_per_floor":["M","?","?","M","M","E","R","M","T","R","E","M","M","?","R","B",null,"M","?","?","?","$","M","R","M","T","M","?","M","$","?","R"],"character_chosen":"DEFECT","items_purchased":["DataDisk","Gremlin Horn","Jack Of All Trades","Loop"],"gold_per_floor":[118,118,118,134,154,187,187,200,254,254,317,331,344,422,422,552,590,590,590,590,590,96,87,87,100,100,114,114,127,51,0,0,0],"floor_reached":33,"campfire_rested":3,"playtime":1464,"current_hp_per_floor":[73,73,73,67,67,31,53,45,45,67,45,33,33,28,50,25,80,80,80,80,80,80,78,78,78,78,78,78,71,71,71,71,0],"items_purged":[],"gold":0,"score":257,"play_id":"9180de4c-1e93-41d5-9349-9974af7b424d","local_time":"20180516103534","is_prod":false,"is_daily":false,"chose_seed":false,"is_ascension_mode":false,"campfire_upgraded":2,"timestamp":1526481334,"path_taken":["M","?","?","M","M","E","R","M","T","R","E","?","M","?","R","BOSS","M","?","?","?","$","M","R","?","T","M","?","M","$","?","R","BOSS"],"build_version":"2018-05-15","seed_source_timestamp":242874978909260,"purchased_purges":0,"victory":false,"master_deck":["Strike_B","Strike_B","Strike_B","Strike_B","Defend_B+1","Defend_B","Defend_B","Defend_B","Zap","Dualcast","Reboot","Rebound","Redo","Rebound","Chill","Go for the Eyes","Creative AI+1","Glacier","Rainbow+1","Jack Of All Trades","Conserve Battery+1","Tempest+1","Loop"],"max_hp_per_floor":[75,75,75,75,75,75,75,75,75,75,75,75,75,75,75,75,80,80,80,80,80,80,80,80,80,80,80,80,80,80,80,80,80],"relics":["Cracked Core","Golden Idol","Smiling Mask","Bag of Marbles","Tiny Chest","Meat on the Bone","Tiny House","Art of War","DataDisk","Gremlin Horn","Unceasing Top"],"card_choices":[{"not_picked":["Ball Lightning","Beam Cell"],"picked":"Rebound","floor":1},{"not_picked":["Streamline","Scrape","Skim"],"picked":"SKIP","floor":4},{"not_picked":["BootSequence","Leap"],"picked":"Redo","floor":5},{"not_picked":["Hologram","Aggregate","Rip and Tear"],"picked":"SKIP","floor":6},{"not_picked":["Beam Cell","Barrage"],"picked":"Rebound","floor":8},{"not_picked":["Redo","Turbo"],"picked":"Chill","floor":11},{"not_picked":["Ball Lightning","Axe Kick"],"picked":"Go for the Eyes","floor":12},{"not_picked":["Skim","Capacitor"],"picked":"Creative AI","floor":13},{"not_picked":["Chaos","Stack"],"picked":"Glacier","floor":14},{"not_picked":["Reboot","Hyperbeam"],"picked":"Rainbow","floor":16},{"not_picked":["Turbo","Axe Kick","Sweeping Beam+1"],"picked":"SKIP","floor":23},{"not_picked":["Streamline","Ball Lightning"],"picked":"Conserve Battery+1","floor":25},{"not_picked":["Rebound","Fission","Axe Kick+1"],"picked":"SKIP","floor":27},{"not_picked":["Beam Cell+1","Streamline"],"picked":"Tempest+1","floor":29}],"player_experience":276705,"potions_floor_usage":[5,11,13,16,18,18,25],"damage_taken":[{"damage":2,"enemies":"Small Slimes","floor":1,"turns":3},{"damage":6,"enemies":"Jaw Worm","floor":4,"turns":3},{"damage":0,"enemies":"2 Louse","floor":5,"turns":2},{"damage":36,"enemies":"Lagavulin","floor":6,"turns":5},{"damage":8,"enemies":"2 Fungi Beasts","floor":8,"turns":3},{"damage":22,"enemies":"3 Sentries","floor":11,"turns":6},{"damage":12,"enemies":"Exordium Thugs","floor":12,"turns":6},{"damage":0,"enemies":"Gremlin Gang","floor":13,"turns":1},{"damage":5,"enemies":"Gremlin Nob","floor":14,"turns":4},{"damage":37,"enemies":"The Guardian","floor":16,"turns":11},{"damage":0,"enemies":"3 Byrds","floor":18,"turns":1},{"damage":2,"enemies":"2 Thieves","floor":23,"turns":4},{"damage":0,"enemies":"Snake Plant","floor":25,"turns":6},{"damage":0,"enemies":"Cultist and Chosen","floor":27,"turns":8},{"damage":7,"enemies":"Chosen and Byrds","floor":29,"turns":6},{"damage":103,"enemies":"Automaton","floor":33,"turns":12}],"relics_obtained":[{"floor":6,"key":"Smiling Mask"},{"floor":9,"key":"Bag of Marbles"},{"floor":11,"key":"Tiny Chest"},{"floor":14,"key":"Meat on the Bone"},{"floor":26,"key":"Unceasing Top"}],"event_choices":[{"event_name":"Golden Idol","player_choice":"Take Wound","floor":2,"damage_taken":0},{"event_name":"Living Wall","player_choice":"Forget","floor":3,"damage_taken":0},{"event_name":"Dead Adventurer","player_choice":"Searched \u00271\u0027 times","floor":14,"damage_taken":0},{"event_name":"The Mausoleum","player_choice":"Yes","floor":19,"damage_taken":0},{"event_name":"Drug Dealer","player_choice":"Ignored","floor":20,"damage_taken":0},{"event_name":"Vampires","player_choice":"Ignored","floor":21,"damage_taken":0},{"event_name":"Ghosts","player_choice":"Ignored","floor":28,"damage_taken":0},{"event_name":"Masked Bandits","player_choice":"Paid Bandits 51 gold","floor":31,"damage_taken":0}],"boss_relics":[{"not_picked":["Pandora\u0027s Box","Velvet Choker"],"picked":"Tiny House"}],"potions_floor_spawned":[4,8,12,14,16,18,23],"seed_played":"6033938030208299115","killed_by":"Automaton","ascension_level":0,"potions_obtained":[{"floor":4,"key":"Strength Potion"},{"floor":8,"key":"Energy Potion"},{"floor":12,"key":"PowerPotion"},{"floor":14,"key":"FearPotion"},{"floor":16,"key":"PowerPotion"},{"floor":17,"key":"SmokeBomb"},{"floor":23,"key":"Fire Potion"}],"is_trial":false}