{"gold_per_floor":[115,127,127,141,153,153,179,196,223,223,89,89],"floor_reached":12,"playtime":324,"items_purged":["Strike_R"],"score":160,"play_id":"5204a7e7-2f2c-4b13-8e5d-e67ed324c822","local_time":"20190615141737","is_ascension_mode":true,"campfire_choices":[{"data":"Sweeping Beam","floor":6.0,"key":"SMITH"},{"data":"Dagger Spray","floor":10.0,"key":"SMITH"}],"neow_cost":"NONE","seed_source_timestamp":332421402025018,"circlet_count":0,"master_deck":["AscendersBane","Strike_R","Strike_R","Strike_R","Strike_R","Defend_R","Defend_R","Defend_R+1","Defend_R+1","Bash+1","Sweeping Beam+1","Leg Sweep","Dagger Spray+1","Violence","True Grit"],"special_seed":0,"relics":["Burning Blood","PrismaticShard","Anchor","Omamori"],"potions_floor_usage":[12],"damage_taken":[{"damage":2.0,"enemies":"2 Louse","floor":1.0,"turns":4.0},{"damage":4.0,"enemies":"Small Slimes","floor":2.0,"turns":4.0},{"damage":7.0,"enemies":"Jaw Worm","floor":4.0,"turns":3.0},{"damage":6.0,"enemies":"Looter","floor":5.0,"turns":3.0},{"damage":24.0,"enemies":"Gremlin Nob","floor":7.0,"turns":4.0},{"damage":15.0,"enemies":"Exordium Thugs","floor":8.0,"turns":4.0},{"damage":24,"enemies":"Lagavulin","floor":12,"turns":7}],"seed_played":"7234951131914438530","potions_obtained":[{"floor":1.0,"key":"EssenceOfSteel"},{"floor":5.0,"key":"Weak Potion"}],"is_trial":false,"path_per_floor":["M","M","?","M","M","R","E","M","T","R","$","E"],"character_chosen":"IRONCLAD","items_purchased":["True Grit"],"campfire_rested":0,"item_purchase_floors":[11],"current_hp_per_floor":[72,74,51,50,50,50,32,23,23,23,23,0],"gold":89,"neow_bonus":"UPGRADE_CARD","is_prod":false,"is_daily":false,"chose_seed":false,"campfire_upgraded":2,"win_rate":0,"timestamp":1560633457,"path_taken":["M","M","?","M","M","R","E","M","T","R","$","E"],"build_version":"2019-01-23","purchased_purges":1,"victory":false,"max_hp_per_floor":[75,75,75,75,75,75,75,75,75,75,75,75],"card_choices":[{"not_picked":["Blur","Recycle","Leap"],"picked":"SKIP","floor":1.0},{"not_picked":["Compile Driver","Outmaneuver"],"picked":"Sweeping Beam","floor":2.0},{"not_picked":["Good Instincts","Heel Hook","Blade Dance"],"picked":"SKIP","floor":4.0},{"not_picked":["Blade Dance","Fire Breathing"],"picked":"Leg Sweep","floor":5.0},{"not_picked":["Wild Strike","Dual Wield"],"picked":"Dagger Spray","floor":7.0},{"not_picked":["Deflect","Endless Agony"],"picked":"Violence","floor":8.0}],"player_experience":794957,"relics_obtained":[{"floor":7.0,"key":"Anchor"},{"floor":9.0,"key":"Omamori"}],"event_choices":[{"damage_healed":0.0,"max_hp_gain":0.0,"max_hp_loss":0.0,"gold_gain":0.0,"event_name":"Shining Light","player_choice":"Entered Light","floor":3.0,"gold_loss":0.0,"damage_taken":23.0,"cards_upgraded":["Defend_R","Defend_R"]}],"is_beta":false,"boss_relics":[],"items_purged_floors":[11],"is_endless":false,"potions_floor_spawned":[1,5],"killed_by":"Lagavulin","ascension_level":20}