{"gold_per_floor":[118,193,193,206,220,220,248,266,266,266,28,28,28,38,38,134,134,146,116,136,149,149,149,10,29,105,105],"floor_reached":27,"playtime":1037,"items_purged":[],"score":213,"play_id":"7aa61f18-4460-4aaf-82e1-f7dadda6a3cc","local_time":"20190619071000","is_ascension_mode":false,"campfire_choices":[{"floor":6,"key":"RECALL"},{"floor":10,"key":"REST"},{"floor":13,"key":"REST"},{"data":"Calculated Gamble","floor":15,"key":"SMITH"},{"data":"Seeing Red","floor":23,"key":"SMITH"}],"neow_cost":"NONE","seed_source_timestamp":391649038084100,"circlet_count":0,"master_deck":["Bash","Clash","Seeing Red+1","Body Slam","Dual Wield","Madness","Calculated Gamble+1","Pommel Strike+1","Reaper+1","Inflame","Impervious","Barricade","Clothesline+1","Demon Form","Iron Wave+1","Seeing Red","Sword Boomerang+1","Blood for Blood+1","Power Through","Rampage+1","Clothesline+1","Writhe","Offering","Fire Breathing+1"],"relics":["Runic Cube","Pen Nib","Molten Egg 2","Pandora\u0027s Box","Ice Cream"],"potions_floor_usage":[4,5,5,7,8,14,16,20,20,21,25],"damage_taken":[{"damage":12,"enemies":"2 Louse","floor":1,"turns":3},{"damage":0,"enemies":"Cultist","floor":4,"turns":2},{"damage":0,"enemies":"Small Slimes","floor":5,"turns":3},{"damage":29,"enemies":"Lagavulin","floor":7,"turns":6},{"damage":9,"enemies":"Exordium Thugs","floor":8,"turns":3},{"damage":13,"enemies":"Lots of Slimes","floor":14,"turns":4},{"damage":60,"enemies":"Slime Boss","floor":16,"turns":9},{"damage":10,"enemies":"Chosen","floor":18,"turns":4},{"damage":17,"enemies":"2 Thieves","floor":20,"turns":3},{"damage":22,"enemies":"Shelled Parasite and Fungi","floor":21,"turns":5},{"damage":24,"enemies":"3 Cultists","floor":25,"turns":4},{"damage":33,"enemies":"Centurion and Healer","floor":27,"turns":2}],"seed_played":"4248577059307768669","potions_obtained":[{"floor":1,"key":"Weak Potion"},{"floor":3,"key":"Ancient Potion"},{"floor":3,"key":"SteroidPotion"},{"floor":3,"key":"Dexterity Potion"},{"floor":4,"key":"EssenceOfSteel"},{"floor":7,"key":"LiquidBronze"},{"floor":18,"key":"Dexterity Potion"},{"floor":19,"key":"Regen Potion"},{"floor":19,"key":"AttackPotion"},{"floor":20,"key":"Poison Potion"}],"is_trial":false,"path_per_floor":["M","?","?","M","M","R","E","M","T","R","$","?","R","M","R","B",null,"M","?","M","M","?","R","$","M","T","M"],"character_chosen":"IRONCLAD","items_purchased":["Madness","BloodPotion","Regen Potion","Offering"],"campfire_rested":2,"item_purchase_floors":[11,11,11,24],"current_hp_per_floor":[68,57,57,57,57,57,28,19,19,43,43,43,67,63,63,23,80,70,70,79,57,57,57,57,33,33,0],"gold":105,"neow_bonus":"BOSS_RELIC","is_prod":false,"is_daily":false,"chose_seed":false,"campfire_upgraded":2,"win_rate":0,"timestamp":1560942600,"path_taken":["M","?","?","M","M","R","E","?","T","R","?","?","R","M","R","BOSS","M","?","M","?","?","R","$","M","T","M"],"build_version":"2019-06-18","purchased_purges":0,"victory":false,"max_hp_per_floor":[80,80,80,80,80,80,80,80,80,80,80,80,80,80,80,80,80,80,80,80,80,80,80,80,80,80,80],"card_choices":[{"not_picked":["Infernal Blade","Cleave"],"picked":"Clash","floor":1},{"not_picked":["Heavy Blade","True Grit"],"picked":"Seeing Red","floor":4},{"not_picked":["Pommel Strike","Sever Soul"],"picked":"Body Slam","floor":5},{"not_picked":["Anger","Infernal Blade"],"picked":"Offering","floor":7},{"not_picked":["Reckless Charge","Havoc"],"picked":"Dual Wield","floor":8},{"not_picked":["Sever Soul+1","Armaments"],"picked":"Pommel Strike+1","floor":14},{"not_picked":["Limit Break","Bludgeon+1"],"picked":"Reaper+1","floor":16},{"not_picked":["Combust","Perfected Strike+1"],"picked":"Power Through","floor":18},{"not_picked":["Fire Breathing","Shockwave"],"picked":"Rampage+1","floor":20},{"not_picked":["Rage","Perfected Strike+1"],"picked":"Clothesline+1","floor":21},{"not_picked":["Battle Trance","Perfected Strike+1"],"picked":"Fire Breathing+1","floor":25}],"player_experience":1068771,"relics_obtained":[{"floor":7,"key":"Pen Nib"},{"floor":9,"key":"Molten Egg 2"}],"event_choices":[{"damage_healed":0,"gold_gain":75,"player_choice":"Gather Gold","damage_taken":11,"max_hp_gain":0,"max_hp_loss":0,"event_name":"World of Goop","floor":2,"gold_loss":0},{"damage_healed":0,"gold_gain":0,"player_choice":"Got Potions","damage_taken":0,"max_hp_gain":0,"max_hp_loss":0,"event_name":"Lab","floor":3,"gold_loss":0},{"cards_removed":["Offering"],"damage_healed":0,"gold_gain":0,"player_choice":"Took Card","damage_taken":0,"max_hp_gain":0,"max_hp_loss":0,"event_name":"NoteForYourself","floor":12,"gold_loss":0,"cards_obtained":["Calculated Gamble"]},{"damage_healed":0,"gold_gain":0,"player_choice":"Bought 2 Potions","damage_taken":0,"max_hp_gain":0,"max_hp_loss":0,"event_name":"The Woman in Blue","floor":19,"gold_loss":0},{"damage_healed":0,"gold_gain":0,"player_choice":"Opened","damage_taken":0,"relics_obtained":["Ice Cream"],"max_hp_gain":0,"max_hp_loss":0,"event_name":"The Mausoleum","floor":22,"gold_loss":0,"cards_obtained":["Writhe"]}],"is_beta":true,"boss_relics":[{"not_picked":["Coffee Dripper","Snecko Eye"],"picked":"Pandora\u0027s Box"}],"items_purged_floors":[],"is_endless":false,"potions_floor_spawned":[1,4,7,18,20],"killed_by":"Centurion and Healer","ascension_level":0}