{"gold_per_floor":[215,215,215,15,33,66,86,86,137,171,171,136,147,174,174,249,249,266,266,284,107,126,153,168,168,168,202,202,228,228,248,248,325,325,341,356,367,2,102,102,131,131,155,155,183,213,239,277,289,301],"floor_reached":51,"playtime":2901,"items_purged":["Strike_R","Strike_R"],"score":1833,"play_id":"beb7e095-e20a-4c34-a254-2225a47b6f3c","local_time":"20190531164425","is_ascension_mode":true,"campfire_choices":[{"data":"Armaments","floor":8.0,"key":"SMITH"},{"data":"Warcry","floor":11.0,"key":"SMITH"},{"data":"Corruption","floor":15.0,"key":"SMITH"},{"floor":25.0,"key":"REST"},{"floor":28.0,"key":"REST"},{"floor":30.0,"key":"REST"},{"floor":32.0,"key":"REST"},{"floor":40.0,"key":"RECALL"}],"neow_cost":"NONE","seed_source_timestamp":807909701741223,"circlet_count":0,"master_deck":["AscendersBane","Strike_R","Strike_R","Defend_R","Defend_R","Defend_R","Defend_R","Bash","Cleave","Metallicize+1","Uppercut+1","Armaments+1","Demon Form","Warcry+1","Corruption+1","Ghostly Armor","Bloodletting+1","Shockwave","Spot Weakness+1","Juggernaut","Battle Trance","Offering","Sentinel","True Grit+1"],"special_seed":0,"relics":["Burning Blood","Pen Nib","Lantern","Ancient Tea Set","Whetstone","Dead Branch","Fusion Hammer","Question Card","Potion Belt","Dream Catcher","War Paint","Coffee Dripper","Membership Card","Bottled Lightning","Mango","Dodecahedron","Anchor","MawBank","Self Forming Clay"],"potions_floor_usage":[45,45,46,50],"damage_taken":[{"damage":3.0,"enemies":"Small Slimes","floor":1.0,"turns":3.0},{"damage":6.0,"enemies":"Jaw Worm","floor":5.0,"turns":3.0},{"damage":36.0,"enemies":"3 Sentries","floor":6.0,"turns":8.0},{"damage":0.0,"enemies":"Cultist","floor":7.0,"turns":3.0},{"damage":44.0,"enemies":"Gremlin Nob","floor":10.0,"turns":5.0},{"damage":6.0,"enemies":"Looter","floor":13.0,"turns":2.0},{"damage":14.0,"enemies":"3 Sentries","floor":14.0,"turns":6.0},{"damage":0.0,"enemies":"Slime Boss","floor":16.0,"turns":3.0},{"damage":12.0,"enemies":"Shell Parasite","floor":18.0,"turns":4.0},{"damage":2.0,"enemies":"Spheric Guardian","floor":20.0,"turns":4.0},{"damage":5.0,"enemies":"Centurion and Healer","floor":22.0,"turns":6.0},{"damage":5.0,"enemies":"Slavers","floor":23.0,"turns":4.0},{"damage":11.0,"enemies":"Sentry and Sphere","floor":24.0,"turns":4.0},{"damage":5.0,"enemies":"Gremlin Leader","floor":27.0,"turns":5.0},{"damage":24.0,"enemies":"Book of Stabbing","floor":29.0,"turns":5.0},{"damage":7.0,"enemies":"Snake Plant","floor":31.0,"turns":3.0},{"damage":12.0,"enemies":"Champ","floor":33.0,"turns":9.0},{"damage":0.0,"enemies":"3 Shapes","floor":35.0,"turns":3.0},{"damage":0.0,"enemies":"Orb Walker","floor":36.0,"turns":3.0},{"damage":12.0,"enemies":"Sphere and 2 Shapes","floor":37.0,"turns":2.0},{"damage":6.0,"enemies":"Mind Bloom Boss Battle","floor":39.0,"turns":5.0},{"damage":16.0,"enemies":"Giant Head","floor":41.0,"turns":5.0},{"damage":62,"enemies":"Reptomancer","floor":45,"turns":5},{"damage":18,"enemies":"Spire Growth","floor":46,"turns":3},{"damage":0,"enemies":"3 Darklings","floor":47,"turns":3},{"damage":0,"enemies":"Nemesis","floor":48,"turns":5},{"damage":14,"enemies":"Time Eater","floor":50,"turns":7}],"seed_played":"-4073228735426785276","potions_obtained":[{"floor":1.0,"key":"Regen Potion"},{"floor":7.0,"key":"SpeedPotion"},{"floor":13.0,"key":"EntropicBrew"},{"floor":16.0,"key":"GamblersBrew"},{"floor":20.0,"key":"GamblersBrew"},{"floor":27.0,"key":"SpeedPotion"},{"floor":29.0,"key":"SkillPotion"},{"floor":31.0,"key":"GamblersBrew"},{"floor":39.0,"key":"BloodPotion"},{"floor":45,"key":"BloodPotion"}],"is_trial":false,"path_per_floor":["M","?","?","$","M","E","M","R","T","E","R","?","M","E","R","B",null,"M","?","M","$","M","E","M","R","T","E","R","E","R","M","R","B",null,"M","M","M","$","?","R","E","R","T","?","E","M","M","E","R","B",null],"character_chosen":"IRONCLAD","items_purchased":["Metallicize","Uppercut","Shockwave","Membership Card","Bottled Lightning"],"campfire_rested":4,"item_purchase_floors":[4,4,21,38,38],"current_hp_per_floor":[71,53,75,75,75,60,66,66,66,28,28,46,46,38,38,44,67,61,61,65,65,66,67,62,75,75,75,75,57,75,74,75,69,74,75,75,69,69,83,83,81,81,81,81,25,21,27,33,33,25],"gold":313,"neow_bonus":"HUNDRED_GOLD","is_prod":false,"is_daily":false,"chose_seed":false,"campfire_upgraded":3,"win_rate":0,"timestamp":1559313865,"path_taken":["M","?","?","$","M","E","?","R","T","E","R","?","M","E","R","BOSS","M","?","M","$","M","E","?","R","T","E","R","E","R","M","R","BOSS","M","M","M","$","?","R","E","R","T","?","E","M","M","E","R","BOSS"],"build_version":"2019-01-23","purchased_purges":2,"victory":true,"max_hp_per_floor":[75,75,75,75,75,75,75,75,75,75,75,75,75,75,75,75,75,75,75,75,75,75,75,75,75,75,75,75,75,75,75,75,75,75,75,75,75,75,89,89,89,89,89,89,89,89,89,89,89,89],"card_choices":[{"not_picked":["Seeing Red","Thunderclap"],"picked":"Cleave","floor":1.0},{"not_picked":["Feel No Pain","Power Through","Infernal Blade"],"picked":"SKIP","floor":5.0},{"not_picked":["Clash","Havoc"],"picked":"Armaments","floor":6.0},{"not_picked":["Anger","Body Slam"],"picked":"Demon Form","floor":7.0},{"not_picked":["Body Slam","Heavy Blade"],"picked":"Warcry","floor":10.0},{"not_picked":["Fire Breathing","Hemokinesis","Cleave"],"picked":"SKIP","floor":13.0},{"not_picked":["Brutality","Thunderclap"],"picked":"Corruption","floor":14.0},{"not_picked":["Cleave","Headbutt"],"picked":"Ghostly Armor","floor":18.0},{"not_picked":["Rupture","Fire Breathing"],"picked":"Bloodletting","floor":20.0},{"not_picked":["Iron Wave","Clash","True Grit"],"picked":"SKIP","floor":22.0},{"not_picked":["Rampage","Headbutt+1"],"picked":"Spot Weakness","floor":23.0},{"not_picked":["Havoc","Flex","Infernal Blade","Anger"],"picked":"SKIP","floor":24.0},{"not_picked":["Inflame","Pummel+1","Havoc"],"picked":"Juggernaut","floor":27.0},{"not_picked":["Spot Weakness","Flex","Heavy Blade","True Grit"],"picked":"SKIP","floor":29.0},{"not_picked":["Double Tap","Headbutt","Armaments"],"picked":"Battle Trance","floor":31.0},{"not_picked":["Double Tap","Berserk","Fiend Fire"],"picked":"Offering","floor":33.0},{"not_picked":["Sword Boomerang","Headbutt+1","Body Slam+1","Rage"],"picked":"SKIP","floor":35.0},{"not_picked":["Warcry","Flex+1","Feed","Iron Wave"],"picked":"SKIP","floor":36.0},{"not_picked":["Searing Blow+1","Anger","Hemokinesis"],"picked":"Sentinel","floor":37.0},{"not_picked":["Wild Strike","Blood for Blood+1","Uppercut"],"picked":"True Grit+1","floor":41.0},{"not_picked":["Heavy Blade","Shrug It Off","Pommel Strike","Exhume"],"picked":"SKIP","floor":45},{"not_picked":["Iron Wave","Perfected Strike","Evolve","Headbutt"],"picked":"SKIP","floor":46},{"not_picked":["Cleave","Twin Strike","Flex+1","Shrug It Off"],"picked":"SKIP","floor":47},{"not_picked":["Twin Strike","Wild Strike","Sword Boomerang+1","Flex"],"picked":"SKIP","floor":48}],"player_experience":564136,"relics_obtained":[{"floor":6.0,"key":"Lantern"},{"floor":9.0,"key":"Ancient Tea Set"},{"floor":10.0,"key":"Whetstone"},{"floor":14.0,"key":"Dead Branch"},{"floor":23.0,"key":"Question Card"},{"floor":26.0,"key":"Potion Belt"},{"floor":27.0,"key":"Dream Catcher"},{"floor":29.0,"key":"War Paint"},{"floor":39.0,"key":"Mango"},{"floor":41.0,"key":"Dodecahedron"},{"floor":43.0,"key":"Anchor"},{"floor":45,"key":"MawBank"},{"floor":48,"key":"Self Forming Clay"}],"event_choices":[{"damage_healed":0.0,"max_hp_gain":0.0,"max_hp_loss":0.0,"gold_gain":0.0,"event_name":"Scrap Ooze","player_choice":"Success","floor":2.0,"gold_loss":0.0,"damage_taken":18.0,"relics_obtained":["Pen Nib"]},{"damage_healed":22.0,"max_hp_gain":0.0,"max_hp_loss":0.0,"gold_gain":0.0,"event_name":"Wheel of Change","player_choice":"Full Heal","floor":3.0,"gold_loss":0.0,"damage_taken":0.0},{"damage_healed":18.0,"max_hp_gain":0.0,"max_hp_loss":0.0,"gold_gain":0.0,"event_name":"The Cleric","player_choice":"Healed","floor":12.0,"gold_loss":35.0,"damage_taken":0.0},{"damage_healed":0.0,"max_hp_gain":0.0,"max_hp_loss":0.0,"gold_gain":0.0,"event_name":"Accursed Blacksmith","player_choice":"Forge","floor":19.0,"gold_loss":0.0,"damage_taken":0.0,"cards_upgraded":["Metallicize"]},{"damage_healed":0.0,"max_hp_gain":0.0,"max_hp_loss":0.0,"gold_gain":0.0,"event_name":"MindBloom","player_choice":"Fight","floor":39.0,"gold_loss":0.0,"damage_taken":0.0},{"cards_removed":["Strike_R"],"damage_healed":0.0,"max_hp_gain":0.0,"max_hp_loss":0.0,"gold_gain":0.0,"event_name":"Falling","player_choice":"Removed Attack","floor":44.0,"gold_loss":0.0,"damage_taken":0.0}],"is_beta":false,"boss_relics":[{"not_picked":["Tiny House","Lizard Tail"],"picked":"Fusion Hammer"},{"not_picked":["Astrolabe","Black Blood"],"picked":"Coffee Dripper"}],"items_purged_floors":[4,21],"is_endless":false,"potions_floor_spawned":[1,7,13,16,20,27,29,31,35,36,39,45],"ascension_level":19}