{"gold_per_floor":[114,114,133,152,208,208,246,265,265,265],"floor_reached":10,"playtime":1270,"items_purged":[],"score":143,"play_id":"19519d11-9a0d-4590-be9c-760aecdefd4e","local_time":"20190412215622","daily_mods":["Insanity","Red Cards","Elite Swarm"],"is_ascension_mode":false,"campfire_choices":[{"data":"Body Slam","floor":6.0,"key":"SMITH"}],"neow_cost":"","seed_source_timestamp":0,"circlet_count":0,"master_deck":["Ball Lightning","Sword Boomerang","Perfected Strike","Heavy Blade","Self Repair","Heavy Blade","Heatsinks","Defragment","Clothesline","Darkness","Shrug It Off","Turbo","Tempest","Anger","Sword Boomerang","Iron Wave","Clothesline","Searing Blow","Capacitor","Flame Barrier","Coolheaded","White Noise","Twin Strike","Clash","Go for the Eyes","Streamline","Clothesline","Cleave","Streamline","Stack","Cleave","Uppercut","Coolheaded","Steam","True Grit","Wild Strike","Stack","Blood for Blood","Sword Boomerang","Pommel Strike","Rage","Feel No Pain","Warcry","Pommel Strike","Scrape","Barrage","Disarm","Twin Strike","Skim","Clothesline","Chill","Injury","Body Slam+1","Disarm","Exhume","Perfected Strike"],"special_seed":17998,"relics":["Cracked Core","Golden Idol","Question Card","Singing Bowl"],"potions_floor_usage":[],"damage_taken":[{"damage":0.0,"enemies":"Jaw Worm","floor":1.0,"turns":2.0},{"damage":0.0,"enemies":"Small Slimes","floor":3.0,"turns":2.0},{"damage":0.0,"enemies":"2 Louse","floor":4.0,"turns":2.0},{"damage":31.0,"enemies":"Lagavulin","floor":7.0,"turns":6.0},{"damage":14.0,"enemies":"Exordium Wildlife","floor":8.0,"turns":5.0},{"damage":0,"enemies":"3 Sentries","floor":10,"turns":1}],"seed_played":"7783280218717275473","potions_obtained":[{"floor":8.0,"key":"Block Potion"}],"is_trial":false,"path_per_floor":["M","?","M","M","?","R","E","M","T","E"],"character_chosen":"DEFECT","items_purchased":[],"campfire_rested":0,"item_purchase_floors":[],"current_hp_per_floor":[75,75,75,75,75,75,44,37,37,37],"gold":265,"neow_bonus":"","is_prod":false,"is_daily":true,"chose_seed":false,"campfire_upgraded":1,"win_rate":0,"timestamp":1555120582,"path_taken":["M","?","M","M","?","R","E","M","T","E"],"build_version":"2019-04-04","purchased_purges":0,"victory":false,"max_hp_per_floor":[75,75,75,75,75,75,75,75,75,75],"card_choices":[{"not_picked":["Beam Cell","Thunderclap"],"picked":"Chill","floor":1.0},{"not_picked":["Rebound","Beam Cell"],"picked":"Body Slam","floor":3.0},{"not_picked":["Searing Blow","Twin Strike"],"picked":"Disarm","floor":4.0},{"not_picked":["Hyperbeam","Berserk"],"picked":"Exhume","floor":7.0},{"not_picked":["Rage","Clash","Go for the Eyes"],"picked":"Perfected Strike","floor":8.0}],"player_experience":787758,"relics_obtained":[{"floor":7.0,"key":"Question Card"},{"floor":9.0,"key":"Singing Bowl"}],"event_choices":[{"damage_healed":0.0,"max_hp_gain":0.0,"max_hp_loss":0.0,"gold_gain":0.0,"event_name":"Golden Idol","player_choice":"Take Wound","floor":2.0,"gold_loss":0.0,"damage_taken":0.0,"relics_obtained":["Golden Idol"],"cards_obtained":["Injury"]},{"damage_healed":0.0,"max_hp_gain":0.0,"max_hp_loss":0.0,"gold_gain":56.0,"event_name":"Golden Wing","player_choice":"Gained Gold","floor":5.0,"gold_loss":0.0,"damage_taken":0.0}],"is_beta":true,"boss_relics":[],"items_purged_floors":[],"is_endless":false,"potions_floor_spawned":[8],"killed_by":"3 Sentries","ascension_level":0}