{"gold_per_floor":[114,133,133,147,159,193,193,219,270,290,303,330,162,180,180,253,253,263,263,273,113,129,129,158,178,178,198,198,209,244,244,244,319,319,334,259,1258,813,813,813,848,261,261,278,306,306,335,345,345,345,345,345,345,59,87,87],"floor_reached":57,"playtime":1609,"items_purged":["Shame","Normality","Normality"],"score":2934,"play_id":"45c3a722-5b7f-46cd-9756-ee9a40112b81","local_time":"20190622170219","is_ascension_mode":true,"campfire_choices":[{"data":"Perfected Strike","floor":7.0,"key":"SMITH"},{"data":"Perfected Strike","floor":15.0,"key":"SMITH"},{"data":"Battle Trance","floor":23.0,"key":"SMITH"},{"data":"Perfected Strike","floor":28.0,"key":"SMITH"},{"floor":32.0,"key":"REST"},{"floor":40.0,"key":"RECALL"},{"data":"Perfected Strike","floor":46.0,"key":"SMITH"},{"data":"Perfected Strike","floor":49.0,"key":"SMITH"},{"floor":53.0,"key":"REST"}],"neow_cost":"NONE","seed_source_timestamp":945714493268611,"circlet_count":0,"master_deck":["AscendersBane","Strike_R","Strike_R","Strike_R","Strike_R","Strike_R","Defend_R+1","Defend_R","Defend_R","Defend_R","Bash","Perfected Strike+1","Pommel Strike","Twin Strike","Twin Strike","Perfected Strike+1","Flame Barrier","Battle Trance+1","Spot Weakness","Perfected Strike+1","Shockwave","Double Tap+1","True Grit","Necronomicurse","Disarm","Armaments+1","Perfected Strike+1","Perfected Strike+1","Impervious+1","True Grit+1","Warcry+1","Master of Strategy+1","Armaments+1","Warcry+1","Normality","Havoc+1","Discovery+1","Warcry+1"],"special_seed":0,"relics":["Burning Blood","Self Forming Clay","Odd Mushroom","Red Skull","Pen Nib","Cursed Key","Necronomicon","Strawberry","Ginger","Toxic Egg 2","Charon\u0027s Ashes","MutagenicStrength","Sozu","Mercury Hourglass","Boot","Membership Card","Pocketwatch","Question Card","Magic Flower","Pear","War Paint","Paper Frog"],"potions_floor_usage":[],"damage_taken":[{"damage":15.0,"enemies":"Small Slimes","floor":1.0,"turns":6.0},{"damage":19.0,"enemies":"Jaw Worm","floor":2.0,"turns":4.0},{"damage":7.0,"enemies":"2 Louse","floor":4.0,"turns":2.0},{"damage":7.0,"enemies":"Looter","floor":5.0,"turns":3.0},{"damage":35.0,"enemies":"Lagavulin","floor":6.0,"turns":6.0},{"damage":13.0,"enemies":"The Mushroom Lair","floor":8.0,"turns":4.0},{"damage":8.0,"enemies":"Blue Slaver","floor":10.0,"turns":2.0},{"damage":2.0,"enemies":"2 Fungi Beasts","floor":11.0,"turns":3.0},{"damage":0.0,"enemies":"Gremlin Nob","floor":12.0,"turns":2.0},{"damage":0.0,"enemies":"Looter","floor":14.0,"turns":1.0},{"damage":18.0,"enemies":"Hexaghost","floor":16.0,"turns":6.0},{"damage":27.0,"enemies":"Shell Parasite","floor":18.0,"turns":5.0},{"damage":6.0,"enemies":"3 Byrds","floor":20.0,"turns":3.0},{"damage":0.0,"enemies":"Shelled Parasite and Fungi","floor":22.0,"turns":3.0},{"damage":10.0,"enemies":"Slavers","floor":24.0,"turns":3.0},{"damage":0.0,"enemies":"Snake Plant","floor":25.0,"turns":1.0},{"damage":4.0,"enemies":"Centurion and Healer","floor":27.0,"turns":4.0},{"damage":7.0,"enemies":"Chosen and Byrds","floor":29.0,"turns":3.0},{"damage":17.0,"enemies":"Gremlin Leader","floor":30.0,"turns":3.0},{"damage":17.0,"enemies":"Automaton","floor":33.0,"turns":4.0},{"damage":2.0,"enemies":"3 Darklings","floor":35.0,"turns":3.0},{"damage":8.0,"enemies":"Giant Head","floor":41.0,"turns":4.0},{"damage":0.0,"enemies":"Orb Walker","floor":44.0,"turns":2.0},{"damage":8.0,"enemies":"Nemesis","floor":45.0,"turns":3.0},{"damage":11.0,"enemies":"Giant Head","floor":47.0,"turns":4.0},{"damage":8.0,"enemies":"Transient","floor":48.0,"turns":6.0},{"damage":58.0,"enemies":"Awakened One","floor":50.0,"turns":6.0},{"damage":19.0,"enemies":"Donu and Deca","floor":51.0,"turns":5.0},{"damage":25.0,"enemies":"Shield and Spear","floor":55.0,"turns":4.0},{"damage":78,"enemies":"The Heart","floor":56,"turns":8}],"seed_played":"-5478529210348322807","potions_obtained":[{"floor":4.0,"key":"SneckoOil"},{"floor":6.0,"key":"SkillPotion"},{"floor":11.0,"key":"Fire Potion"},{"floor":18.0,"key":"Fire Potion"},{"floor":20.0,"key":"Block Potion"},{"floor":25.0,"key":"Explosive Potion"},{"floor":27.0,"key":"Weak Potion"},{"floor":30.0,"key":"Explosive Potion"}],"is_trial":false,"path_per_floor":["M","M","?","M","M","E","R","?","T","M","M","E","$","M","R","B",null,"M","?","M","$","M","R","E","M","T","M","R","M","E","?","R","B",null,"M","$","?","$","?","R","E","$","T","M","E","R","E","M","R","B","B",null,"R","$","E","B",null],"character_chosen":"IRONCLAD","items_purchased":["Spot Weakness","Perfected Strike","Block Potion","Strawberry","Warcry+1","Mercury Hourglass","Membership Card","Pocketwatch","Master of Strategy+1","Armaments+1","Warcry+1","Pear","Havoc+1","Discovery+1","War Paint"],"campfire_rested":2,"item_purchase_floors":[13,13,13,21,38,38,42,42,42,42,42,54,54,54,54],"current_hp_per_floor":[66,53,53,52,51,22,22,15,15,13,17,23,23,29,29,17,66,45,24,24,31,37,37,33,39,39,41,41,40,29,29,55,44,78,82,82,82,82,82,82,80,80,80,85,83,83,78,79,79,30,20,69,85,95,79,10],"gold":87,"neow_bonus":"TEN_PERCENT_HP_BONUS","is_prod":false,"is_daily":false,"chose_seed":false,"campfire_upgraded":6,"win_rate":0,"timestamp":1561248139,"path_taken":["M","M","?","M","M","E","R","?","T","M","M","E","?","M","R","BOSS","M","?","M","$","M","R","E","M","T","M","R","M","E","?","R","BOSS","M","$","?","$","?","R","E","$","T","M","E","R","E","M","R","BOSS","BOSS","R","$","E","BOSS"],"build_version":"2019-01-23","purchased_purges":3,"victory":true,"max_hp_per_floor":[82,82,82,82,82,82,82,82,82,82,82,82,82,82,82,82,82,82,82,82,89,89,89,89,89,89,89,89,89,89,89,89,89,89,89,89,89,89,85,85,85,85,85,85,85,85,85,85,85,85,85,85,85,95,95,95],"card_choices":[{"not_picked":["Heavy Blade","Bloodletting"],"picked":"Perfected Strike","floor":1.0},{"not_picked":["Seeing Red","Thunderclap"],"picked":"Pommel Strike","floor":2.0},{"not_picked":["Thunderclap","Cleave"],"picked":"Twin Strike","floor":4.0},{"not_picked":["Heavy Blade","Thunderclap"],"picked":"Twin Strike","floor":5.0},{"not_picked":["Inflame","Intimidate"],"picked":"Perfected Strike","floor":6.0},{"not_picked":["Combust","Sword Boomerang"],"picked":"Flame Barrier","floor":10.0},{"not_picked":["Corruption","Juggernaut","Rampage"],"picked":"SKIP","floor":11.0},{"not_picked":["Body Slam","Clothesline"],"picked":"Battle Trance","floor":12.0},{"not_picked":["Cleave","Flex"],"picked":"Shockwave","floor":14.0},{"not_picked":["Immolate","Dark Embrace"],"picked":"Double Tap","floor":16.0},{"not_picked":["Twin Strike","Rupture"],"picked":"True Grit","floor":18.0},{"not_picked":["Metallicize","Warcry","Flex"],"picked":"SKIP","floor":20.0},{"not_picked":["Warcry","Corruption","Sword Boomerang"],"picked":"SKIP","floor":22.0},{"not_picked":["Rage","Warcry"],"picked":"Disarm","floor":24.0},{"not_picked":["Feel No Pain","Flex","Armaments"],"picked":"SKIP","floor":25.0},{"not_picked":["Rampage","Pommel Strike"],"picked":"Armaments+1","floor":27.0},{"not_picked":["Twin Strike","Havoc+1"],"picked":"Perfected Strike","floor":29.0},{"not_picked":["Reckless Charge","Bludgeon"],"picked":"Perfected Strike","floor":30.0},{"not_picked":["Berserk","Feed"],"picked":"Impervious+1","floor":33.0},{"not_picked":["Clothesline","Twin Strike"],"picked":"True Grit+1","floor":35.0},{"not_picked":["Fire Breathing","Second Wind+1","Cleave"],"picked":"SKIP","floor":41.0},{"not_picked":["Wild Strike+1","Uppercut","Flex+1"],"picked":"SKIP","floor":44.0},{"not_picked":["Clash","Heavy Blade+1","Clothesline"],"picked":"SKIP","floor":45.0},{"not_picked":["Clothesline","Flex+1","Sword Boomerang+1","Cleave"],"picked":"SKIP","floor":47.0},{"not_picked":["Rupture","Clothesline","Anger+1","Combust"],"picked":"SKIP","floor":48.0},{"not_picked":["Shockwave+1","Brutality","Feel No Pain"],"picked":"Warcry+1","floor":55.0}],"player_experience":806213,"relics_obtained":[{"floor":6.0,"key":"Self Forming Clay"},{"floor":8.0,"key":"Odd Mushroom"},{"floor":9.0,"key":"Red Skull"},{"floor":12.0,"key":"Pen Nib"},{"floor":19.0,"key":"Necronomicon"},{"floor":24.0,"key":"Ginger"},{"floor":26.0,"key":"Toxic Egg 2"},{"floor":30.0,"key":"Charon\u0027s Ashes"},{"floor":41.0,"key":"Boot"},{"floor":45.0,"key":"Question Card"},{"floor":47.0,"key":"Magic Flower"},{"floor":55.0,"key":"Paper Frog"}],"event_choices":[{"damage_healed":0.0,"max_hp_gain":0.0,"max_hp_loss":0.0,"gold_gain":0.0,"event_name":"Liars Game","player_choice":"Ignored","floor":3.0,"gold_loss":0.0,"damage_taken":0.0},{"damage_healed":0.0,"max_hp_gain":0.0,"max_hp_loss":0.0,"gold_gain":0.0,"event_name":"Mushrooms","player_choice":"Fought Mushrooms","floor":8.0,"gold_loss":0.0,"damage_taken":0.0},{"damage_healed":0.0,"max_hp_gain":0.0,"max_hp_loss":0.0,"gold_gain":0.0,"event_name":"Cursed Tome","player_choice":"Obtained Book","floor":19.0,"gold_loss":0.0,"damage_taken":21.0},{"damage_healed":0.0,"max_hp_gain":0.0,"max_hp_loss":0.0,"gold_gain":0.0,"event_name":"Drug Dealer","player_choice":"Inject Mutagens","floor":31.0,"gold_loss":0.0,"damage_taken":0.0,"relics_obtained":["MutagenicStrength"]},{"damage_healed":0.0,"max_hp_gain":0.0,"max_hp_loss":0.0,"gold_gain":999.0,"event_name":"MindBloom","player_choice":"Gold","floor":37.0,"gold_loss":0.0,"damage_taken":0.0,"cards_obtained":["Normality","Normality"]},{"damage_healed":0.0,"max_hp_gain":0.0,"max_hp_loss":4.0,"gold_gain":0.0,"event_name":"Winding Halls","player_choice":"Max HP","floor":39.0,"gold_loss":0.0,"damage_taken":0.0}],"is_beta":false,"boss_relics":[{"not_picked":["Black Blood","Lizard Tail"],"picked":"Cursed Key"},{"not_picked":["Runic Cube","Calling Bell"],"picked":"Sozu"}],"items_purged_floors":[36,38,42],"is_endless":false,"potions_floor_spawned":[4,6,11,14,18,20,25,27,30,44,47,55],"ascension_level":20}