{"path_per_floor":["M","$","M","M","?","R","M","M","T","M","?","M","?","M","R","B",null,"M","$","?","$","M","R"],"character_chosen":"IRONCLAD","items_purchased":["Anchor","Paper Frog","Thunderclap"],"gold_per_floor":[366,140,159,174,174,174,187,202,202,215,244,262,262,276,276,372,372,383,123,123,78,91,91,91],"floor_reached":24,"campfire_rested":1,"playtime":1205,"current_hp_per_floor":[77,77,80,80,64,64,65,55,55,60,61,67,67,73,73,55,80,64,64,48,48,24,48,0],"items_purged":["Pain"],"gold":91,"score":190,"play_id":"f50ee20a-4a50-4ecb-b0fc-3a32ece83f9e","local_time":"20180426132347","is_prod":false,"is_daily":false,"chose_seed":false,"is_ascension_mode":false,"campfire_upgraded":2,"timestamp":1524763427,"path_taken":["M","$","M","M","?","R","M","M","T","M","?","M","?","M","R","BOSS","M","$","?","$","M","R","E"],"build_version":"2018-04-19","seed_source_timestamp":933493952035384,"purchased_purges":1,"victory":false,"master_deck":["Strike_R","Strike_R","Strike_R+1","Strike_R","Strike_R","Defend_R","Defend_R+1","Defend_R","Defend_R","Bash","Iron Wave","Cleave+1","Seeing Red","Carnage+1","Rampage+1","Dropkick","Limit Break","Seeing Red","Clash","Clash","Thunderclap","Thunderclap"],"max_hp_per_floor":[80,80,80,80,80,80,80,80,80,80,80,80,80,80,80,80,80,80,80,80,80,80,80,80],"relics":["Burning Blood","Anchor","Omamori","Odd Mushroom","Orrery","Paper Frog","Nilry\u0027s Codex"],"card_choices":[{"not_picked":["Anger","Pummel"],"picked":"Iron Wave","floor":3},{"not_picked":["Heavy Blade","Combust"],"picked":"Cleave","floor":4},{"not_picked":["Shrug It Off","Sword Boomerang"],"picked":"Seeing Red","floor":7},{"not_picked":["Burning Pact","Anger"],"picked":"Carnage","floor":8},{"not_picked":["True Grit","Anger"],"picked":"Rampage","floor":10},{"not_picked":["Brutality","Iron Wave"],"picked":"Dropkick","floor":11},{"not_picked":["Bludgeon","Impervious"],"picked":"Limit Break","floor":16},{"not_picked":["Anger","Whirlwind"],"picked":"Seeing Red","floor":17},{"not_picked":["Headbutt","Wild Strike"],"picked":"Clash","floor":17},{"not_picked":["Power Through","Headbutt"],"picked":"Clash","floor":17},{"not_picked":["Clothesline","Wild Strike"],"picked":"Thunderclap","floor":18}],"player_experience":762633,"potions_floor_usage":[3,4,10,11,14,22,22],"damage_taken":[{"damage":9,"enemies":"Small Slimes","floor":1,"turns":3},{"damage":1,"enemies":"Jaw Worm","floor":3,"turns":2},{"damage":0,"enemies":"2 Louse","floor":4,"turns":2},{"damage":5,"enemies":"Large Slime","floor":7,"turns":6},{"damage":16,"enemies":"Exordium Wildlife","floor":8,"turns":5},{"damage":1,"enemies":"2 Fungi Beasts","floor":10,"turns":3},{"damage":5,"enemies":"The Mushroom Lair","floor":11,"turns":4},{"damage":0,"enemies":"3 Louse","floor":12,"turns":3},{"damage":0,"enemies":"Looter","floor":14,"turns":1},{"damage":24,"enemies":"Slime Boss","floor":16,"turns":8},{"damage":22,"enemies":"Shell Parasite","floor":18,"turns":5},{"damage":30,"enemies":"Spheric Guardian","floor":22,"turns":4},{"damage":60,"enemies":"Gremlin Leader","floor":24,"turns":7}],"event_choices":[{"event_name":"Shining Light","player_choice":"Entered Light","floor":5,"damage_taken":0},{"event_name":"Mushrooms","player_choice":"Fought Mushrooms","floor":11,"damage_taken":0},{"event_name":"Living Wall","player_choice":"Grow","floor":13,"damage_taken":0},{"event_name":"Cursed Tome","player_choice":"Obtained Book","floor":20,"damage_taken":0}],"boss_relics":[{"not_picked":["Cursed Key","Pandora\u0027s Box"],"picked":"Orrery"}],"potions_floor_spawned":[1,3,8,10,11,16,18,22],"seed_played":"9151981084940956304","killed_by":"Gremlin Leader","ascension_level":0,"is_trial":false}