{"gold_per_floor":[368,10,26,26,39,66,66,78,157,157,177,205,205,205,205,309,359,373,373,385,401,30,30,41,99,99,99,24,24,24,42,42,146,146,162,162,162,176,0,34,34,34,60,107,107,125,125,142,142,142],"floor_reached":51,"playtime":5597,"items_purged":["Regret"],"score":728,"play_id":"801ce8b0-e7b4-478b-89e1-6cf5aaaf8a67","local_time":"20190706165255","is_ascension_mode":false,"campfire_choices":[{"data":"Genetic Algorithm","floor":7,"key":"SMITH"},{"floor":10,"key":"REST"},{"floor":13,"key":"REST"},{"floor":15,"key":"REST"},{"floor":23,"key":"REST"},{"data":"Defragment","floor":32,"key":"SMITH"},{"floor":45,"key":"REST"},{"data":"1","floor":47,"key":"LIFT"},{"data":"2","floor":49,"key":"LIFT"}],"neow_cost":"CURSE","seed_source_timestamp":882550254589340,"circlet_count":0,"master_deck":["Strike_B+1","Strike_B+1","Defend_B+1","Defend_B+1","Defend_B+1","Defend_B+1","Zap+1","Dualcast+1","Hologram+1","Ball Lightning+1","Cold Snap+1","Stack+1","Genetic Algorithm+1","Turbo+1","Chill+1","Conserve Battery+1","Fission+1","Genetic Algorithm+1","Hologram+1","Sunder+1","Sunder+1","Ball Lightning+1","Hello World+1","Defragment+1","Seek+1","Cold Snap+1","Machine Learning+1","Heatsinks+1","Madness+1","Madness","Barrage+1","Hologram+1","Leap+1","Reinforced Body+1","Gash+1"],"relics":["Cracked Core","Calipers","Thread and Needle","Centennial Puzzle","Ornamental Fan","Cables","Tiny House","Anchor","Ancient Tea Set","Tiny Chest","Whetstone","Peace Pipe","Eternal Feather","Mark of the Bloom","Red Mask","Girya","Pantograph","War Paint","Gambling Chip"],"potions_floor_usage":[16,16,16,25,33,33,40,50,50,50],"damage_taken":[{"damage":10,"enemies":"Jaw Worm","floor":1,"turns":3},{"damage":2,"enemies":"2 Louse","floor":3,"turns":3},{"damage":0,"enemies":"Cultist","floor":5,"turns":3},{"damage":22,"enemies":"Gremlin Nob","floor":6,"turns":4},{"damage":30,"enemies":"Lots of Slimes","floor":8,"turns":6},{"damage":2,"enemies":"3 Louse","floor":11,"turns":4},{"damage":16,"enemies":"Lagavulin","floor":12,"turns":8},{"damage":12,"enemies":"Slime Boss","floor":16,"turns":11},{"damage":10,"enemies":"Spheric Guardian","floor":18,"turns":4},{"damage":3,"enemies":"Chosen","floor":20,"turns":7},{"damage":22,"enemies":"Snecko","floor":21,"turns":6},{"damage":0,"enemies":"Snake Plant","floor":24,"turns":7},{"damage":4,"enemies":"Book of Stabbing","floor":25,"turns":7},{"damage":6,"enemies":"Shelled Parasite and Fungi","floor":31,"turns":12},{"damage":27,"enemies":"Collector","floor":33,"turns":16},{"damage":0,"enemies":"3 Shapes","floor":35,"turns":5},{"damage":1,"enemies":"3 Darklings","floor":38,"turns":8},{"damage":31,"enemies":"Giant Head","floor":40,"turns":13},{"damage":3,"enemies":"2 Orb Walkers","floor":44,"turns":5},{"damage":0,"enemies":"Jaw Worm Horde","floor":46,"turns":7},{"damage":0,"enemies":"Spire Growth","floor":48,"turns":6},{"damage":12,"enemies":"Time Eater","floor":50,"turns":18}],"seed_played":"5009816401240477403","potions_obtained":[{"floor":5,"key":"LiquidBronze"},{"floor":8,"key":"Explosive Potion"},{"floor":11,"key":"Explosive Potion"},{"floor":17,"key":"Dexterity Potion"},{"floor":20,"key":"Poison Potion"},{"floor":21,"key":"Block Potion"},{"floor":33,"key":"EssenceOfSteel"},{"floor":38,"key":"Explosive Potion"},{"floor":40,"key":"FearPotion"},{"floor":44,"key":"FearPotion"}],"is_trial":false,"path_per_floor":["M","$","M","?","M","E","R","M","T","R","M","E","R","?","R","B",null,"M","?","M","M","$","R","M","E","T","?","?","?","?","M","R","B",null,"M","?","?","M","?","E","$","T","T","?","R","M","R","M","R","B",null],"character_chosen":"DEFECT","items_purchased":["Calipers","Ball Lightning","Anchor","Ancient Tea Set"],"campfire_rested":5,"item_purchase_floors":[2,2,22,22],"current_hp_per_floor":[65,65,63,56,56,34,34,4,4,26,24,8,30,30,52,40,80,70,70,67,45,45,69,69,65,65,65,65,65,50,44,44,17,85,85,85,74,73,73,42,42,42,42,39,39,39,39,39,39,27],"gold":142,"neow_bonus":"TWO_FIFTY_GOLD","is_prod":false,"is_daily":false,"chose_seed":false,"campfire_upgraded":2,"win_rate":0.0,"timestamp":1562446375,"path_taken":["M","$","M","?","M","E","R","M","T","R","M","E","R","?","R","BOSS","M","?","?","M","$","R","?","E","T","?","?","?","?","?","R","BOSS","M","?","?","M","?","E","?","?","T","?","R","M","R","M","R","BOSS"],"build_version":"2019-07-05","purchased_purges":1,"victory":true,"max_hp_per_floor":[75,75,75,75,75,75,75,75,75,75,75,75,75,75,75,75,80,80,80,80,80,80,80,80,80,80,80,80,80,85,85,85,85,85,85,85,85,85,85,85,85,85,85,85,85,85,85,85,85,85],"card_choices":[{"not_picked":["Streamline","Leap"],"picked":"Hologram","floor":1},{"not_picked":["Turbo","Force Field"],"picked":"Cold Snap","floor":3},{"not_picked":["Rebound","Rip and Tear"],"picked":"Stack","floor":5},{"not_picked":["Echo Form","Storm"],"picked":"Genetic Algorithm","floor":6},{"not_picked":["Rebound","Chaos"],"picked":"Turbo","floor":8},{"not_picked":["Capacitor","Conserve Battery"],"picked":"Chill","floor":11},{"not_picked":["Genetic Algorithm","Aggregate"],"picked":"Conserve Battery","floor":12},{"not_picked":["Reboot","Machine Learning"],"picked":"Fission","floor":16},{"not_picked":["Conserve Battery","Turbo"],"picked":"Genetic Algorithm","floor":17},{"not_picked":["Sweeping Beam+1","Ball Lightning+1"],"picked":"Hologram","floor":18},{"not_picked":["Sweeping Beam","Steam"],"picked":"Sunder","floor":20},{"not_picked":["Sweeping Beam+1","Steam"],"picked":"Sunder","floor":21},{"not_picked":["Static Discharge","Fusion"],"picked":"Ball Lightning+1","floor":24},{"not_picked":["Amplify","Sweeping Beam"],"picked":"Hello World","floor":25},{"not_picked":["Ball Lightning","Redo"],"picked":"Cold Snap","floor":31},{"not_picked":["Creative AI","Reboot"],"picked":"Machine Learning","floor":33},{"not_picked":["Chaos+1","Rebound+1"],"picked":"Heatsinks+1","floor":35},{"not_picked":["Sweeping Beam+1","Sunder"],"picked":"Barrage+1","floor":38},{"not_picked":["Beam Cell+1","Hello World"],"picked":"Hologram","floor":40},{"not_picked":["Sunder","Rip and Tear"],"picked":"Leap+1","floor":44},{"not_picked":["Echo Form","Gash+1"],"picked":"Reinforced Body+1","floor":46},{"not_picked":["Cold Snap","Hologram"],"picked":"Gash+1","floor":48}],"player_experience":70595,"relics_obtained":[{"floor":6,"key":"Centennial Puzzle"},{"floor":9,"key":"Ornamental Fan"},{"floor":12,"key":"Cables"},{"floor":25,"key":"Tiny Chest"},{"floor":26,"key":"Whetstone"},{"floor":40,"key":"Girya"},{"floor":42,"key":"Pantograph"},{"floor":43,"key":"War Paint"},{"floor":44,"key":"Gambling Chip"}],"event_choices":[{"damage_healed":0,"gold_gain":0,"player_choice":"Success","damage_taken":7,"relics_obtained":["Thread and Needle"],"max_hp_gain":0,"max_hp_loss":0,"event_name":"Scrap Ooze","floor":4,"gold_loss":0},{"damage_healed":0,"gold_gain":0,"player_choice":"Grow","damage_taken":0,"max_hp_gain":0,"max_hp_loss":0,"event_name":"Living Wall","floor":14,"gold_loss":0,"cards_upgraded":["Conserve Battery"]},{"damage_healed":0,"gold_gain":0,"player_choice":"Upgraded","damage_taken":0,"max_hp_gain":0,"max_hp_loss":0,"event_name":"Upgrade Shrine","floor":19,"gold_loss":0,"cards_upgraded":["Hologram"]},{"damage_healed":0,"gold_gain":0,"player_choice":"Stole Relic","damage_taken":0,"relics_obtained":["Peace Pipe"],"max_hp_gain":0,"max_hp_loss":0,"event_name":"Addict","floor":27,"gold_loss":0,"cards_obtained":["Shame"]},{"cards_removed":["Shame"],"damage_healed":0,"gold_gain":0,"player_choice":"Gave Gold","damage_taken":0,"max_hp_gain":0,"max_hp_loss":0,"event_name":"Beggar","floor":28,"gold_loss":75},{"damage_healed":0,"gold_gain":0,"cards_transformed":["Strike_B","Strike_B"],"player_choice":"Became Test Subject","damage_taken":0,"max_hp_gain":0,"max_hp_loss":0,"event_name":"Drug Dealer","floor":29,"gold_loss":0,"cards_obtained":["Defragment","Seek"]},{"damage_healed":0,"gold_gain":0,"player_choice":"Shed Blood","damage_taken":20,"max_hp_gain":5,"max_hp_loss":0,"event_name":"Forgotten Altar","floor":30,"gold_loss":0},{"damage_healed":0,"gold_gain":0,"player_choice":"Upgrade","damage_taken":0,"relics_obtained":["Mark of the Bloom"],"max_hp_gain":0,"max_hp_loss":0,"event_name":"MindBloom","floor":36,"gold_loss":0,"cards_upgraded":["Defend_B","Defend_B","Defend_B","Defend_B","Zap","Dualcast","Ball Lightning","Cold Snap","Stack","Turbo","Chill","Fission","Genetic Algorithm","Hologram","Sunder","Hello World","Seek","Cold Snap","Machine Learning"]},{"damage_healed":0,"gold_gain":0,"player_choice":"Embrace Madness","damage_taken":11,"max_hp_gain":0,"max_hp_loss":0,"event_name":"Winding Halls","floor":37,"gold_loss":0,"cards_obtained":["Madness","Madness"]},{"damage_healed":0,"gold_gain":0,"player_choice":"Paid","damage_taken":0,"relics_obtained":["Red Mask"],"max_hp_gain":0,"max_hp_loss":0,"event_name":"Tomb of Lord Red Mask","floor":39,"gold_loss":176},{"damage_healed":0,"gold_gain":0,"player_choice":"Fight","damage_taken":0,"max_hp_gain":0,"max_hp_loss":0,"event_name":"Mysterious Sphere","floor":44,"gold_loss":0}],"is_beta":false,"boss_relics":[{"not_picked":["Philosopher\u0027s Stone","Velvet Choker"],"picked":"Tiny House"},{"not_picked":["Nuclear Battery","Snecko Eye"],"picked":"Eternal Feather"}],"items_purged_floors":[22],"is_endless":false,"potions_floor_spawned":[5,8,11,20,21,24,33,38,40,44,46],"ascension_level":0}