{"gold_per_floor":[114,134,149,164,181,181,197,210,256,282,254,254,254,14,14,14],"floor_reached":16,"playtime":688,"items_purged":[],"score":148,"play_id":"d8e17113-b8b8-4f85-9f1b-ffa4d4efd488","local_time":"20180705054845","is_ascension_mode":true,"campfire_choices":[{"data":"Defragment","floor":6,"key":"SMITH"},{"floor":15,"key":"REST"}],"neow_cost":"NONE","seed_source_timestamp":280782500518781,"circlet_count":0,"master_deck":["Strike_B","Strike_B","Strike_B","Strike_B","Defend_B","Defend_B","Defend_B","Defend_B","Zap","Dualcast","Skim","Turbo","Defragment+1","Steam Power","Compile Driver","Reinforced Body","Conserve Battery","Doom and Gloom","Capacitor","Recycle","Decay"],"relics":["Cracked Core","Potion Belt","Du-Vu Doll","Toxic Egg 2"],"potions_floor_usage":[2,4,5,7,11,12,12],"damage_taken":[{"damage":1,"enemies":"Cultist","floor":1,"turns":3},{"damage":2,"enemies":"Small Slimes","floor":2,"turns":3},{"damage":0,"enemies":"2 Louse","floor":3,"turns":2},{"damage":0,"enemies":"Blue Slaver","floor":4,"turns":4},{"damage":15,"enemies":"Exordium Thugs","floor":5,"turns":5},{"damage":20,"enemies":"Lots of Slimes","floor":7,"turns":6},{"damage":0,"enemies":"Exordium Wildlife","floor":8,"turns":3},{"damage":25,"enemies":"3 Sentries","floor":10,"turns":5},{"damage":20,"enemies":"Exordium Thugs","floor":11,"turns":5},{"damage":0,"enemies":"Gremlin Nob","floor":12,"turns":2},{"damage":35,"enemies":"Slime Boss","floor":16,"turns":3}],"seed_played":"8203258576947532285","potions_obtained":[{"floor":1,"key":"EntropicBrew"},{"floor":5,"key":"PowerPotion"},{"floor":10,"key":"Regen Potion"},{"floor":11,"key":"SneckoOil"}],"is_trial":false,"path_per_floor":["M","M","M","M","M","R","M","M","T","E","M","E","?","$","R"],"character_chosen":"DEFECT","items_purchased":["Toxic Egg 2"],"campfire_rested":1,"item_purchase_floors":[14],"current_hp_per_floor":[74,72,72,72,57,57,37,37,37,12,7,7,7,7,29,0],"gold":14,"neow_bonus":"THREE_CARDS","is_prod":false,"is_daily":false,"chose_seed":false,"campfire_upgraded":1,"win_rate":0,"timestamp":1530784125,"path_taken":["M","M","M","M","M","R","M","M","T","E","M","E","?","$","R","BOSS"],"build_version":"2018-07-04","purchased_purges":0,"victory":false,"max_hp_per_floor":[75,75,75,75,75,75,75,75,75,75,75,75,75,75,75,75],"card_choices":[{"not_picked":["Steam","Hello World"],"picked":"Skim","floor":0},{"not_picked":["Steam","Conserve Battery"],"picked":"Turbo","floor":1},{"not_picked":["Storm","Undo"],"picked":"Defragment","floor":2},{"not_picked":["Rebound","Barrage"],"picked":"Steam Power","floor":3},{"not_picked":["Rebound","Leap"],"picked":"Compile Driver","floor":4},{"not_picked":["Stack","Streamline"],"picked":"Reinforced Body","floor":5},{"not_picked":["Cold Snap","Beam Cell"],"picked":"Conserve Battery","floor":7},{"not_picked":["Turbo","Beam Cell"],"picked":"Doom and Gloom","floor":8},{"not_picked":["Cold Snap","Hologram"],"picked":"Capacitor","floor":10},{"not_picked":["Undo","Rebound"],"picked":"Recycle","floor":11}],"player_experience":389467,"relics_obtained":[{"floor":9,"key":"Potion Belt"},{"floor":10,"key":"Du-Vu Doll"}],"event_choices":[{"event_name":"Wheel of Change","player_choice":"Curse","floor":13,"damage_taken":0}],"boss_relics":[],"items_purged_floors":[],"is_endless":false,"potions_floor_spawned":[1,5,10,11,12],"killed_by":"Slime Boss","ascension_level":1}