{"path_per_floor":["M","M","M","M","?","R","M","M","T","?","M","E","$","$","R","B",null,"M","?","$","?","$","E","?","R","T","$","M","M","R","M","R"],"character_chosen":"IRONCLAD","items_purchased":["Darkstone Periapt","Shrug It Off","Reckless Charge","Fire Potion","Evolve","Headbutt"],"gold_per_floor":[210,225,235,245,420,420,431,448,448,448,460,489,231,59,59,162,162,142,142,142,142,24,57,57,57,108,8,18,37,37,55,55],"floor_reached":33,"campfire_rested":2,"playtime":1409,"current_hp_per_floor":[80,80,80,80,80,80,80,68,68,80,80,65,65,65,65,51,105,90,90,90,90,90,35,35,81,81,81,65,53,99,85,85],"items_purged":["Defend_R","Defend_R"],"gold":55,"score":392,"play_id":"0388e82a-0de4-49ce-bb68-a4ecf6512ae1","local_time":"20180304155843","is_prod":false,"is_daily":false,"is_ascension_mode":false,"campfire_upgraded":3,"timestamp":1520197123,"path_taken":["M","M","M","M","?","R","?","M","T","?","M","E","?","$","R","BOSS","M","?","$","?","$","E","?","R","T","?","M","M","R","M","R","BOSS"],"build_version":"2018-03-01-PROD1","purchased_purges":2,"victory":false,"master_deck":["Strike_R","Strike_R","Strike_R","Strike_R","Strike_R","Defend_R","Defend_R","Bash","Reckless Charge","Ghostly Armor","Flame Barrier+1","Flex","Doubt","Fire Breathing","Fiend Fire+1","Parasite","Carnage","Pummel","Shrug It Off","Reckless Charge","Immolate","Doubt","Writhe","Regret","Flex","Immolate","Evolve","Battle Trance","Headbutt","Heavy Blade+1","Fiend Fire+1","Reckless Charge+1"],"max_hp_per_floor":[80,80,80,80,80,80,80,80,80,80,80,80,80,80,80,80,105,105,105,105,105,105,105,105,105,105,105,105,105,105,105,105],"relics":["Burning Blood","Bag of Marbles","Smiling Mask","Darkstone Periapt","Calling Bell","Strawberry","Blue Candle","Regal Pillow","Happy Flower","Pen Nib"],"card_choices":[{"not_picked":["Iron Wave","Sword Boomerang"],"picked":"Reckless Charge"},{"not_picked":["Heavy Blade","Shrug It Off"],"picked":"Ghostly Armor"},{"not_picked":["Dropkick","Armaments"],"picked":"Flame Barrier"},{"not_picked":["Pommel Strike","Sentinel"],"picked":"Flex"},{"not_picked":["Sword Boomerang","Perfected Strike"],"picked":"Fire Breathing"},{"not_picked":["Iron Wave","Metallicize"],"picked":"Fiend Fire"},{"not_picked":["Flex","Wild Strike"],"picked":"Carnage"},{"not_picked":["Dropkick","True Grit"],"picked":"Pummel"},{"not_picked":["Dark Embrace","Offering"],"picked":"Immolate"},{"not_picked":["Pommel Strike","Burning Pact"],"picked":"Flex"},{"not_picked":["Corruption","Warcry"],"picked":"Battle Trance"},{"not_picked":["Clothesline","Flex"],"picked":"Heavy Blade"},{"not_picked":["Shockwave","Shrug It Off"],"picked":"Fiend Fire"},{"not_picked":["Pummel","Body Slam"],"picked":"Reckless Charge"}],"player_experience":239588,"potions_floor_usage":[8,16,16,23,23,29,29,33],"damage_taken":[{"damage":5,"enemies":"2 Louse","floor":1,"turns":2},{"damage":6,"enemies":"Jaw Worm","floor":2,"turns":3},{"damage":4,"enemies":"Cultist","floor":3,"turns":3},{"damage":3,"enemies":"Red Slaver","floor":4,"turns":3},{"damage":0,"enemies":"Large Slime","floor":7,"turns":7},{"damage":18,"enemies":"Blue Slaver","floor":8,"turns":3},{"damage":0,"enemies":"Looter","floor":11,"turns":4},{"damage":21,"enemies":"Lagavulin","floor":12,"turns":5},{"damage":20,"enemies":"Slime Boss","floor":16,"turns":10},{"damage":21,"enemies":"2 Thieves","floor":18,"turns":4},{"damage":61,"enemies":"Slavers","floor":23,"turns":7},{"damage":22,"enemies":"Chosen","floor":28,"turns":4},{"damage":21,"enemies":"Snake Plant","floor":29,"turns":2},{"damage":20,"enemies":"Snecko","floor":31,"turns":4},{"damage":112,"enemies":"Champ","floor":33,"turns":9}],"event_choices":[{"event_name":"Liars Game","player_choice":"agreed","floor":5,"damage_taken":0},{"event_name":"Mushrooms","player_choice":"Healed and dodged fight","floor":10,"damage_taken":0},{"event_name":"Duplicator","player_choice":"One dupe","floor":19,"damage_taken":0},{"event_name":"Beggar","player_choice":"Ignored","floor":21,"damage_taken":0},{"event_name":"Drug Dealer","player_choice":"Ignored","floor":24,"damage_taken":0}],"boss_relics":[{"not_picked":["Cursed Key","Pandora\u0027s Box"],"picked":"Calling Bell"}],"potions_floor_spawned":[1,3,7,8,12,23,28,29],"seed_played":"-6483089738284100376","killed_by":"Champ","ascension_level":0,"is_trial":false}