{"gold_per_floor":[111,131,131,147,7,38,38,53,53,71,99,126,144,154,154,252,252,265,282,282,307,327,359,359,369,369,381,7,7,7,40,40,40],"floor_reached":33,"playtime":1339,"items_purged":[],"score":424,"play_id":"0e61f241-428f-495c-989b-7f23bef8bc11","local_time":"20190530035913","is_ascension_mode":true,"campfire_choices":[{"floor":7,"key":"REST"},{"floor":15,"key":"REST"},{"floor":24,"key":"REST"},{"floor":30,"key":"REST"},{"floor":32,"key":"REST"}],"neow_cost":"CURSE","seed_source_timestamp":727504081469300,"circlet_count":0,"master_deck":["Strike_R","Strike_R","Strike_R","Strike_R","Strike_R","Defend_R","Defend_R","Defend_R","Defend_R","Bash","Normality","Limit Break","Uppercut","Infernal Blade","Decay","Seeing Red","Burning Pact","Disarm","Headbutt","Rampage","Shockwave","Dropkick","Wild Strike","Iron Wave","Limit Break","Pommel Strike","Flex","RitualDagger","Clothesline","Reaper","Dropkick","Dual Wield+1","Clumsy","Searing Blow+1","Dropkick","Dropkick"],"relics":["Burning Blood","Smiling Mask","Vajra","Letter Opener","Red Skull","Cursed Key","Red Mask","Gremlin Horn","Frozen Egg 2","Mango","Omamori"],"potions_floor_usage":[4,8,14,16,18,25,27,29,33],"damage_taken":[{"damage":6,"enemies":"Cultist","floor":1,"turns":4},{"damage":3,"enemies":"2 Louse","floor":2,"turns":3},{"damage":12,"enemies":"Jaw Worm","floor":4,"turns":2},{"damage":60,"enemies":"3 Sentries","floor":6,"turns":10},{"damage":3,"enemies":"Exordium Wildlife","floor":8,"turns":3},{"damage":21,"enemies":"Large Slime","floor":10,"turns":6},{"damage":26,"enemies":"Gremlin Nob","floor":11,"turns":4},{"damage":0,"enemies":"2 Fungi Beasts","floor":13,"turns":2},{"damage":5,"enemies":"Exordium Wildlife","floor":14,"turns":2},{"damage":36,"enemies":"Hexaghost","floor":16,"turns":8},{"damage":32,"enemies":"2 Thieves","floor":18,"turns":4},{"damage":8,"enemies":"Chosen","floor":19,"turns":3},{"damage":10,"enemies":"Masked Bandits","floor":21,"turns":3},{"damage":8,"enemies":"Snecko","floor":22,"turns":4},{"damage":32,"enemies":"Gremlin Leader","floor":23,"turns":6},{"damage":46,"enemies":"Cultist and Chosen","floor":25,"turns":5},{"damage":16,"enemies":"Shelled Parasite and Fungi","floor":27,"turns":3},{"damage":19,"enemies":"Colosseum Slavers","floor":29,"turns":2},{"damage":40,"enemies":"Slavers","floor":31,"turns":3},{"damage":62,"enemies":"Champ","floor":33,"turns":7}],"seed_played":"-2826944446484559783","potions_obtained":[{"floor":2,"key":"Fire Potion"},{"floor":6,"key":"AttackPotion"},{"floor":11,"key":"Fire Potion"},{"floor":14,"key":"Regen Potion"},{"floor":16,"key":"Energy Potion"},{"floor":23,"key":"Block Potion"},{"floor":25,"key":"Regen Potion"},{"floor":27,"key":"LiquidBronze"},{"floor":31,"key":"EssenceOfSteel"}],"is_trial":false,"path_per_floor":["M","M","?","M","$","E","R","M","T","M","E","T","M","M","R","B",null,"M","M","?","?","M","E","R","M","T","M","$","?","R","E","R","B"],"character_chosen":"IRONCLAD","items_purchased":["Burning Pact","Disarm","Mango","Dropkick"],"campfire_rested":5,"item_purchase_floors":[5,5,28,28],"current_hp_per_floor":[80,80,80,74,74,20,44,47,47,32,12,12,18,19,43,28,67,41,39,33,29,27,44,68,28,28,27,41,28,56,22,50,0],"gold":40,"neow_bonus":"THREE_RARE_CARDS","is_prod":false,"is_daily":false,"chose_seed":false,"campfire_upgraded":0,"win_rate":0,"timestamp":1559203153,"path_taken":["M","?","?","M","$","E","R","?","T","M","E","?","M","M","R","BOSS","M","M","?","?","M","E","R","M","T","M","$","?","R","E","R","BOSS"],"build_version":"2019-05-28","purchased_purges":0,"victory":false,"max_hp_per_floor":[80,80,80,80,80,80,80,80,80,80,80,80,80,80,80,80,80,80,80,80,80,80,80,80,80,80,80,94,94,94,94,94,94],"card_choices":[{"not_picked":["Brutality","Impervious"],"picked":"Limit Break","floor":0},{"not_picked":["Dual Wield","Blood for Blood"],"picked":"Uppercut","floor":1},{"not_picked":["True Grit","Havoc"],"picked":"Infernal Blade","floor":2},{"not_picked":["Sever Soul","Perfected Strike"],"picked":"Seeing Red","floor":4},{"not_picked":["Sword Boomerang","Bloodletting"],"picked":"Headbutt","floor":6},{"not_picked":["Pommel Strike","Body Slam"],"picked":"Rampage","floor":8},{"not_picked":["Heavy Blade","Perfected Strike"],"picked":"Shockwave","floor":10},{"not_picked":["Fire Breathing","Pommel Strike"],"picked":"Dropkick","floor":11},{"not_picked":["Feel No Pain","Reckless Charge"],"picked":"Wild Strike","floor":13},{"not_picked":["Twin Strike","Headbutt"],"picked":"Iron Wave","floor":14},{"not_picked":["Impervious","Berserk"],"picked":"Limit Break","floor":16},{"not_picked":["Hemokinesis","Shrug It Off"],"picked":"Pommel Strike","floor":18},{"not_picked":["Cleave","True Grit+1"],"picked":"Flex","floor":19},{"not_picked":["Pommel Strike","Armaments"],"picked":"Clothesline","floor":21},{"not_picked":["Warcry","Anger"],"picked":"Reaper","floor":22},{"not_picked":["Clash","Body Slam"],"picked":"Dropkick","floor":23},{"not_picked":["Anger","Headbutt"],"picked":"Dual Wield+1","floor":25},{"not_picked":["Clash","Twin Strike+1"],"picked":"Searing Blow+1","floor":27},{"not_picked":["Warcry","Perfected Strike"],"picked":"Dropkick","floor":31}],"player_experience":922773,"relics_obtained":[{"floor":6,"key":"Smiling Mask"},{"floor":9,"key":"Vajra"},{"floor":11,"key":"Letter Opener"},{"floor":12,"key":"Red Skull"},{"floor":21,"key":"Red Mask"},{"floor":23,"key":"Gremlin Horn"},{"floor":26,"key":"Frozen Egg 2"},{"floor":31,"key":"Omamori"}],"event_choices":[{"damage_healed":0,"gold_gain":0,"player_choice":"Cursed","damage_taken":0,"max_hp_gain":0,"max_hp_loss":0,"event_name":"Wheel of Change","floor":3,"gold_loss":0,"cards_obtained":["Decay"]},{"damage_healed":0,"gold_gain":0,"player_choice":"Joined the Cult","damage_taken":6,"max_hp_gain":0,"max_hp_loss":0,"event_name":"Nest","floor":20,"gold_loss":0,"cards_obtained":["RitualDagger"]},{"damage_healed":0,"gold_gain":0,"player_choice":"Fought Bandits","damage_taken":0,"max_hp_gain":0,"max_hp_loss":0,"event_name":"Masked Bandits","floor":21,"gold_loss":0},{"damage_healed":0,"gold_gain":0,"player_choice":"Fight","damage_taken":0,"max_hp_gain":0,"max_hp_loss":0,"event_name":"Colosseum","floor":29,"gold_loss":0},{"damage_healed":0,"gold_gain":0,"player_choice":"Fled From Nobs","damage_taken":0,"max_hp_gain":0,"max_hp_loss":0,"event_name":"Colosseum","floor":29,"gold_loss":0}],"is_beta":true,"boss_relics":[{"not_picked":["Ectoplasm","Velvet Choker"],"picked":"Cursed Key"}],"items_purged_floors":[],"is_endless":false,"potions_floor_spawned":[2,6,11,14,16,23,25,27,31],"killed_by":"Champ","ascension_level":5}