{"gold_per_floor":[111,124,134,149,161,161,181,181,181,0,10,30,40,51,51,146,146,166,181,181,195,195],"floor_reached":22,"playtime":1047,"items_purged":[],"score":214,"play_id":"abe76141-2fe2-405c-92e2-31af69602761","local_time":"20180627200256","is_ascension_mode":true,"campfire_choices":[{"data":"Fiend Fire","floor":6,"key":"SMITH"},{"data":"Seeing Red","floor":8,"key":"SMITH"},{"floor":15,"key":"REST"}],"neow_cost":"NONE","seed_source_timestamp":19698642336106,"circlet_count":0,"master_deck":["Strike_R","Strike_R","Strike_R","Defend_R","Defend_R","Defend_R","Bash","Fiend Fire+1","Dual Wield","Disarm","Dropkick","Seeing Red+1","Carnage","Flex","Demon Form","Wild Strike+1","Pummel+1","Wild Strike+1","Thunderclap+1","Body Slam+1","Dark Embrace","Reckless Charge+1","Spot Weakness+1","Evolve+1","Inflame+1","Seeing Red","Necronomicurse","Clothesline+1"],"relics":["Burning Blood","Molten Egg 2","Astrolabe","Necronomicon"],"potions_floor_usage":[4,11,13,16,22],"damage_taken":[{"damage":1,"enemies":"Cultist","floor":1,"turns":3},{"damage":8,"enemies":"2 Louse","floor":2,"turns":2},{"damage":0,"enemies":"Jaw Worm","floor":3,"turns":3},{"damage":7,"enemies":"3 Louse","floor":4,"turns":4},{"damage":32,"enemies":"Lots of Slimes","floor":5,"turns":5},{"damage":5,"enemies":"2 Fungi Beasts","floor":7,"turns":3},{"damage":13,"enemies":"Blue Slaver","floor":11,"turns":2},{"damage":24,"enemies":"Exordium Wildlife","floor":12,"turns":4},{"damage":11,"enemies":"Lots of Slimes","floor":13,"turns":4},{"damage":8,"enemies":"Blue Slaver","floor":14,"turns":2},{"damage":40,"enemies":"Hexaghost","floor":16,"turns":8},{"damage":33,"enemies":"2 Thieves","floor":18,"turns":3},{"damage":21,"enemies":"3 Byrds","floor":19,"turns":5},{"damage":20,"enemies":"Snecko","floor":21,"turns":4},{"damage":18,"enemies":"Snake Plant","floor":22,"turns":1}],"seed_played":"-4270543239733819844","potions_obtained":[{"floor":2,"key":"Energy Potion"},{"floor":5,"key":"Dexterity Potion"},{"floor":7,"key":"BloodPotion"},{"floor":12,"key":"Poison Potion"},{"floor":21,"key":"Regen Potion"}],"is_trial":false,"path_per_floor":["M","M","M","M","M","R","M","R","T","$","M","M","M","M","R","B",null,"M","M","?","M"],"character_chosen":"IRONCLAD","items_purchased":["Demon Form","Wild Strike+1"],"campfire_rested":1,"item_purchase_floors":[10,10],"current_hp_per_floor":[80,78,80,79,53,53,54,54,54,54,55,37,32,30,54,20,80,53,38,22,8,0],"gold":195,"neow_bonus":"ONE_RANDOM_RARE_CARD","is_prod":false,"is_daily":false,"chose_seed":false,"campfire_upgraded":2,"win_rate":0,"timestamp":1530144176,"path_taken":["M","M","M","M","M","R","M","R","T","$","M","M","M","?","R","BOSS","M","M","?","M","?"],"build_version":"2018-06-26","purchased_purges":0,"victory":false,"max_hp_per_floor":[80,80,80,80,80,80,80,80,80,80,80,80,80,80,80,80,80,80,80,80,80,80],"card_choices":[{"not_picked":["Intimidate","Anger"],"picked":"Dual Wield","floor":1},{"not_picked":["Havoc","Twin Strike"],"picked":"Disarm","floor":2},{"not_picked":["Combust","Shrug It Off"],"picked":"Dropkick","floor":3},{"not_picked":["Flex","Cleave"],"picked":"Seeing Red","floor":4},{"not_picked":["Havoc","Warcry"],"picked":"Carnage","floor":5},{"not_picked":["Shrug It Off","Intimidate"],"picked":"Flex","floor":7},{"not_picked":["Hemokinesis+1","Body Slam+1"],"picked":"Pummel+1","floor":11},{"not_picked":["Rupture","Twin Strike+1"],"picked":"Wild Strike+1","floor":12},{"not_picked":["Shrug It Off","Intimidate"],"picked":"Thunderclap+1","floor":13},{"not_picked":["Warcry","Clothesline+1"],"picked":"Body Slam+1","floor":14},{"not_picked":["Brutality","Demon Form"],"picked":"Dark Embrace","floor":16},{"not_picked":["Pommel Strike+1","Iron Wave+1"],"picked":"Inflame+1","floor":18},{"not_picked":["Flex+1","Body Slam+1"],"picked":"Seeing Red","floor":19},{"not_picked":["Twin Strike+1","Flex"],"picked":"Clothesline+1","floor":21}],"player_experience":353696,"relics_obtained":[{"floor":9,"key":"Molten Egg 2"},{"floor":20,"key":"Necronomicon"}],"event_choices":[{"event_name":"Cursed Tome","player_choice":"Obtained Book","floor":20,"damage_taken":0}],"boss_relics":[{"not_picked":["Philosopher\u0027s Stone","Black Star"],"picked":"Astrolabe"}],"items_purged_floors":[],"is_endless":false,"potions_floor_spawned":[2,5,7,12,21],"killed_by":"Snake Plant","ascension_level":3}