{"path_per_floor":["M","M","?","$","M","E","M","$","T","R","E","?","E","T","R","B",null,"M","?","M","M","$"],"character_chosen":"IRONCLAD","items_purchased":["Panacea","Rupture","Singing Bowl"],"gold_per_floor":[114,132,132,27,37,71,90,22,22,22,54,19,77,77,77,173,173,183,183,199,209,59,59],"floor_reached":23,"campfire_rested":0,"playtime":1139,"current_hp_per_floor":[72,72,72,72,72,68,72,72,72,72,57,72,69,69,69,66,72,57,57,62,46,46,0],"items_purged":[],"gold":59,"score":230,"play_id":"0e9d4376-b956-421b-9d8b-5adcc72f5934","local_time":"20180403014553","is_prod":false,"is_daily":false,"is_ascension_mode":true,"campfire_upgraded":2,"timestamp":1522734353,"path_taken":["M","M","?","?","M","E","M","$","T","R","E","?","E","?","R","BOSS","M","?","?","M","$","E"],"build_version":"2018-03-29v2","purchased_purges":0,"victory":false,"master_deck":["Strike_R","Strike_R","Strike_R","Strike_R","Strike_R","Defend_R","Defend_R","Defend_R","Bash+1","Power Through","Double Tap","Panacea+1","Feel No Pain","Dropkick","Infernal Blade","Rupture","Whirlwind","Seeing Red","Fiend Fire","Flex","Panacea+1","Burning Pact+1","Pummel+1"],"max_hp_per_floor":[72,72,72,72,72,72,72,72,72,72,72,72,72,72,72,72,72,72,72,72,72,72,72],"relics":["Black Blood","Magic Flower","Bronze Scales","Champion Belt","Oddly Smooth Stone","Tiny Chest","Torii","Singing Bowl"],"card_choices":[{"not_picked":["Body Slam","Uppercut"],"picked":"Power Through","floor":2},{"not_picked":["Perfected Strike","Pommel Strike"],"picked":"Feel No Pain","floor":5},{"not_picked":["Armaments","Headbutt"],"picked":"Dropkick","floor":6},{"not_picked":["Thunderclap","Warcry"],"picked":"Infernal Blade","floor":7},{"not_picked":["Heavy Blade","Clash"],"picked":"Whirlwind","floor":11},{"not_picked":["Wild Strike","Body Slam"],"picked":"Seeing Red","floor":13},{"not_picked":["Feed","Exhume"],"picked":"Fiend Fire","floor":16},{"not_picked":["Headbutt","Rampage"],"picked":"Flex","floor":18},{"not_picked":["Headbutt","Thunderclap"],"picked":"Burning Pact","floor":20},{"not_picked":["Bloodletting","Wild Strike"],"picked":"Pummel","floor":21}],"player_experience":595678,"potions_floor_usage":[6,11,13,21,21],"damage_taken":[{"damage":7,"enemies":"2 Louse","floor":1,"turns":5},{"damage":3,"enemies":"Jaw Worm","floor":2,"turns":5},{"damage":1,"enemies":"Cultist","floor":5,"turns":3},{"damage":13,"enemies":"3 Sentries","floor":6,"turns":11},{"damage":2,"enemies":"2 Fungi Beasts","floor":7,"turns":3},{"damage":44,"enemies":"Lagavulin","floor":11,"turns":7},{"damage":12,"enemies":"Gremlin Nob","floor":13,"turns":5},{"damage":15,"enemies":"Hexaghost","floor":16,"turns":10},{"damage":30,"enemies":"Chosen","floor":18,"turns":6},{"damage":10,"enemies":"Shell Parasite","floor":20,"turns":3},{"damage":31,"enemies":"Centurion and Healer","floor":21,"turns":5},{"damage":46,"enemies":"Gremlin Leader","floor":23,"turns":7}],"event_choices":[{"event_name":"Living Wall","player_choice":"Change","floor":3,"damage_taken":0},{"event_name":"The Cleric","player_choice":"Healed","floor":12,"damage_taken":0},{"event_name":"Duplicator","player_choice":"One dupe","floor":19,"damage_taken":0}],"boss_relics":[{"not_picked":["Pandora\u0027s Box","Mark of Pain"],"picked":"Black Blood"}],"potions_floor_spawned":[5,6,11,13,16,21],"seed_played":"-4046959573748000308","killed_by":"Gremlin Leader","ascension_level":2,"is_trial":false}