{"path_per_floor":["M","?","?","M","M","E","M","T","T","M","M","E","R","M","R"],"character_chosen":"DEFECT","items_purchased":[],"gold_per_floor":[111,111,111,130,155,194,219,219,243,256,274,314,314,338,338,338],"floor_reached":16,"campfire_rested":2,"playtime":925,"current_hp_per_floor":[75,57,57,57,55,48,30,30,37,37,31,19,43,42,66,0],"items_purged":[],"gold":338,"score":114,"play_id":"d6f445f1-58de-4c97-8474-2f5d7c05c493","local_time":"20180514093842","is_prod":false,"is_daily":false,"chose_seed":false,"is_ascension_mode":false,"campfire_upgraded":0,"timestamp":1526305122,"path_taken":["M","?","?","M","?","E","M","?","T","M","M","E","R","M","R","BOSS"],"build_version":"2018-05-12v2","seed_source_timestamp":67204385999128,"purchased_purges":0,"victory":false,"master_deck":["Strike_B","Strike_B","Strike_B","Defend_B","Defend_B","Defend_B","Defend_B","Zap","Dualcast","Impulse","Chill","Consume","Consume","White Noise","Capacitor","Gash"],"max_hp_per_floor":[75,75,75,75,75,75,75,75,82,82,82,82,82,82,82,82],"relics":["Philosopher\u0027s Stone","Golden Idol","Lantern","The Courier","Strawberry","Ice Cream"],"card_choices":[{"not_picked":["Chaos","Tempest","Barrage"],"picked":"SKIP","floor":1},{"not_picked":["Go for the Eyes","Hologram"],"picked":"Chill","floor":4},{"not_picked":["Axe Kick","Aggregate"],"picked":"Consume","floor":5},{"not_picked":["Hello World","Steam"],"picked":"Consume","floor":6},{"not_picked":["Rainbow","Reinforced Body","Storm"],"picked":"SKIP","floor":7},{"not_picked":["Aggregate","Coolheaded"],"picked":"White Noise","floor":10},{"not_picked":["Skim","Doom and Gloom"],"picked":"Capacitor","floor":11},{"not_picked":["FTL","Tempest","Storm"],"picked":"SKIP","floor":12},{"not_picked":["Stack","Skim"],"picked":"Gash","floor":14}],"player_experience":253022,"potions_floor_usage":[4,7,10,10,11,11,14],"damage_taken":[{"damage":0,"enemies":"Small Slimes","floor":1,"turns":3},{"damage":0,"enemies":"2 Louse","floor":4,"turns":2},{"damage":2,"enemies":"Jaw Worm","floor":5,"turns":6},{"damage":7,"enemies":"Lagavulin","floor":6,"turns":7},{"damage":18,"enemies":"Exordium Wildlife","floor":7,"turns":6},{"damage":0,"enemies":"Lots of Slimes","floor":10,"turns":3},{"damage":6,"enemies":"2 Fungi Beasts","floor":11,"turns":5},{"damage":19,"enemies":"3 Sentries","floor":12,"turns":12},{"damage":1,"enemies":"Exordium Wildlife","floor":14,"turns":3},{"damage":74,"enemies":"Slime Boss","floor":16,"turns":10}],"event_choices":[{"event_name":"Golden Idol","player_choice":"Take Damage","floor":2,"damage_taken":0},{"event_name":"Living Wall","player_choice":"Change","floor":3,"damage_taken":0}],"boss_relics":[],"potions_floor_spawned":[1,6,7,10,12],"seed_played":"4963787159661298940","killed_by":"Slime Boss","ascension_level":0,"is_trial":false}