{"path_per_floor":["M","M","?","M","?","R","E","$","T","E","M","R","E","M","R","B",null,"M","?","M","?","$","E","M","R","T","M","M","M","?","M","R"],"character_chosen":"IRONCLAD","items_purchased":["Membership Card","Red Skull","Mango","Strength Potion"],"gold_per_floor":[115,128,203,218,218,218,244,54,54,84,101,101,136,155,155,255,285,302,302,322,522,3,38,54,54,54,70,89,100,100,118,118],"floor_reached":33,"campfire_rested":4,"playtime":1742,"current_hp_per_floor":[49,54,43,49,96,96,63,63,63,42,39,67,70,76,96,93,101,92,92,74,74,88,58,20,54,54,60,48,44,44,50,84],"items_purged":[],"gold":118,"score":353,"play_id":"45d4b977-95a1-40a0-a895-daf76e2e091f","local_time":"20180320193302","is_prod":false,"is_daily":false,"is_ascension_mode":true,"campfire_upgraded":1,"timestamp":1521588782,"path_taken":["M","M","?","M","?","R","E","$","T","E","M","R","E","M","R","BOSS","M","?","?","?","$","E","M","R","T","M","?","?","?","M","R","BOSS"],"build_version":"2018-03-15v3","purchased_purges":0,"victory":false,"master_deck":["Strike_R","Strike_R","Strike_R","Strike_R","Strike_R","Defend_R","Defend_R","Defend_R+1","Defend_R","Bash","Flame Barrier","Anger+1","Sword Boomerang","Second Wind","Spot Weakness","Carnage","Reaper","Reaper","Feel No Pain","Clothesline","Immolate","Shockwave","Double Tap","Whirlwind","Intimidate+1","Flex","Sentinel+1","Power Through","Writhe","Spot Weakness+1"],"max_hp_per_floor":[96,96,96,96,96,96,96,96,96,96,96,96,96,96,96,96,101,101,101,101,101,115,115,115,115,115,115,115,115,115,115,115],"relics":["Burning Blood","Gremlin Horn","Membership Card","Ginger","Bag of Marbles","Bag of Preparation","Tiny House","Red Skull","Mango","Prayer Wheel","Gambling Chip","Matryoshka"],"card_choices":[{"not_picked":["Heavy Blade","Sword Boomerang"],"picked":"Flame Barrier"},{"not_picked":["Armaments","Headbutt"],"picked":"Reckless Charge"},{"not_picked":["Sentinel","Headbutt"],"picked":"Anger"},{"not_picked":["Warcry","Corruption"],"picked":"Sword Boomerang"},{"not_picked":["Corruption","Evolve"],"picked":"Second Wind"},{"not_picked":["Clothesline","Armaments"],"picked":"Spot Weakness"},{"not_picked":["Entrench","Dual Wield"],"picked":"Carnage"},{"not_picked":["Burning Pact","Havoc"],"picked":"Reaper"},{"not_picked":["Demon Form","Immolate"],"picked":"Reaper"},{"not_picked":["Warcry","True Grit"],"picked":"Feel No Pain"},{"not_picked":["Wild Strike","Havoc"],"picked":"Clothesline"},{"not_picked":["True Grit","Shrug It Off"],"picked":"Shockwave"},{"not_picked":["Clothesline","Iron Wave"],"picked":"Double Tap"},{"not_picked":["Clash","Seeing Red"],"picked":"Whirlwind"},{"not_picked":["Flex","Clothesline"],"picked":"Intimidate"},{"not_picked":["Shrug It Off","Heavy Blade"],"picked":"Flex"},{"not_picked":["Reckless Charge","Metallicize"],"picked":"Sentinel"},{"not_picked":["Clash","Headbutt"],"picked":"Power Through"},{"not_picked":["Clothesline","True Grit"],"picked":"Spot Weakness"}],"player_experience":487856,"potions_floor_usage":[],"damage_taken":[{"damage":5.0,"enemies":"Small Slimes","floor":1.0,"turns":3.0},{"damage":1.0,"enemies":"Cultist","floor":2.0,"turns":4.0},{"damage":0.0,"enemies":"Jaw Worm","floor":4.0,"turns":3.0},{"damage":39.0,"enemies":"Lagavulin","floor":7.0,"turns":7.0},{"damage":27.0,"enemies":"3 Sentries","floor":10.0,"turns":10.0},{"damage":9.0,"enemies":"2 Fungi Beasts","floor":11.0,"turns":2.0},{"damage":3.0,"enemies":"Gremlin Nob","floor":13.0,"turns":3.0},{"damage":0.0,"enemies":"Looter","floor":14.0,"turns":2.0},{"damage":16.0,"enemies":"Slime Boss","floor":16.0,"turns":6.0},{"damage":15.0,"enemies":"3 Byrds","floor":18.0,"turns":3.0},{"damage":24.0,"enemies":"Shell Parasite","floor":20.0,"turns":6.0},{"damage":58.0,"enemies":"Book of Stabbing","floor":23.0,"turns":6.0},{"damage":56.0,"enemies":"Cultist and Chosen","floor":24.0,"turns":8.0},{"damage":0.0,"enemies":"Chosen and Byrds","floor":27.0,"turns":3.0},{"damage":38.0,"enemies":"Centurion and Healer","floor":28.0,"turns":7.0},{"damage":10,"enemies":"Sentry and Sphere","floor":29,"turns":4},{"damage":0,"enemies":"Cultist and Chosen","floor":31,"turns":3},{"damage":120,"enemies":"Collector","floor":33,"turns":7}],"event_choices":[{"event_name":"World of Goop","player_choice":"Gather Gold","floor":3.0,"damage_taken":0.0},{"event_name":"Bonfire Elementals","player_choice":"UNCOMMON","floor":5.0,"damage_taken":0.0},{"event_name":"The Library","player_choice":"Read","floor":19.0,"damage_taken":0.0},{"event_name":"Wheel of Change","player_choice":"Gold","floor":21.0,"damage_taken":0.0},{"event_name":"The Mausoleum","player_choice":"Yes","floor":30,"damage_taken":0}],"boss_relics":[],"potions_floor_spawned":[1,7,11,14,20,24],"seed_played":"-566862353334319730","killed_by":"Collector","ascension_level":1,"is_trial":false}