{"path_per_floor":["M","?","M","?","?","R","?","R","T","E","R","E","$","M","R","B",null,"M"],"character_chosen":"THE_SILENT","items_purchased":["Gremlin Horn","Bandage Up"],"gold_per_floor":[144,144,189,364,364,364,364,364,364,462,462,560,213,262,262,587,587,636,546],"floor_reached":19,"campfire_rested":4,"playtime":1030,"current_hp_per_floor":[53,53,45,45,45,66,49,70,70,34,55,23,23,23,44,16,70,26,0],"items_purged":[],"gold":546,"score":173,"play_id":"caf03126-332d-40d1-8be2-abed0aeedc4a","local_time":"20180410085532","daily_mods":["Diverse","Midas","Elite Swarm"],"is_prod":false,"is_daily":true,"is_ascension_mode":false,"campfire_upgraded":0,"timestamp":1523364932,"path_taken":["M","?","M","?","?","R","?","R","T","E","R","E","?","M","R","BOSS","M","M"],"build_version":"2018-04-05v2","purchased_purges":0,"victory":false,"master_deck":["Defend_G","Defend_G","Defend_G","Defend_G","Defend_G","Strike_G","Strike_G","Strike_G","Strike_G","Survivor","Neutralize","Noxious Fumes","Flex","Doubt","Juggernaut","Demon Form","Bandage Up","Flex","Night Terror","Sentinel+1"],"max_hp_per_floor":[70,70,70,70,70,70,70,70,70,70,70,70,70,70,70,70,70,70,70],"relics":["Ring of the Snake","Golden Idol","Ice Cream","Unceasing Top","Calipers","Gremlin Horn","White Beast Statue"],"card_choices":[{"not_picked":["Setup","Anger"],"picked":"Flex","floor":3},{"not_picked":["Tools of the Trade","Wraith Form"],"picked":"Juggernaut","floor":10},{"not_picked":["Bullet Time","Barricade"],"picked":"Demon Form","floor":12},{"not_picked":["Wild Strike","Disarm"],"picked":"Flex","floor":14},{"not_picked":["Immolate","Barricade"],"picked":"Night Terror","floor":16},{"not_picked":["Catalyst","Slice"],"picked":"Sentinel","floor":18}],"player_experience":619523,"potions_floor_usage":[12,18,19],"damage_taken":[{"damage":17,"enemies":"Jaw Worm","floor":1,"turns":7},{"damage":8,"enemies":"Small Slimes","floor":3,"turns":4},{"damage":36,"enemies":"Lagavulin","floor":10,"turns":10},{"damage":32,"enemies":"Gremlin Nob","floor":12,"turns":6},{"damage":4,"enemies":"2 Louse","floor":14,"turns":4},{"damage":32,"enemies":"Slime Boss","floor":16,"turns":11},{"damage":44,"enemies":"Spheric Guardian","floor":18,"turns":7},{"damage":40,"enemies":"2 Thieves","floor":19,"turns":3}],"event_choices":[{"event_name":"Living Wall","player_choice":"Change","floor":2,"damage_taken":0},{"event_name":"Liars Game","player_choice":"agreed","floor":4,"damage_taken":0},{"event_name":"Golden Wing","player_choice":"Ignored","floor":5,"damage_taken":0},{"event_name":"Golden Idol","player_choice":"Take Damage","floor":7,"damage_taken":0}],"boss_relics":[{"not_picked":["Black Star","Cursed Key"],"picked":"White Beast Statue"}],"potions_floor_spawned":[10,12,16,18],"seed_played":"-3035247883718955550","killed_by":"2 Thieves","ascension_level":0,"is_trial":false}