{"gold_per_floor":[110,130,144,158,27,53,53,88,88,88,99,99,110,123,123,195,195,213,233,248,267,9,9,28,28,28,43,68,15,15,35,35,35],"floor_reached":33,"playtime":1397,"items_purged":["Strike_R"],"score":616,"play_id":"6a830173-0e86-42a0-a899-2f5e173f388e","local_time":"20181109222807","is_ascension_mode":true,"campfire_choices":[{"data":"True Grit","floor":7.0,"key":"SMITH"},{"floor":10.0,"key":"REST"},{"data":"Bash","floor":15.0,"key":"SMITH"},{"floor":23.0,"key":"REST"},{"floor":30.0,"key":"REST"},{"floor":32.0,"key":"REST"}],"neow_cost":"CURSE","seed_source_timestamp":2589708402838588,"circlet_count":0,"master_deck":["AscendersBane","Strike_R","Strike_R","Strike_R","Defend_R","Defend_R","Defend_R","Defend_R","Bash+1","Clumsy","Shrug It Off","Infernal Blade","Combust","Metallicize","True Grit+1","Spot Weakness","Carnage","Anger","Shockwave","Sword Boomerang","Feed","Shrug It Off","True Grit","Dropkick","Shrug It Off","Battle Trance","Dark Embrace","Intimidate","Shrug It Off","Warcry"],"special_seed":0,"relics":["Burning Blood","Nunchaku","Champion Belt","Pear","Dodecahedron","Cursed Key","Matryoshka"],"potions_floor_usage":[33,33],"damage_taken":[{"damage":7.0,"enemies":"Cultist","floor":1.0,"turns":4.0},{"damage":1.0,"enemies":"2 Louse","floor":2.0,"turns":4.0},{"damage":1.0,"enemies":"Small Slimes","floor":3.0,"turns":4.0},{"damage":14.0,"enemies":"Exordium Thugs","floor":4.0,"turns":3.0},{"damage":35.0,"enemies":"Gremlin Nob","floor":6.0,"turns":5.0},{"damage":30.0,"enemies":"3 Sentries","floor":8.0,"turns":7.0},{"damage":3.0,"enemies":"Blue Slaver","floor":11.0,"turns":6.0},{"damage":1.0,"enemies":"2 Fungi Beasts","floor":13.0,"turns":5.0},{"damage":0.0,"enemies":"Looter","floor":14.0,"turns":3.0},{"damage":39.0,"enemies":"Hexaghost","floor":16.0,"turns":9.0},{"damage":16.0,"enemies":"Spheric Guardian","floor":18.0,"turns":4.0},{"damage":4.0,"enemies":"Shell Parasite","floor":19.0,"turns":4.0},{"damage":24.0,"enemies":"Shelled Parasite and Fungi","floor":20.0,"turns":5.0},{"damage":16.0,"enemies":"Snake Plant","floor":21.0,"turns":4.0},{"damage":12.0,"enemies":"Chosen and Byrds","floor":24.0,"turns":8.0},{"damage":30.0,"enemies":"Shelled Parasite and Fungi","floor":27.0,"turns":5.0},{"damage":30.0,"enemies":"Slavers","floor":28.0,"turns":5.0},{"damage":21.0,"enemies":"Snake Plant","floor":31.0,"turns":5.0},{"damage":82,"enemies":"Collector","floor":33,"turns":9}],"seed_played":"7881810304280988269","potions_obtained":[{"floor":2.0,"key":"Ancient Potion"},{"floor":4.0,"key":"Regen Potion"},{"floor":6.0,"key":"Swift Potion"},{"floor":13.0,"key":"Explosive Potion"},{"floor":14.0,"key":"GamblersBrew"},{"floor":20.0,"key":"GamblersBrew"},{"floor":21.0,"key":"Swift Potion"},{"floor":27.0,"key":"PowerPotion"},{"floor":31.0,"key":"Swift Potion"}],"is_trial":false,"path_per_floor":["M","M","M","M","$","E","R","E","T","R","M","?","M","M","R","B",null,"M","M","M","M","$","R","M","?","T","M","E","$","R","M","R","B"],"character_chosen":"IRONCLAD","items_purchased":["True Grit","Battle Trance","Dark Embrace","Shrug It Off"],"campfire_rested":4,"item_purchase_floors":[5,22,22,29],"current_hp_per_floor":[67,72,75,67,67,38,38,39,39,64,67,60,65,71,71,38,73,63,68,53,43,43,70,64,64,64,43,22,22,51,36,65,0],"gold":35,"neow_bonus":"ONE_RARE_RELIC","is_prod":false,"is_daily":false,"chose_seed":false,"campfire_upgraded":2,"win_rate":0,"timestamp":1541827687,"path_taken":["M","M","?","M","$","E","R","E","T","R","M","?","M","M","R","BOSS","M","M","M","M","$","R","M","?","T","M","E","$","R","M","R","BOSS"],"build_version":"2018-11-08","purchased_purges":1,"victory":false,"max_hp_per_floor":[75,75,75,75,75,75,75,85,85,85,85,85,85,85,85,85,85,85,88,91,91,91,91,91,91,91,94,97,97,97,97,97,97],"card_choices":[{"not_picked":["Pummel","Armaments"],"picked":"Shrug It Off","floor":1.0},{"not_picked":["Armaments","Cleave"],"picked":"Infernal Blade","floor":2.0},{"not_picked":["Armaments","Evolve"],"picked":"Combust","floor":3.0},{"not_picked":["Perfected Strike","Clothesline"],"picked":"Metallicize","floor":4.0},{"not_picked":["Impervious","True Grit"],"picked":"Spot Weakness","floor":6.0},{"not_picked":["Seeing Red","Infernal Blade"],"picked":"Carnage","floor":8.0},{"not_picked":["Clash","Searing Blow"],"picked":"Anger","floor":11.0},{"not_picked":["Wild Strike","Inflame"],"picked":"Shockwave","floor":13.0},{"not_picked":["Pommel Strike","Armaments"],"picked":"Sword Boomerang","floor":14.0},{"not_picked":["Double Tap","Immolate"],"picked":"Feed","floor":16.0},{"not_picked":["Perfected Strike","Clothesline"],"picked":"Shrug It Off","floor":18.0},{"not_picked":["Blood for Blood","Heavy Blade"],"picked":"True Grit","floor":19.0},{"not_picked":["Clash","Uppercut"],"picked":"Dropkick","floor":20.0},{"not_picked":["Havoc","Whirlwind"],"picked":"Shrug It Off","floor":21.0},{"not_picked":["Intimidate","Perfected Strike","Twin Strike"],"picked":"SKIP","floor":24.0},{"not_picked":["Perfected Strike","Twin Strike"],"picked":"Intimidate","floor":24.0},{"not_picked":["Sword Boomerang","Heavy Blade+1","Searing Blow"],"picked":"SKIP","floor":27.0},{"not_picked":["Power Through","Carnage","Perfected Strike"],"picked":"SKIP","floor":28.0},{"not_picked":["Bludgeon","Rage"],"picked":"Warcry","floor":31.0}],"player_experience":608783,"relics_obtained":[{"floor":6.0,"key":"Champion Belt"},{"floor":8.0,"key":"Pear"},{"floor":9.0,"key":"Dodecahedron"},{"floor":28.0,"key":"Matryoshka"}],"event_choices":[{"cards_removed":["Strike_R"],"damage_healed":0.0,"max_hp_gain":0.0,"max_hp_loss":0.0,"gold_gain":0.0,"event_name":"Golden Wing","player_choice":"Card Removal","floor":12.0,"gold_loss":0.0,"damage_taken":7.0},{"damage_healed":0.0,"max_hp_gain":0.0,"max_hp_loss":0.0,"gold_gain":0.0,"event_name":"Ghosts","player_choice":"Ignored","floor":25.0,"gold_loss":0.0,"damage_taken":0.0}],"is_beta":false,"boss_relics":[{"not_picked":["Fusion Hammer","White Beast Statue"],"picked":"Cursed Key"}],"items_purged_floors":[5],"is_endless":false,"potions_floor_spawned":[2,4,6,13,14,20,21,27,31],"killed_by":"Collector","ascension_level":20}