{"path_per_floor":["M","?","?","M","M","R","E","M","T","M","M","?","R","M","R","B",null,"M","$","M","$","M","R","?","R","T","R","?","?","M","M","R","B",null,"M","$","M","M","M","R","T","M","T","T","R","M","?","?","R"],"character_chosen":"THE_SILENT","items_purchased":["Footwork","Blur","Infinite Blades","Dream Catcher","Dark Shackles","Noxious Fumes","Prepared"],"gold_per_floor":[114,114,114,129,144,144,174,189,269,284,299,320,320,335,335,435,435,450,339,354,31,46,46,46,46,121,121,121,36,51,66,66,166,166,181,80,95,110,125,125,125,140,140,140,140,155,0,0,0,0],"floor_reached":50,"campfire_rested":5,"playtime":2568,"current_hp_per_floor":[68,67,66,65,64,63,52,50,56,60,64,48,62,60,60,57,64,63,62,60,60,18,35,25,43,49,65,64,63,55,59,59,56,64,47,47,51,5,6,23,29,49,62,68,68,65,65,71,71,0],"items_purged":[],"gold":0,"score":571,"play_id":"d1d549e5-1087-48fc-ad2f-4f6e20af2510","local_time":"20180404000005","daily_mods":["Allstar","Cursed Run","Terminal"],"is_prod":false,"is_daily":true,"is_ascension_mode":false,"campfire_upgraded":5,"timestamp":1522814405,"path_taken":["M","?","?","?","M","R","E","M","T","M","M","?","R","M","R","BOSS","M","$","M","$","M","R","?","R","T","R","?","?","?","M","R","BOSS","M","$","M","M","M","R","?","M","T","?","R","M","?","?","R","BOSS"],"build_version":"2018-03-29v2","purchased_purges":0,"victory":false,"master_deck":["Defend_G","Defend_G","Defend_G","Defend_G","Defend_G","Strike_G","Strike_G","Strike_G","Strike_G","Survivor","Neutralize","Bandage Up+1","Panache+1","Deadly Poison","A Thousand Cuts+1","Prepared+1","Escape Plan","Infinite Blades","Parasite","Backstab","Escape Plan","Accuracy","Cloak And Dagger+1","Writhe","Adrenaline","Malaise","Footwork","Blur","PiercingWail+1","Infinite Blades","Dark Shackles","Accuracy","Doubt","Blur","Deadly Poison","Doubt","Die Die Die","PiercingWail","Noxious Fumes","Prepared","Prepared+1","Die Die Die","Doubt","Infinite Blades","Injury","Injury","Deadly Poison+1","Normality"],"max_hp_per_floor":[68,67,66,65,64,63,62,61,66,65,64,63,62,61,60,65,64,63,62,61,60,59,58,62,61,66,65,64,63,62,61,60,65,64,63,62,61,60,59,58,63,62,74,79,78,77,76,81,80,80],"relics":["Cursed Key","Darkstone Periapt","Du-Vu Doll","Bottled Lightning","Tiny Chest","Odd Mushroom","Sozu","Dream Catcher","Paper Crane","Anchor","Lizard Tail","Bird Faced Urn","Strawberry","Tingsha","Red Mask","Tough Bandages"],"card_choices":[{"not_picked":["Slice","Masterful Stab"],"picked":"Deadly Poison","floor":1},{"not_picked":["Crippling Poison","Slice"],"picked":"Prepared","floor":5},{"not_picked":["Poisoned Stab","Dash"],"picked":"Escape Plan","floor":7},{"not_picked":["Flying Knee","Slice"],"picked":"Infinite Blades","floor":8},{"not_picked":["All Out Attack","Slice"],"picked":"Backstab","floor":10},{"not_picked":["Caltrops","Underhanded Strike"],"picked":"Escape Plan","floor":11},{"not_picked":["Flying Knee","Flechettes"],"picked":"Accuracy","floor":12},{"not_picked":["Backflip","Dodge and Roll"],"picked":"Cloak And Dagger","floor":14},{"not_picked":["Glass Knife","After Image"],"picked":"Adrenaline","floor":16},{"not_picked":["Flying Knee","Dash"],"picked":"Malaise","floor":18},{"not_picked":["Choke","Backflip"],"picked":"PiercingWail","floor":20},{"not_picked":["Dagger Spray","Outmaneuver"],"picked":"Accuracy","floor":22},{"not_picked":["Well Laid Plans","Dagger Spray"],"picked":"Blur","floor":27},{"not_picked":["Unload","Backflip"],"picked":"Deadly Poison","floor":31},{"not_picked":["Storm of Steel","Unload"],"picked":"Die Die Die","floor":33},{"not_picked":["Sucker Punch","Quick Slash"],"picked":"PiercingWail","floor":35},{"not_picked":["Sucker Punch","Malaise"],"picked":"Prepared","floor":38},{"not_picked":["Dagger Spray","Bane"],"picked":"Die Die Die","floor":40},{"not_picked":["Underhanded Strike","Dagger Throw"],"picked":"Infinite Blades","floor":42},{"not_picked":["Finisher","Underhanded Strike"],"picked":"Deadly Poison","floor":46}],"player_experience":596817,"potions_floor_usage":[7,7,7,12,18,20,22],"damage_taken":[{"damage":0,"enemies":"Small Slimes","floor":1,"turns":4},{"damage":0,"enemies":"Cultist","floor":4,"turns":4},{"damage":0,"enemies":"2 Louse","floor":5,"turns":2},{"damage":11,"enemies":"Gremlin Nob","floor":7,"turns":3},{"damage":6,"enemies":"Exordium Thugs","floor":8,"turns":5},{"damage":0,"enemies":"Red Slaver","floor":10,"turns":3},{"damage":0,"enemies":"Looter","floor":11,"turns":3},{"damage":16,"enemies":"The Mushroom Lair","floor":12,"turns":3},{"damage":2,"enemies":"Blue Slaver","floor":14,"turns":2},{"damage":13,"enemies":"Hexaghost","floor":16,"turns":6},{"damage":0,"enemies":"Chosen","floor":18,"turns":6},{"damage":2,"enemies":"Shell Parasite","floor":20,"turns":4},{"damage":42,"enemies":"Cultist and Chosen","floor":22,"turns":9},{"damage":8,"enemies":"Slaver and Parasite","floor":30,"turns":7},{"damage":0,"enemies":"Centurion and Healer","floor":31,"turns":6},{"damage":13,"enemies":"Collector","floor":33,"turns":9},{"damage":17,"enemies":"Orb Walker","floor":35,"turns":4},{"damage":0,"enemies":"3 Darklings","floor":37,"turns":6},{"damage":50,"enemies":"4 Shapes","floor":38,"turns":7},{"damage":41,"enemies":"Sphere and 2 Shapes","floor":39,"turns":8},{"damage":0,"enemies":"Maw","floor":42,"turns":7},{"damage":11,"enemies":"4 Shapes","floor":46,"turns":4},{"damage":94,"enemies":"Awakened One","floor":50,"turns":9}],"event_choices":[{"event_name":"The Lab","player_choice":"Got Potions","floor":2,"damage_taken":0},{"event_name":"Transmorgrifier","player_choice":"Transform","floor":3,"damage_taken":0},{"event_name":"Mushrooms","player_choice":"Fought Mushrooms","floor":12,"damage_taken":0},{"event_name":"Forgotten Altar","player_choice":"Shed Blood","floor":24,"damage_taken":0},{"event_name":"Vampires","player_choice":"Ignored","floor":28,"damage_taken":0},{"event_name":"Addict","player_choice":"Obtained Relic","floor":29,"damage_taken":0},{"event_name":"Tomb of Lord Red Mask","player_choice":"Paid","floor":47,"damage_taken":0},{"event_name":"Accursed Blacksmith","player_choice":"Rummage","floor":48,"damage_taken":0}],"boss_relics":[{"not_picked":["Pandora\u0027s Box","Velvet Choker"],"picked":"Sozu"},{"not_picked":["The Specimen","Runic Pyramid"],"picked":"Lizard Tail"}],"potions_floor_spawned":[7,10,12,16,18,20,30,31,35,42,46],"seed_played":"770442836024540376","killed_by":"Awakened One","ascension_level":0,"is_trial":false}