{"path_per_floor":["M","?","?","?","M","E","M","M","T","M","$","M","M","M","R","B",null,"M","$","M","M","M","E","R","E","T","M"],"character_chosen":"IRONCLAD","items_purchased":["Mummified Hand","Lantern"],"gold_per_floor":[214,214,164,164,184,214,229,248,248,260,16,27,39,52,52,150,150,167,20,32,46,59,92,92,125,125,136],"floor_reached":28,"campfire_rested":1,"playtime":2024,"current_hp_per_floor":[80,77,77,77,80,74,70,63,63,63,63,69,72,62,62,14,80,80,80,80,44,39,32,56,39,39,31],"items_purged":[],"gold":136,"score":266,"play_id":"76be8def-8af9-49d2-8912-9793bc13d727","local_time":"20180304134844","is_prod":false,"is_daily":false,"is_ascension_mode":false,"campfire_upgraded":1,"timestamp":1520189324,"path_taken":["M","?","?","?","?","E","M","M","T","M","$","M","M","M","R","BOSS","M","$","M","M","?","E","R","E","T","M","E"],"build_version":"2018-03-01-PROD1","purchased_purges":0,"victory":false,"master_deck":["Strike_R","Strike_R","Strike_R","Strike_R","Strike_R","Defend_R","Defend_R","Bash","Clash","Brutality","Flex","Sever Soul","Spot Weakness","Inflame","Ghostly Armor","Dark Embrace+1","Iron Wave","Flex","Demon Form","Iron Wave+1","Burning Pact+1","Disarm+1","Fire Breathing","Sentinel","Burning Pact","Second Wind"],"max_hp_per_floor":[80,80,80,80,80,80,80,80,80,80,80,80,80,80,80,80,80,80,80,80,80,80,80,80,80,80,80],"relics":["Burning Blood","Bird Faced Urn","Self Forming Clay","Du-Vu Doll","Mummified Hand","Lizard Tail","Lantern","Art of War","Orichalcum","Pantograph"],"card_choices":[{"not_picked":["Havoc","Heavy Blade"],"picked":"Clash"},{"not_picked":["Evolve","Iron Wave"],"picked":"Flex"},{"not_picked":["Body Slam","Feel No Pain"],"picked":"Sever Soul"},{"not_picked":["Armaments","Thunderclap"],"picked":"Spot Weakness"},{"not_picked":["Headbutt","Havoc"],"picked":"Inflame"},{"not_picked":["Bloodletting","Intimidate"],"picked":"Ghostly Armor"},{"not_picked":["Sword Boomerang","Disarm"],"picked":"Dark Embrace"},{"not_picked":["Wild Strike","Shrug It Off"],"picked":"Iron Wave"},{"not_picked":["Anger","Second Wind"],"picked":"Flex"},{"not_picked":["Exhume","Bludgeon"],"picked":"Demon Form"},{"not_picked":["Body Slam","Shrug It Off"],"picked":"Iron Wave"},{"not_picked":["Armaments","Shrug It Off"],"picked":"Burning Pact"},{"not_picked":["Body Slam","Thunderclap"],"picked":"Disarm"},{"not_picked":["Disarm","Sword Boomerang"],"picked":"Fire Breathing"},{"not_picked":["Headbutt","Wild Strike"],"picked":"Sentinel"},{"not_picked":["Body Slam","Perfected Strike"],"picked":"Burning Pact"},{"not_picked":["True Grit","Body Slam"],"picked":"Second Wind"}],"player_experience":237564,"potions_floor_usage":[6,13,14,14,18,21,22,27],"damage_taken":[{"damage":3,"enemies":"2 Louse","floor":1,"turns":3},{"damage":2,"enemies":"Small Slimes","floor":5,"turns":3},{"damage":14,"enemies":"Gremlin Nob","floor":6,"turns":3},{"damage":12,"enemies":"Jaw Worm","floor":7,"turns":2},{"damage":13,"enemies":"Red Slaver","floor":8,"turns":2},{"damage":8,"enemies":"2 Fungi Beasts","floor":10,"turns":3},{"damage":4,"enemies":"Lots of Slimes","floor":12,"turns":4},{"damage":9,"enemies":"3 Louse","floor":13,"turns":4},{"damage":22,"enemies":"Exordium Thugs","floor":14,"turns":6},{"damage":60,"enemies":"Slime Boss","floor":16,"turns":9},{"damage":1,"enemies":"Chosen","floor":18,"turns":5},{"damage":3,"enemies":"Spheric Guardian","floor":20,"turns":3},{"damage":48,"enemies":"3 Cultists","floor":21,"turns":6},{"damage":19,"enemies":"Snecko","floor":22,"turns":4},{"damage":65,"enemies":"Slavers","floor":23,"turns":8},{"damage":33,"enemies":"Book of Stabbing","floor":25,"turns":6},{"damage":24,"enemies":"Cultist and Chosen","floor":27,"turns":7},{"damage":40,"enemies":"Slavers","floor":28,"turns":3}],"event_choices":[{"event_name":"Scrap Ooze","player_choice":"success","floor":2,"damage_taken":3},{"event_name":"The Cleric","player_choice":"Card Removal","floor":3,"damage_taken":0},{"event_name":"Transmorgrifier","player_choice":"Transform","floor":4,"damage_taken":0}],"boss_relics":[{"not_picked":["Snecko Eye","Pandora\u0027s Box"],"picked":"Lizard Tail"}],"potions_floor_spawned":[1,7,10,12,16,20,21,25],"seed_played":"-6102514685404785608","killed_by":"Slavers","ascension_level":0,"is_trial":false}