{"gold_per_floor":[109,109,284,304,19,48,66,66,66,66,66,78,28,87,87,189,189,200,81,81,181,181,181,181,213,213,213,213,213,229,244,244,244],"floor_reached":33,"playtime":1666,"items_purged":[],"score":427,"play_id":"ce348de5-b5c7-4986-8790-80f61809b3e0","local_time":"20190606183104","is_ascension_mode":true,"campfire_choices":[{"floor":11,"key":"RECALL"},{"data":"Sword Boomerang","floor":15,"key":"SMITH"},{"data":"Ghostly","floor":24,"key":"SMITH"},{"data":"Bludgeon","floor":27,"key":"SMITH"},{"data":"Reaper","floor":29,"key":"SMITH"},{"floor":32,"key":"REST"}],"neow_cost":"NONE","seed_source_timestamp":1384234881488400,"circlet_count":0,"master_deck":["Bash","Dropkick","Thunderclap","Twin Strike+1","Clothesline","Dual Wield","Cleave","Cleave","Sword Boomerang+1","Reaper+1","Berserk","Sever Soul","Impervious","Evolve","Dropkick","Heavy Blade","Bludgeon+1","Uppercut","Blood for Blood","Body Slam+1","Ghostly Armor","Shrug It Off","Ghostly","Ghostly","Ghostly","Ghostly+1","Ghostly","Ghostly Armor","Armaments+1","Heavy Blade+1"],"relics":["Burning Blood","Brimstone","Gremlin Horn","Question Card","Pandora\u0027s Box","StoneCalendar","Bottled Tornado","Anchor","Bottled Flame"],"potions_floor_usage":[1,6,7,7,16,18,33],"damage_taken":[{"damage":0,"enemies":"Small Slimes","floor":1,"turns":2},{"damage":0,"enemies":"2 Louse","floor":4,"turns":3},{"damage":13,"enemies":"Gremlin Nob","floor":6,"turns":3},{"damage":12,"enemies":"Jaw Worm","floor":7,"turns":3},{"damage":3,"enemies":"Large Slime","floor":12,"turns":3},{"damage":22,"enemies":"Lagavulin Event","floor":14,"turns":3},{"damage":0,"enemies":"Slime Boss","floor":16,"turns":4},{"damage":28,"enemies":"Shell Parasite","floor":18,"turns":4},{"damage":19,"enemies":"Colosseum Slavers","floor":21,"turns":3},{"damage":13,"enemies":"Colosseum Nobs","floor":21,"turns":3},{"damage":8,"enemies":"Gremlin Leader","floor":25,"turns":5},{"damage":14,"enemies":"2 Thieves","floor":30,"turns":2},{"damage":20,"enemies":"Snake Plant","floor":31,"turns":4},{"damage":59,"enemies":"Automaton","floor":33,"turns":6}],"seed_played":"7846252692706198260","potions_obtained":[{"floor":0,"key":"Regen Potion"},{"floor":0,"key":"Fire Potion"},{"floor":0,"key":"Weak Potion"},{"floor":6,"key":"PowerPotion"},{"floor":14,"key":"Energy Potion"},{"floor":16,"key":"LiquidBronze"},{"floor":21,"key":"SpeedPotion"},{"floor":31,"key":"Explosive Potion"}],"is_trial":false,"path_per_floor":["M","?","?","M","$","E","M","?","T","$","R","M","?","?","R","B",null,"M","$","?","?","$","?","R","E","T","R","?","R","M","M","R","B"],"character_chosen":"IRONCLAD","items_purchased":["Brimstone","Twin Strike","Clothesline","Ghostly Armor","Shrug It Off"],"campfire_rested":1,"item_purchase_floors":[5,5,5,19,19],"current_hp_per_floor":[78,83,83,85,85,78,81,64,64,64,64,67,67,51,51,57,78,58,58,58,38,38,38,38,42,42,42,36,36,28,14,28,0],"gold":244,"neow_bonus":"THREE_SMALL_POTIONS","is_prod":false,"is_daily":false,"chose_seed":false,"campfire_upgraded":4,"win_rate":0,"timestamp":1559860264,"path_taken":["M","?","?","M","$","E","M","?","T","?","R","M","?","?","R","BOSS","M","$","?","?","?","?","R","E","T","R","?","R","M","?","R","BOSS"],"build_version":"2019-06-05","purchased_purges":0,"victory":false,"max_hp_per_floor":[80,85,85,85,85,85,85,85,85,85,85,85,85,85,85,85,85,85,85,85,85,85,42,42,42,42,42,47,47,47,47,47,47],"card_choices":[{"not_picked":["Disarm","Entrench"],"picked":"Dropkick","floor":1},{"not_picked":["Clash","Warcry"],"picked":"Thunderclap","floor":4},{"not_picked":["Wild Strike","Flex"],"picked":"Dual Wield","floor":6},{"not_picked":["Clash","Feel No Pain"],"picked":"Cleave","floor":7},{"not_picked":["Sword Boomerang","Shrug It Off"],"picked":"Cleave","floor":12},{"not_picked":["Ghostly Armor","Clothesline"],"picked":"Sword Boomerang","floor":14},{"not_picked":["Offering","Immolate","Feed"],"picked":"Reaper","floor":16},{"not_picked":["Feel No Pain","Inflame","Sentinel+1"],"picked":"Body Slam+1","floor":18},{"not_picked":["Pommel Strike","Pummel","Clothesline"],"picked":"Ghostly Armor","floor":25},{"not_picked":["Sever Soul","Carnage","Pommel Strike"],"picked":"Armaments+1","floor":30},{"not_picked":["Twin Strike","Cleave","Headbutt"],"picked":"Heavy Blade+1","floor":31}],"player_experience":1002694,"relics_obtained":[{"floor":6,"key":"Gremlin Horn"},{"floor":14,"key":"Question Card"},{"floor":21,"key":"StoneCalendar"},{"floor":21,"key":"Bottled Tornado"},{"floor":25,"key":"Anchor"},{"floor":26,"key":"Bottled Flame"}],"event_choices":[{"damage_healed":0,"gold_gain":0,"player_choice":"Donut","damage_taken":0,"max_hp_gain":5,"max_hp_loss":0,"event_name":"Big Fish","floor":2,"gold_loss":0},{"damage_healed":0,"gold_gain":175,"player_choice":"AGREE","damage_taken":0,"max_hp_gain":0,"max_hp_loss":0,"event_name":"Liars Game","floor":3,"gold_loss":0,"cards_obtained":["Doubt"]},{"damage_healed":0,"gold_gain":0,"player_choice":"Entered Light","damage_taken":17,"max_hp_gain":0,"max_hp_loss":0,"event_name":"Shining Light","floor":8,"gold_loss":0,"cards_upgraded":["Strike_R","Twin Strike"]},{"cards_removed":["Doubt"],"damage_healed":0,"gold_gain":0,"player_choice":"Card Removal","damage_taken":0,"max_hp_gain":0,"max_hp_loss":0,"event_name":"The Cleric","floor":13,"gold_loss":50},{"damage_healed":0,"gold_gain":30,"player_choice":"Searched \u00272\u0027 times","damage_taken":0,"max_hp_gain":0,"max_hp_loss":0,"event_name":"Dead Adventurer","floor":14,"gold_loss":0},{"damage_healed":0,"gold_gain":0,"player_choice":"Ignored","damage_taken":0,"max_hp_gain":0,"max_hp_loss":0,"event_name":"Vampires","floor":20,"gold_loss":0},{"damage_healed":0,"gold_gain":0,"player_choice":"Fight","damage_taken":0,"max_hp_gain":0,"max_hp_loss":0,"event_name":"Colosseum","floor":21,"gold_loss":0},{"damage_healed":0,"gold_gain":0,"player_choice":"Fought Nobs","damage_taken":0,"max_hp_gain":0,"max_hp_loss":0,"event_name":"Colosseum","floor":21,"gold_loss":0},{"damage_healed":0,"gold_gain":0,"player_choice":"Became a Ghost","damage_taken":0,"max_hp_gain":0,"max_hp_loss":43,"event_name":"Ghosts","floor":23,"gold_loss":0,"cards_obtained":["Ghostly","Ghostly","Ghostly","Ghostly","Ghostly"]},{"damage_healed":0,"gold_gain":0,"player_choice":"Shed Blood","damage_taken":11,"max_hp_gain":5,"max_hp_loss":0,"event_name":"Forgotten Altar","floor":28,"gold_loss":0}],"is_beta":true,"boss_relics":[{"not_picked":["Orrery","Velvet Choker"],"picked":"Pandora\u0027s Box"}],"items_purged_floors":[],"is_endless":false,"potions_floor_spawned":[6,14,16,21,21,31],"killed_by":"Automaton","ascension_level":6}