{"path_per_floor":["M","?","M","M","$","R","M","R","T","E","R","$","?","M","R","B",null,"M","$","?","?","M","M","R"],"character_chosen":"IRONCLAD","items_purchased":["Toxic Egg 2","Ghostly Armor"],"gold_per_floor":[362,362,375,389,74,74,87,87,87,121,121,46,76,92,92,191,191,210,110,110,33,44,61,61,61],"floor_reached":25,"campfire_rested":1,"playtime":1122,"current_hp_per_floor":[72,72,72,72,72,72,72,72,72,62,62,62,55,60,60,13,72,42,42,66,66,67,21,42,0],"items_purged":["Strike_R","Strike_R"],"gold":61,"score":221,"play_id":"dba1c066-7f6d-4dfc-a11e-897fe2d7a0a8","local_time":"20180424185755","is_prod":false,"is_daily":false,"chose_seed":false,"is_ascension_mode":true,"campfire_upgraded":2,"timestamp":1524610675,"path_taken":["M","?","M","?","$","R","M","R","T","E","R","$","?","?","R","BOSS","M","$","?","?","M","?","R","E"],"build_version":"2018-04-19","seed_source_timestamp":780832671524802,"purchased_purges":2,"victory":false,"master_deck":["Strike_R","Strike_R","Strike_R","Defend_R","Defend_R","Defend_R","Defend_R","Bash","Iron Wave","Iron Wave+1","Ghostly Armor+1","Rampage+1","Spot Weakness+1","Double Tap+1","Spot Weakness+1","Limit Break+1","J.A.X.+1","Spot Weakness+1","Iron Wave"],"max_hp_per_floor":[72,72,72,72,72,72,72,72,72,72,72,72,72,72,72,72,72,72,72,72,72,72,72,72,72],"relics":["Burning Blood","Toxic Egg 2","Shovel","Champion Belt","Prayer Wheel","Tiny Chest","Bronze Scales","Orrery"],"card_choices":[{"not_picked":["True Grit","Clash"],"picked":"Iron Wave","floor":1},{"not_picked":["True Grit","Heavy Blade"],"picked":"Iron Wave","floor":4},{"not_picked":["Flex","Infernal Blade"],"picked":"Rampage","floor":7},{"not_picked":["Rage","Wild Strike"],"picked":"Spot Weakness","floor":10},{"not_picked":["Dark Embrace","Fiend Fire"],"picked":"Double Tap","floor":16},{"not_picked":["Thunderclap","Power Through"],"picked":"Spot Weakness","floor":17},{"not_picked":["Iron Wave","Pommel Strike"],"picked":"Limit Break","floor":18},{"not_picked":["Pommel Strike","Infernal Blade"],"picked":"Spot Weakness","floor":22},{"not_picked":["Cleave","Reckless Charge"],"picked":"Iron Wave","floor":23}],"player_experience":748380,"potions_floor_usage":[3,3,4,10,14,16,25],"damage_taken":[{"damage":4,"enemies":"Jaw Worm","floor":1,"turns":4},{"damage":0,"enemies":"Cultist","floor":3,"turns":2},{"damage":0,"enemies":"Small Slimes","floor":4,"turns":3},{"damage":2,"enemies":"3 Louse","floor":7,"turns":4},{"damage":28,"enemies":"Lagavulin","floor":10,"turns":7},{"damage":1,"enemies":"Looter","floor":14,"turns":3},{"damage":53,"enemies":"Hexaghost","floor":16,"turns":10},{"damage":36,"enemies":"Spheric Guardian","floor":18,"turns":5},{"damage":5,"enemies":"3 Byrds","floor":22,"turns":4},{"damage":52,"enemies":"Slaver and Parasite","floor":23,"turns":6},{"damage":48,"enemies":"Gremlin Leader","floor":25,"turns":5}],"event_choices":[{"event_name":"The Lab","player_choice":"Got Potions","floor":2,"damage_taken":0},{"event_name":"Scrap Ooze","player_choice":"success","floor":13,"damage_taken":7},{"event_name":"The Library","player_choice":"Heal","floor":20,"damage_taken":0},{"event_name":"Drug Dealer","player_choice":"Got JAXXED","floor":21,"damage_taken":0}],"boss_relics":[{"not_picked":["Runic Dome","White Beast Statue"],"picked":"Orrery"}],"potions_floor_spawned":[7,10,14,23],"seed_played":"5144140580695036390","killed_by":"Gremlin Leader","ascension_level":2,"is_trial":false}