{"gold_per_floor":[116,133,151,151,69,100,100,120,143,170,26,36,70,70,70,175,175,187,187,202,302,317,352,352,380,380,295,255,104,104,121,121,225,225,241,241,289,289,289,289,303,303,303,303,104,104,32,49,49,49],"floor_reached":51,"playtime":4799,"items_purged":["Defend_R"],"score":749,"play_id":"c45ae64d-1ba7-4500-88e3-83b835a0b585","local_time":"20190530194425","is_ascension_mode":false,"campfire_choices":[{"data":"Double Tap","floor":7,"key":"SMITH"},{"data":"Infernal Blade","floor":15,"key":"SMITH"},{"floor":24,"key":"REST"},{"floor":32,"key":"REST"},{"floor":40,"key":"REST"},{"floor":42,"key":"REST"},{"data":"Power Through","floor":44,"key":"PURGE"},{"floor":49,"key":"REST"}],"neow_cost":"NONE","seed_source_timestamp":0,"circlet_count":0,"master_deck":["Strike_R","Strike_R","Strike_R+1","Bash+1","Inflame+1","Dropkick","Cleave","Dropkick","Thunderclap","Double Tap+1","Infernal Blade+1","Clash","Rage","Dramatic Entrance","Limit Break+1","Clash","Second Wind","Burning Pact","Limit Break","Seeing Red","Limit Break","Inflame+1","Shrug It Off+1","Heavy Blade+1","Heavy Blade","Sadistic Nature","Pummel","Heavy Blade+1"],"special_seed":0,"relics":["Burning Blood","Whetstone","Anchor","Juzu Bracelet","Bag of Marbles","Oddly Smooth Stone","Fusion Hammer","Peace Pipe","Question Card","Happy Flower","Ice Cream","Darkstone Periapt","Gremlin Horn","Empty Cage","Nunchaku","Letter Opener","Strawberry"],"potions_floor_usage":[21,23,31,33,33,37,37,37],"damage_taken":[{"damage":6.0,"enemies":"Jaw Worm","floor":1.0,"turns":5.0},{"damage":1.0,"enemies":"Cultist","floor":2.0,"turns":4.0},{"damage":3,"enemies":"Small Slimes","floor":3,"turns":3},{"damage":6,"enemies":"Gremlin Nob","floor":6,"turns":3},{"damage":6,"enemies":"Exordium Thugs","floor":8,"turns":3},{"damage":22,"enemies":"3 Sentries","floor":10,"turns":5},{"damage":0,"enemies":"Gremlin Gang","floor":12,"turns":1},{"damage":0,"enemies":"Lagavulin","floor":13,"turns":2},{"damage":26,"enemies":"Hexaghost","floor":16,"turns":7},{"damage":0,"enemies":"3 Byrds","floor":18,"turns":2},{"damage":0,"enemies":"Chosen","floor":20,"turns":3},{"damage":13,"enemies":"Colosseum Slavers","floor":21,"turns":5},{"damage":27,"enemies":"Colosseum Nobs","floor":21,"turns":4},{"damage":12,"enemies":"Snake Plant","floor":22,"turns":3},{"damage":0,"enemies":"Slavers","floor":23,"turns":3},{"damage":27,"enemies":"Gremlin Leader","floor":25,"turns":5},{"damage":21,"enemies":"Shelled Parasite and Fungi","floor":31,"turns":3},{"damage":74,"enemies":"Automaton","floor":33,"turns":8},{"damage":25,"enemies":"Orb Walker","floor":35,"turns":4},{"damage":55,"enemies":"2 Orb Walkers","floor":37,"turns":5},{"damage":1,"enemies":"3 Darklings","floor":41,"turns":3},{"damage":22,"enemies":"Spire Growth","floor":48,"turns":3},{"damage":90,"enemies":"Awakened One","floor":50,"turns":5}],"seed_played":"69331367158748137","potions_obtained":[{"floor":1.0,"key":"PowerPotion"},{"floor":3,"key":"Strength Potion"},{"floor":10,"key":"EssenceOfSteel"},{"floor":22,"key":"FearPotion"},{"floor":25,"key":"Fruit Juice"},{"floor":36,"key":"EssenceOfSteel"},{"floor":36,"key":"Explosive Potion"},{"floor":36,"key":"Fruit Juice"},{"floor":48,"key":"EssenceOfSteel"}],"is_trial":false,"path_per_floor":["M","M","M","?","$","E","R","M","T","E","$","M","E","?","R","B",null,"M","?","M","?","M","E","R","E","T","?","?","$","?","M","R","B",null,"M","?","?","?","?","R","M","R","T","R","$","?","?","M","R","B",null],"character_chosen":"IRONCLAD","items_purchased":["Dropkick","Thunderclap","Bag of Marbles","BloodPotion","Heavy Blade","Sadistic Nature"],"campfire_rested":5,"item_purchase_floors":[5,5,11,29,45,45],"current_hp_per_floor":[80,80,80,80,80,80,80,80,80,64,64,70,76,76,76,56,80,80,80,80,52,46,52,76,55,55,55,55,55,55,45,70,10,85,66,66,22,22,22,49,54,81,81,81,81,81,88,72,97,13],"gold":49,"neow_bonus":"REMOVE_CARD","is_prod":false,"is_daily":false,"chose_seed":false,"campfire_upgraded":2,"win_rate":0.0,"timestamp":1559263465,"path_taken":["M","M","M","?","$","E","R","M","T","E","?","M","E","?","R","BOSS","M","?","M","?","M","E","R","E","T","?","?","$","?","M","R","BOSS","M","?","?","?","?","R","M","R","T","R","$","?","?","M","R","BOSS"],"build_version":"2019-01-23","purchased_purges":1,"victory":true,"max_hp_per_floor":[80,80,80,80,80,80,80,80,80,80,80,80,80,80,80,80,80,80,80,80,80,80,80,80,80,80,80,80,80,80,85,85,85,85,85,85,90,90,90,90,90,90,90,90,90,90,97,97,97,97],"card_choices":[{"not_picked":["Sever Soul","Ghostly Armor"],"picked":"Inflame","floor":1.0},{"not_picked":["Thunderclap","Perfected Strike"],"picked":"Dropkick","floor":2.0},{"not_picked":["Headbutt","Armaments"],"picked":"Cleave","floor":3},{"not_picked":["Armaments","Clash"],"picked":"Double Tap","floor":6},{"not_picked":["Heavy Blade","Anger"],"picked":"Infernal Blade","floor":8},{"not_picked":["Whirlwind","Iron Wave"],"picked":"Clash","floor":10},{"not_picked":["Heavy Blade","Offering","Burning Pact"],"picked":"SKIP","floor":12},{"not_picked":["Battle Trance","Thunderclap"],"picked":"Rage","floor":13},{"not_picked":["Bludgeon","Fiend Fire"],"picked":"Limit Break","floor":16},{"not_picked":["Thunderclap","Heavy Blade"],"picked":"Clash","floor":18},{"not_picked":["Warcry","Twin Strike","Second Wind"],"picked":"SKIP","floor":20},{"not_picked":["Heavy Blade+1","Twin Strike"],"picked":"Second Wind","floor":21},{"not_picked":["Headbutt","Entrench","Sword Boomerang+1"],"picked":"Burning Pact","floor":22},{"not_picked":["Second Wind","Anger","Rupture+1"],"picked":"Limit Break","floor":23},{"not_picked":["Shrug It Off","Cleave","Ghostly Armor","Perfected Strike"],"picked":"SKIP","floor":25},{"not_picked":["Flex","Clothesline","Perfected Strike+1"],"picked":"Seeing Red","floor":31},{"not_picked":["Bludgeon","Brutality","Barricade"],"picked":"Limit Break","floor":33},{"not_picked":["Metallicize+1","Perfected Strike","Power Through+1"],"picked":"Inflame+1","floor":35},{"not_picked":["Twin Strike","Anger+1","Sword Boomerang+1"],"picked":"Shrug It Off+1","floor":37},{"not_picked":["Burning Pact+1","Shrug It Off","Whirlwind+1"],"picked":"Heavy Blade+1","floor":41},{"not_picked":["Clothesline","Body Slam","Shrug It Off+1"],"picked":"Heavy Blade+1","floor":48}],"player_experience":11961,"relics_obtained":[{"floor":6,"key":"Whetstone"},{"floor":9,"key":"Anchor"},{"floor":10,"key":"Juzu Bracelet"},{"floor":13,"key":"Oddly Smooth Stone"},{"floor":21,"key":"Peace Pipe"},{"floor":21,"key":"Question Card"},{"floor":23,"key":"Happy Flower"},{"floor":25,"key":"Ice Cream"},{"floor":26,"key":"Darkstone Periapt"},{"floor":37,"key":"Nunchaku"},{"floor":43,"key":"Letter Opener"}],"event_choices":[{"damage_healed":0,"gold_gain":0,"player_choice":"Grow","damage_taken":0,"max_hp_gain":0,"max_hp_loss":0,"event_name":"Living Wall","floor":4,"gold_loss":0,"cards_upgraded":["Inflame"]},{"damage_healed":0,"gold_gain":0,"player_choice":"2 cards matched","damage_taken":0,"max_hp_gain":0,"max_hp_loss":0,"event_name":"Match and Keep!","floor":14,"gold_loss":0,"cards_obtained":["Power Through","Dramatic Entrance"]},{"damage_healed":0,"gold_gain":0,"player_choice":"Ignored","damage_taken":0,"max_hp_gain":0,"max_hp_loss":0,"event_name":"Vampires","floor":19,"gold_loss":0},{"damage_healed":0,"gold_gain":0,"player_choice":"Fight","damage_taken":0,"max_hp_gain":0,"max_hp_loss":0,"event_name":"Colosseum","floor":21,"gold_loss":0},{"damage_healed":0,"gold_gain":0,"player_choice":"Fought Nobs","damage_taken":0,"max_hp_gain":0,"max_hp_loss":0,"event_name":"Colosseum","floor":21,"gold_loss":0},{"damage_healed":0,"gold_gain":0,"player_choice":"Obtained Relic","damage_taken":0,"relics_obtained":["Gremlin Horn"],"max_hp_gain":0,"max_hp_loss":0,"event_name":"Addict","floor":27,"gold_loss":85},{"damage_healed":0,"gold_gain":0,"player_choice":"Upgrade","damage_taken":0,"max_hp_gain":0,"max_hp_loss":0,"event_name":"Designer","floor":28,"gold_loss":40,"cards_upgraded":["Limit Break"]},{"damage_healed":0,"gold_gain":0,"player_choice":"Leave","damage_taken":0,"max_hp_gain":0,"max_hp_loss":0,"event_name":"FaceTrader","floor":30,"gold_loss":0},{"damage_healed":0,"gold_gain":0,"player_choice":"Got Potions","damage_taken":0,"max_hp_gain":0,"max_hp_loss":0,"event_name":"Lab","floor":36,"gold_loss":0},{"damage_healed":0,"gold_gain":0,"player_choice":"Fight","damage_taken":0,"max_hp_gain":0,"max_hp_loss":0,"event_name":"Mysterious Sphere","floor":37,"gold_loss":0},{"cards_removed":["Defend_R"],"damage_healed":0,"gold_gain":0,"player_choice":"Removed Skill","damage_taken":0,"max_hp_gain":0,"max_hp_loss":0,"event_name":"Falling","floor":38,"gold_loss":0},{"damage_healed":0,"gold_gain":0,"player_choice":"Ignored","damage_taken":0,"max_hp_gain":0,"max_hp_loss":0,"event_name":"Tomb of Lord Red Mask","floor":39,"gold_loss":0},{"damage_healed":0,"gold_gain":0,"cards_transformed":["Defend_R"],"player_choice":"Transformed","damage_taken":0,"max_hp_gain":0,"max_hp_loss":0,"event_name":"Transmorgrifier","floor":46,"gold_loss":0,"cards_obtained":["Pummel"]},{"damage_healed":0,"gold_gain":0,"player_choice":"Paid Gold","damage_taken":0,"relics_obtained":["Strawberry"],"max_hp_gain":0,"max_hp_loss":0,"event_name":"WeMeetAgain","floor":47,"gold_loss":72}],"is_beta":false,"boss_relics":[{"not_picked":["Coffee Dripper","White Beast Statue"],"picked":"Fusion Hammer"},{"not_picked":["Astrolabe","Snecko Eye"],"picked":"Empty Cage"}],"items_purged_floors":[29],"is_endless":false,"potions_floor_spawned":[1,3,10,12,18,22,25,48],"ascension_level":0}