{"path_per_floor":["M","?","M","?","$","M","M","M","T","?","M","M","E","M","R","B",null,"M"],"character_chosen":"IRONCLAD","items_purchased":["Anchor"],"gold_per_floor":[119,119,134,209,55,78,91,114,182,357,372,391,424,440,440,559,559,527],"floor_reached":19,"campfire_rested":1,"playtime":1249,"current_hp_per_floor":[80,60,64,53,53,58,48,51,51,51,44,47,34,32,56,12,80,54],"items_purged":[],"gold":527,"score":173,"play_id":"bcaabe68-68c2-4b2d-8f39-8aa44732cf8d","local_time":"20180307024222","is_prod":false,"is_daily":false,"is_ascension_mode":false,"campfire_upgraded":0,"timestamp":1520408542,"path_taken":["M","?","M","?","?","M","M","M","T","?","M","?","E","M","R","BOSS","M","M"],"build_version":"2018-03-01-PROD1","purchased_purges":0,"victory":false,"master_deck":["Strike_R","Strike_R","Strike_R","Strike_R","Strike_R","Defend_R","Defend_R","Defend_R","Defend_R","Bash","Writhe","Flex","Carnage+1","Perfected Strike","Bloodletting","Carnage","Doubt","Carnage","Iron Wave+1","Clash","Dual Wield","Demon Form","True Grit","Dual Wield","Bloodletting","Clash","Heavy Blade","Disarm"],"max_hp_per_floor":[80,80,80,80,80,80,80,80,80,80,80,80,80,80,80,80,80,80],"relics":["Burning Blood","Torii","Golden Idol","Anchor","Bottled Lightning","Whetstone","Orrery"],"card_choices":[{"not_picked":["Thunderclap","Wild Strike"],"picked":"Flex"},{"not_picked":["Flex","Clothesline"],"picked":"Carnage"},{"not_picked":["Dual Wield","Clothesline"],"picked":"Perfected Strike"},{"not_picked":["Headbutt","Dual Wield"],"picked":"Bloodletting"},{"not_picked":["Fire Breathing","Wild Strike"],"picked":"Carnage"},{"not_picked":["Wild Strike","Sword Boomerang"],"picked":"Carnage"},{"not_picked":["Battle Trance","Anger"],"picked":"Iron Wave"},{"not_picked":["Warcry","Havoc"],"picked":"Clash"},{"not_picked":["Sentinel","Anger"],"picked":"Dual Wield"},{"not_picked":["Feed","Brutality"],"picked":"Demon Form"},{"not_picked":["Anger","Body Slam"],"picked":"True Grit"},{"not_picked":["Carnage","Warcry"],"picked":"Dual Wield"},{"not_picked":["Twin Strike","Combust"],"picked":"Bloodletting"},{"not_picked":["Anger","Entrench"],"picked":"Clash"},{"not_picked":["Armaments","Body Slam"],"picked":"Heavy Blade"},{"not_picked":["Havoc","Armaments"],"picked":"Disarm"}],"player_experience":294792,"potions_floor_usage":[7,13,16,16],"damage_taken":[{"damage":0,"enemies":"Small Slimes","floor":1,"turns":3},{"damage":2,"enemies":"Jaw Worm","floor":3,"turns":4},{"damage":1,"enemies":"Cultist","floor":6,"turns":3},{"damage":16,"enemies":"Exordium Wildlife","floor":7,"turns":5},{"damage":3,"enemies":"Red Slaver","floor":8,"turns":2},{"damage":13,"enemies":"Blue Slaver","floor":11,"turns":4},{"damage":3,"enemies":"Large Slime","floor":12,"turns":4},{"damage":19,"enemies":"3 Sentries","floor":13,"turns":9},{"damage":8,"enemies":"3 Louse","floor":14,"turns":3},{"damage":50,"enemies":"The Guardian","floor":16,"turns":15},{"damage":32,"enemies":"2 Thieves","floor":18,"turns":5},{"damage":57,"enemies":"3 Byrds","floor":19,"turns":6}],"event_choices":[{"event_name":"Golden Idol","player_choice":"Take Damage","floor":2,"damage_taken":0},{"event_name":"World of Goop","player_choice":"Gather Gold","floor":4,"damage_taken":0},{"event_name":"Liars Game","player_choice":"agreed","floor":10,"damage_taken":0}],"boss_relics":[{"not_picked":["Snecko Eye","Question Card"],"picked":"Orrery"}],"potions_floor_spawned":[3,11,12,14],"seed_played":"6125348827934614468","killed_by":"3 Byrds","ascension_level":0,"is_trial":false}