{"path_per_floor":["M","?","?","$","M","R","?","M","T","$","M","?","M","M","R","B",null,"M","?","M","M","M","R","M","?","T","M"],"character_chosen":"DEFECT","items_purchased":["Capacitor"],"gold_per_floor":[14,14,14,14,24,24,24,47,47,21,45,45,60,73,73,201,201,214,214,237,255,275,275,295,295,295,319,319],"floor_reached":28,"campfire_rested":2,"playtime":1694,"current_hp_per_floor":[87,80,80,80,79,79,79,79,79,79,73,73,61,55,79,14,82,72,72,62,10,8,32,12,12,12,12,0],"items_purged":[],"gold":319,"score":214,"play_id":"b68826a7-7ddb-4fbb-b2ff-a5335fd377cb","local_time":"20180507184646","is_prod":false,"is_daily":false,"chose_seed":false,"is_ascension_mode":false,"campfire_upgraded":1,"timestamp":1525733206,"path_taken":["M","?","?","?","M","R","?","M","T","$","?","?","?","M","R","BOSS","M","?","M","M","M","R","M","?","T","M","E"],"build_version":"2018-05-03","seed_source_timestamp":1902767087334354,"purchased_purges":0,"victory":false,"master_deck":["Defend_B","Defend_B","Defend_B","Zap","Dualcast","Consume+1","Go for the Eyes","Streamline","Capacitor","Capacitor","Echo Form","Hyperbeam","Ball Lightning+1","Conserve Battery+1","Chill+1","Buffer","Static Discharge","Rip and Tear","Conserve Battery+1"],"max_hp_per_floor":[89,89,89,89,89,89,82,82,82,82,82,82,82,82,82,82,82,82,82,82,82,82,82,82,82,82,82,82],"relics":["Cracked Core","Golden Idol","Toxic Egg 2","Lizard Tail","Orichalcum"],"card_choices":[{"not_picked":["Buffer","Hologram"],"picked":"Consume","floor":1},{"not_picked":["Cold Snap","Rebound"],"picked":"Streamline","floor":5},{"not_picked":["Go for the Eyes","Loop"],"picked":"Capacitor","floor":8},{"not_picked":["Go for the Eyes","Rebound"],"picked":"Echo Form","floor":14},{"not_picked":["Meteor Strike","Reboot"],"picked":"Hyperbeam","floor":16},{"not_picked":["Turbo","Hologram"],"picked":"Ball Lightning","floor":18},{"not_picked":["Chaos","Streamline"],"picked":"Conserve Battery","floor":20},{"not_picked":["Axe Kick","Coolheaded"],"picked":"Chill","floor":21},{"not_picked":["Impulse","Hologram"],"picked":"Buffer","floor":22},{"not_picked":["Cold Snap","FTL"],"picked":"Static Discharge","floor":24},{"not_picked":["Reinforced Body","Doom and Gloom"],"picked":"Conserve Battery","floor":27}],"player_experience":177393,"potions_floor_usage":[16,16,16,20,21,27],"damage_taken":[{"damage":2,"enemies":"2 Louse","floor":1,"turns":2},{"damage":1,"enemies":"Cultist","floor":5,"turns":3},{"damage":0,"enemies":"Small Slimes","floor":8,"turns":3},{"damage":6,"enemies":"Exordium Wildlife","floor":11,"turns":3},{"damage":12,"enemies":"Looter","floor":13,"turns":3},{"damage":6,"enemies":"Blue Slaver","floor":14,"turns":3},{"damage":65,"enemies":"Hexaghost","floor":16,"turns":10},{"damage":10,"enemies":"Chosen","floor":18,"turns":4},{"damage":10,"enemies":"3 Byrds","floor":20,"turns":4},{"damage":52,"enemies":"Centurion and Healer","floor":21,"turns":8},{"damage":46,"enemies":"Slaver and Parasite","floor":22,"turns":10},{"damage":20,"enemies":"Snake Plant","floor":24,"turns":6},{"damage":0,"enemies":"Centurion and Healer","floor":27,"turns":8},{"damage":23,"enemies":"Slavers","floor":28,"turns":1}],"event_choices":[{"event_name":"Golden Wing","player_choice":"Card Removal","floor":2,"damage_taken":0},{"event_name":"Living Wall","player_choice":"Change","floor":3,"damage_taken":0},{"event_name":"Golden Idol","player_choice":"Lose Max HP","floor":7,"damage_taken":0},{"event_name":"Purifier","player_choice":"One Purge","floor":12,"damage_taken":0},{"event_name":"Back to Basics","player_choice":"Elegance","floor":19,"damage_taken":0},{"event_name":"Transmorgrifier","player_choice":"Transform","floor":25,"damage_taken":0}],"boss_relics":[{"not_picked":["Sozu","Philosopher\u0027s Stone"],"picked":"Lizard Tail"}],"potions_floor_spawned":[1,8,14,16,18,24],"seed_played":"-3266354814586718014","killed_by":"Slavers","ascension_level":0,"is_trial":false}