{"gold_per_floor":[113,128,144,144,157,157,173,204,204,235,235,235,255,291,291,384,384,399,417,301,315,315,315,358,358],"floor_reached":25,"playtime":886,"items_purged":["Strike_G"],"score":516,"play_id":"571fe5af-6e5d-4869-91b4-6480ed4117ce","local_time":"20190622223009","is_ascension_mode":true,"campfire_choices":[{"data":"Skewer","floor":6.0,"key":"SMITH"},{"floor":11.0,"key":"REST"},{"data":"Malaise","floor":15.0,"key":"SMITH"},{"floor":23,"key":"REST"}],"neow_cost":"TEN_PERCENT_HP_LOSS","seed_source_timestamp":966095040635799,"circlet_count":0,"master_deck":["AscendersBane","Defend_G","Defend_G","Defend_G","Defend_G","Defend_G","Strike_G","Strike_G","Survivor","Neutralize","Riddle With Holes","Malaise+1","Skewer+1","Dagger Throw","Dodge and Roll","Poisoned Stab","Dagger Spray","Endless Agony","Corpse Explosion","Catalyst+1","Catalyst","Cloak And Dagger","Corpse Explosion","Catalyst"],"special_seed":0,"relics":["Ring of the Snake","Golden Idol","Boot","Pantograph","Odd Mushroom","CultistMask","Lantern","Cursed Key","Calipers"],"potions_floor_usage":[24],"damage_taken":[{"damage":1.0,"enemies":"Jaw Worm","floor":1.0,"turns":6.0},{"damage":0.0,"enemies":"2 Louse","floor":2.0,"turns":3.0},{"damage":0.0,"enemies":"Cultist","floor":3.0,"turns":4.0},{"damage":0.0,"enemies":"Blue Slaver","floor":5.0,"turns":6.0},{"damage":2.0,"enemies":"Lots of Slimes","floor":7.0,"turns":6.0},{"damage":33.0,"enemies":"Lagavulin","floor":8.0,"turns":8.0},{"damage":7.0,"enemies":"The Mushroom Lair","floor":10.0,"turns":6.0},{"damage":0.0,"enemies":"Gremlin Gang","floor":13.0,"turns":3.0},{"damage":16.0,"enemies":"3 Sentries","floor":14.0,"turns":7.0},{"damage":5.0,"enemies":"Hexaghost","floor":16.0,"turns":11.0},{"damage":22.0,"enemies":"2 Thieves","floor":18.0,"turns":2.0},{"damage":5.0,"enemies":"Spheric Guardian","floor":19.0,"turns":6.0},{"damage":6,"enemies":"Chosen and Byrds","floor":21,"turns":4},{"damage":23,"enemies":"Gremlin Leader","floor":24,"turns":7},{"damage":14,"enemies":"Snake Plant","floor":25,"turns":2}],"seed_played":"3830202723237831235","potions_obtained":[{"floor":3.0,"key":"GhostInAJar"},{"floor":5.0,"key":"Energy Potion"},{"floor":7.0,"key":"LiquidBronze"},{"floor":13.0,"key":"GhostInAJar"},{"floor":18.0,"key":"SpeedPotion"}],"is_trial":false,"path_per_floor":["M","M","M","?","M","R","M","E","T","?","R","?","M","E","R","B",null,"M","M","$","M","?","R","E","M"],"character_chosen":"THE_SILENT","items_purchased":["Catalyst"],"campfire_rested":2,"item_purchase_floors":[20],"current_hp_per_floor":[58,58,58,54,54,54,52,19,19,12,28,28,28,12,12,32,49,27,22,22,16,16,32,9,0],"gold":358,"neow_bonus":"TRANSFORM_TWO_CARDS","is_prod":false,"is_daily":false,"chose_seed":false,"campfire_upgraded":2,"win_rate":0,"timestamp":1561267809,"path_taken":["M","M","M","?","M","R","M","E","T","?","R","?","M","E","R","BOSS","M","M","$","?","?","R","E","?"],"build_version":"2019-01-23","purchased_purges":1,"victory":false,"max_hp_per_floor":[60,60,60,54,54,54,54,54,54,54,54,54,54,54,54,54,54,54,54,54,54,54,54,54,54],"card_choices":[{"not_picked":["Prepared","Deadly Poison"],"picked":"Skewer","floor":1.0},{"not_picked":["Backflip","Concentrate"],"picked":"Dagger Throw","floor":2.0},{"not_picked":["Blur","Sucker Punch"],"picked":"Dodge and Roll","floor":3.0},{"not_picked":["Catalyst","Acrobatics","Distraction"],"picked":"SKIP","floor":5.0},{"not_picked":["Underhanded Strike","Eviscerate"],"picked":"Poisoned Stab","floor":7.0},{"not_picked":["Slice","Dodge and Roll","Finisher"],"picked":"SKIP","floor":8.0},{"not_picked":["Reflex","Quick Slash"],"picked":"Dagger Spray","floor":10.0},{"not_picked":["Dodge and Roll","Acrobatics","Poisoned Stab"],"picked":"SKIP","floor":13.0},{"not_picked":["Riddle With Holes","Acrobatics"],"picked":"Endless Agony","floor":14.0},{"not_picked":["Unload","Night Terror"],"picked":"Corpse Explosion","floor":16.0},{"not_picked":["Dash+1","Outmaneuver+1"],"picked":"Catalyst+1","floor":18.0},{"not_picked":["Deflect","Flechettes","Outmaneuver"],"picked":"SKIP","floor":19.0},{"not_picked":["Dodge and Roll","Bane"],"picked":"Cloak And Dagger","floor":21},{"not_picked":["Heel Hook","Dagger Spray"],"picked":"Catalyst","floor":24}],"player_experience":808273,"relics_obtained":[{"floor":8.0,"key":"Boot"},{"floor":9.0,"key":"Pantograph"},{"floor":10.0,"key":"Odd Mushroom"},{"floor":14.0,"key":"Lantern"},{"floor":24,"key":"Calipers"}],"event_choices":[{"damage_healed":0.0,"max_hp_gain":0.0,"max_hp_loss":6.0,"gold_gain":0.0,"event_name":"Golden Idol","player_choice":"Lose Max HP","floor":4.0,"gold_loss":0.0,"damage_taken":0.0,"relics_obtained":["Golden Idol"]},{"damage_healed":0.0,"max_hp_gain":0.0,"max_hp_loss":0.0,"gold_gain":0.0,"event_name":"Mushrooms","player_choice":"Fought Mushrooms","floor":10.0,"gold_loss":0.0,"damage_taken":0.0},{"damage_healed":0.0,"max_hp_gain":0.0,"max_hp_loss":0.0,"gold_gain":0.0,"event_name":"FaceTrader","player_choice":"Trade","floor":12.0,"gold_loss":0.0,"damage_taken":0.0,"relics_obtained":["CultistMask"]},{"damage_healed":0,"gold_gain":0,"player_choice":"Copied","damage_taken":0,"max_hp_gain":0,"max_hp_loss":0,"event_name":"Duplicator","floor":22,"gold_loss":0,"cards_obtained":["Corpse Explosion"]}],"is_beta":false,"boss_relics":[{"not_picked":["Astrolabe","HoveringKite"],"picked":"Cursed Key"}],"items_purged_floors":[20],"is_endless":false,"potions_floor_spawned":[3,5,7,13,18],"killed_by":"Snake Plant","ascension_level":20}