{"path_per_floor":["M","M","?","$","M","E","R","E","T","E","?","M","R","M","R","B",null,"M","M","M","?","M","?"],"character_chosen":"DEFECT","items_purchased":["Melter"],"gold_per_floor":[112,126,126,56,76,106,106,136,163,193,193,212,212,226,226,323,323,304,318,318,278,293,293,293],"floor_reached":24,"campfire_rested":3,"playtime":1151,"item_purchase_floors":[4],"current_hp_per_floor":[63,68,68,68,68,40,68,33,33,14,14,33,63,27,57,36,80,40,24,13,13,25,25,0],"items_purged":[],"gold":293,"score":229,"play_id":"6788d71c-1d05-46a5-93de-755bb7f62810","local_time":"20180520170127","is_prod":false,"is_daily":false,"chose_seed":false,"is_ascension_mode":true,"campfire_upgraded":0,"timestamp":1526850087,"campfire_choices":[{"floor":7,"key":"REST"},{"floor":13,"key":"REST"},{"floor":15,"key":"REST"}],"path_taken":["M","M","?","?","M","E","R","E","T","E","?","M","R","M","R","BOSS","M","M","M","?","?","?","E"],"build_version":"2018-05-18","seed_source_timestamp":611879751484476,"purchased_purges":0,"victory":false,"master_deck":["Strike_B","Strike_B","Strike_B","Defend_B","Defend_B","Defend_B","Zap","Dualcast","Defragment","Leap","Melter","Chaos","Redo","White Noise","Capacitor","Consume","Cold Snap","Electrodynamics","Tempest+1","Leap"],"max_hp_per_floor":[75,80,80,80,80,80,80,80,80,80,80,80,80,80,80,80,80,80,80,80,80,80,80,80],"relics":["Eternal Feather","Potion Belt","Vajra","Bronze Scales","Toolbox","Lizard Tail"],"card_choices":[{"not_picked":["Doom and Gloom","Stack"],"picked":"Defragment","floor":1},{"not_picked":["Storm","Capacitor"],"picked":"Leap","floor":2},{"not_picked":["Turbo","Sweeping Beam"],"picked":"Chaos","floor":5},{"not_picked":["Ball Lightning","Beam Cell"],"picked":"Redo","floor":6},{"not_picked":["Hologram","Hyperbeam"],"picked":"White Noise","floor":8},{"not_picked":["Scrape","Stack"],"picked":"Capacitor","floor":10},{"not_picked":["Storm","Hologram"],"picked":"Consume","floor":12},{"not_picked":["Fusion","Steam"],"picked":"Cold Snap","floor":14},{"not_picked":["Amplify","All For One"],"picked":"Electrodynamics","floor":16},{"not_picked":["Skim+1","Go for the Eyes","Scrape+1"],"picked":"SKIP","floor":18},{"not_picked":["Hologram","Undo+1"],"picked":"Tempest+1","floor":19},{"not_picked":["Consume","Redo"],"picked":"Leap","floor":22}],"player_experience":309552,"potions_floor_usage":[2,12,12,20,22,24,24,24,24],"damage_taken":[{"damage":12,"enemies":"Jaw Worm","floor":1,"turns":4},{"damage":0,"enemies":"Cultist","floor":2,"turns":4},{"damage":0,"enemies":"2 Louse","floor":5,"turns":3},{"damage":28,"enemies":"Lagavulin","floor":6,"turns":8},{"damage":35,"enemies":"Gremlin Nob","floor":8,"turns":4},{"damage":19,"enemies":"Lagavulin","floor":10,"turns":7},{"damage":0,"enemies":"Large Slime","floor":12,"turns":4},{"damage":36,"enemies":"Exordium Thugs","floor":14,"turns":5},{"damage":21,"enemies":"Hexaghost","floor":16,"turns":9},{"damage":40,"enemies":"2 Thieves","floor":18,"turns":4},{"damage":16,"enemies":"Shell Parasite","floor":19,"turns":6},{"damage":11,"enemies":"Snake Plant","floor":20,"turns":3},{"damage":41,"enemies":"3 Cultists","floor":22,"turns":5},{"damage":31,"enemies":"Gremlin Leader","floor":24,"turns":4}],"relics_obtained":[{"floor":6,"key":"Potion Belt"},{"floor":8,"key":"Vajra"},{"floor":9,"key":"Bronze Scales"},{"floor":10,"key":"Toolbox"}],"event_choices":[{"event_name":"Wheel of Change","player_choice":"Card Removal","floor":3,"damage_taken":0},{"event_name":"Purifier","player_choice":"One Purge","floor":11,"damage_taken":0},{"event_name":"The Woman in Blue","player_choice":"Bought 3 Potions","floor":21,"damage_taken":0},{"event_name":"The Lab","player_choice":"Got Potions","floor":23,"damage_taken":0}],"boss_relics":[{"not_picked":["Snecko Eye","Calling Bell"],"picked":"Lizard Tail"}],"items_purged_floors":[],"potions_floor_spawned":[1,5,8,10,22],"seed_played":"35852551178204604","killed_by":"Gremlin Leader","ascension_level":1,"potions_obtained":[{"floor":1,"key":"Fruit Juice"},{"floor":5,"key":"SmokeBomb"},{"floor":8,"key":"Explosive Potion"},{"floor":10,"key":"Regen Potion"},{"floor":21,"key":"Fire Potion"},{"floor":21,"key":"Ancient Potion"},{"floor":21,"key":"FairyPotion"},{"floor":22,"key":"SkillPotion"},{"floor":23,"key":"Explosive Potion"},{"floor":23,"key":"Explosive Potion"},{"floor":23,"key":"Swift Potion"}],"is_trial":false}