{"gold_per_floor":[109,109,128,9,27,27,27,27,53,65,95,107,129,153,165,277,289,318,146,199,15,114,140,140,140,191,206,206,206,406,422,422,422],"floor_reached":33,"playtime":1328,"items_purged":[],"score":430,"play_id":"6d1c16eb-54a0-4249-acac-db02a5f06177","local_time":"20181227194538","is_ascension_mode":true,"campfire_choices":[{"data":"Thunder Strike","floor":6,"key":"SMITH"},{"data":"Defragment","floor":8,"key":"SMITH"},{"data":"Go for the Eyes","floor":10,"key":"SMITH"},{"data":"Creative AI","floor":15,"key":"SMITH"},{"floor":25,"key":"REST"},{"data":"Creative AI","floor":29,"key":"SMITH"},{"data":"Go for the Eyes","floor":32,"key":"SMITH"}],"neow_cost":"NONE","seed_source_timestamp":577339746606598,"circlet_count":0,"master_deck":["AscendersBane","Strike_B+1","Defend_B+1","Defend_B","Defend_B","Zap+1","Dualcast+1","Thunder Strike+1","Steam Power","Auto Shields","Defragment+1","Go for the Eyes+1","Beam Cell","Tempest","Creative AI+1","Chill","Go for the Eyes+1","Creative AI+1","Blizzard+1","Redo+1","Rip and Tear+1","Reprogram","Undo","Chill","FTL","Ghostly","Ghostly","Ghostly","Ghostly","Ghostly","Stack","All For One"],"relics":["Cracked Core","MawBank","Astrolabe","Juzu Bracelet","Vajra","DataDisk","War Paint","Blood Vial"],"potions_floor_usage":[11,16,16,23,33,33],"damage_taken":[{"damage":3,"enemies":"2 Louse","floor":1,"turns":2},{"damage":1,"enemies":"Cultist","floor":3,"turns":3},{"damage":7,"enemies":"Jaw Worm","floor":5,"turns":3},{"damage":5,"enemies":"Gremlin Gang","floor":11,"turns":4},{"damage":23,"enemies":"Lots of Slimes","floor":13,"turns":4},{"damage":0,"enemies":"3 Louse","floor":14,"turns":4},{"damage":9,"enemies":"Slime Boss","floor":16,"turns":8},{"damage":24,"enemies":"Chosen","floor":18,"turns":6},{"damage":24,"enemies":"Slavers","floor":23,"turns":7},{"damage":1,"enemies":"Shell Parasite","floor":27,"turns":5},{"damage":10,"enemies":"Snake Plant","floor":31,"turns":5},{"damage":52,"enemies":"Collector","floor":33,"turns":7}],"seed_played":"-8283398092584862751","potions_obtained":[{"floor":3,"key":"SteroidPotion"},{"floor":5,"key":"Explosive Potion"},{"floor":13,"key":"Dexterity Potion"},{"floor":16,"key":"Dexterity Potion"},{"floor":23,"key":"FocusPotion"},{"floor":27,"key":"FearPotion"},{"floor":31,"key":"Strength Potion"}],"is_trial":false,"path_per_floor":["M","?","M","$","M","R","$","R","T","R","M","?","M","M","R","B",null,"M","$","T","$","?","E","?","R","T","M","?","R","?","M","R","B"],"character_chosen":"DEFECT","items_purchased":["Defragment","Go for the Eyes","Juzu Bracelet","Undo","DataDisk","Chill"],"campfire_rested":1,"item_purchase_floors":[4,4,19,19,21,21],"current_hp_per_floor":[65,50,49,49,42,42,42,42,42,42,37,37,14,14,14,5,58,34,34,34,34,34,10,10,21,21,22,22,22,22,14,14,0],"gold":422,"neow_bonus":"ONE_RANDOM_RARE_CARD","is_prod":false,"is_daily":false,"chose_seed":false,"campfire_upgraded":6,"win_rate":0,"timestamp":1545936338,"path_taken":["M","?","M","$","M","R","$","R","T","R","M","?","M","?","R","BOSS","M","$","?","$","?","E","?","R","T","M","?","R","?","M","R","BOSS"],"build_version":"2018-12-20","purchased_purges":0,"victory":false,"max_hp_per_floor":[75,75,75,75,75,75,75,75,75,75,75,75,75,75,75,75,75,75,75,75,75,75,75,37,37,37,37,37,37,37,37,37,37],"card_choices":[{"not_picked":["Stack","Cold Snap"],"picked":"Steam Power","floor":1},{"not_picked":["Turbo","Consume"],"picked":"Auto Shields","floor":3},{"not_picked":["Gash","Cold Snap"],"picked":"Beam Cell","floor":5},{"not_picked":["Leap","Sweeping Beam"],"picked":"Tempest","floor":11},{"not_picked":["Sunder","Stack"],"picked":"Chill","floor":13},{"not_picked":["Barrage","Beam Cell"],"picked":"Go for the Eyes","floor":14},{"not_picked":["Reboot","Meteor Strike"],"picked":"Creative AI","floor":16},{"not_picked":["Compile Driver","Gash"],"picked":"Reprogram","floor":18},{"not_picked":["Consume","Compile Driver"],"picked":"FTL","floor":23},{"not_picked":["Compile Driver","Coolheaded"],"picked":"Stack","floor":27},{"not_picked":["Rebound+1","Doom and Gloom"],"picked":"All For One","floor":31}],"player_experience":385667,"relics_obtained":[{"floor":9,"key":"MawBank"},{"floor":20,"key":"Vajra"},{"floor":23,"key":"War Paint"},{"floor":26,"key":"Blood Vial"}],"event_choices":[{"damage_healed":0,"gold_gain":0,"player_choice":"Entered Light","damage_taken":15,"max_hp_gain":0,"max_hp_loss":0,"event_name":"Shining Light","floor":2,"gold_loss":0,"cards_upgraded":["Strike_B","Zap"]},{"damage_healed":0,"gold_gain":0,"cards_transformed":["Strike_B"],"player_choice":"Transformed","damage_taken":0,"max_hp_gain":0,"max_hp_loss":0,"event_name":"Transmorgrifier","floor":12,"gold_loss":0,"cards_obtained":["Creative AI"]},{"damage_healed":0,"gold_gain":99,"player_choice":"Stole From Cult","damage_taken":0,"max_hp_gain":0,"max_hp_loss":0,"event_name":"Nest","floor":22,"gold_loss":0},{"damage_healed":0,"gold_gain":0,"player_choice":"Became a Ghost","damage_taken":0,"max_hp_gain":0,"max_hp_loss":38,"event_name":"Ghosts","floor":24,"gold_loss":0,"cards_obtained":["Ghostly","Ghostly","Ghostly","Ghostly","Ghostly"]},{"damage_healed":0,"gold_gain":0,"player_choice":"Bought 0 Potions","damage_taken":0,"max_hp_gain":0,"max_hp_loss":0,"event_name":"The Woman in Blue","floor":28,"gold_loss":0},{"damage_healed":0,"gold_gain":200,"player_choice":"Gold","damage_taken":0,"max_hp_gain":0,"max_hp_loss":0,"event_name":"Wheel of Change","floor":30,"gold_loss":0}],"is_beta":false,"boss_relics":[{"not_picked":["White Beast Statue","Eternal Feather"],"picked":"Astrolabe"}],"items_purged_floors":[],"is_endless":false,"potions_floor_spawned":[3,5,13,16,23,27,31],"killed_by":"Collector","ascension_level":12}