{"gold_per_floor":[362,381,74,94,94,94,40,40,40,70,86,86,104,119,119,217,217,230,115,25,40,0,0,11,11,11,43,43,55,55,70,70,174,174,194,46,62,72,85,85,115,115,115,134,149,164,164,179,179,179],"floor_reached":51,"playtime":3920,"items_purged":["Anger","Defend_R"],"score":712,"play_id":"42351648-aa79-4346-9741-8f163627591e","local_time":"20190706230254","is_ascension_mode":true,"campfire_choices":[{"data":"Combust","floor":6.0,"key":"SMITH"},{"data":"Body Slam","floor":12.0,"key":"SMITH"},{"data":"True Grit","floor":15.0,"key":"SMITH"},{"data":"Barricade","floor":23.0,"key":"SMITH"},{"floor":25.0,"key":"REST"},{"floor":32.0,"key":"REST"},{"data":"Metallicize","floor":40,"key":"SMITH"},{"data":"PanicButton","floor":42,"key":"SMITH"},{"floor":49,"key":"REST"}],"neow_cost":"TEN_PERCENT_HP_LOSS","seed_source_timestamp":263283158991499,"circlet_count":0,"master_deck":["Strike_R","Strike_R","Strike_R","Strike_R","Strike_R","Defend_R+1","Bash","Rage","Pommel Strike","Combust+1","PanicButton+1","Body Slam+1","Barricade+1","Shrug It Off","True Grit+1","Limit Break","Flex","Flex","Heavy Blade","Headbutt","Sentinel+1","Metallicize+1","Impervious","Spot Weakness","Body Slam+1","Rage+1","Reaper","Body Slam+1","Shrug It Off","Metallicize+1","Armaments+1","Sword Boomerang+1","Battle Trance"],"special_seed":0,"relics":["Burning Blood","Orichalcum","Letter Opener","Mummified Hand","Blood Vial","Orrery","Incense Burner","Nunchaku","Pear","Velvet Choker","Omamori","Ancient Tea Set"],"potions_floor_usage":[33,39,39,41,48,50],"damage_taken":[{"damage":1.0,"enemies":"Cultist","floor":1.0,"turns":4.0},{"damage":6.0,"enemies":"Jaw Worm","floor":2.0,"turns":3.0},{"damage":6.0,"enemies":"Small Slimes","floor":4.0,"turns":3.0},{"damage":13.0,"enemies":"3 Sentries","floor":10.0,"turns":5.0},{"damage":5.0,"enemies":"Gremlin Gang","floor":11.0,"turns":4.0},{"damage":5.0,"enemies":"Looter","floor":13.0,"turns":4.0},{"damage":2.0,"enemies":"Large Slime","floor":14.0,"turns":6.0},{"damage":20.0,"enemies":"The Guardian","floor":16.0,"turns":10.0},{"damage":19.0,"enemies":"Shell Parasite","floor":18.0,"turns":9.0},{"damage":8.0,"enemies":"Chosen","floor":21.0,"turns":4.0},{"damage":27.0,"enemies":"Centurion and Healer","floor":24.0,"turns":8.0},{"damage":49.0,"enemies":"Slavers","floor":27.0,"turns":8.0},{"damage":10.0,"enemies":"Snake Plant","floor":29.0,"turns":7.0},{"damage":5.0,"enemies":"Cultist and Chosen","floor":31.0,"turns":8.0},{"damage":37,"enemies":"Automaton","floor":33,"turns":12},{"damage":3,"enemies":"Orb Walker","floor":35,"turns":4},{"damage":30,"enemies":"3 Darklings","floor":37,"turns":6},{"damage":21,"enemies":"Jaw Worm Horde","floor":38,"turns":6},{"damage":12,"enemies":"Writhing Mass","floor":39,"turns":6},{"damage":37,"enemies":"Reptomancer","floor":41,"turns":7},{"damage":16,"enemies":"Maw","floor":44,"turns":8},{"damage":3,"enemies":"4 Shapes","floor":45,"turns":4},{"damage":5,"enemies":"Transient","floor":46,"turns":5},{"damage":38,"enemies":"Maw","floor":48,"turns":6},{"damage":83,"enemies":"Time Eater","floor":50,"turns":13}],"seed_played":"-6882539379782999646","potions_obtained":[{"floor":1.0,"key":"Dexterity Potion"},{"floor":11.0,"key":"SteroidPotion"},{"floor":14.0,"key":"Fire Potion"},{"floor":16.0,"key":"Fruit Juice"},{"floor":27.0,"key":"SpeedPotion"},{"floor":31.0,"key":"SteroidPotion"},{"floor":33,"key":"PowerPotion"},{"floor":37,"key":"AttackPotion"},{"floor":39,"key":"SteroidPotion"},{"floor":41,"key":"FearPotion"},{"floor":45,"key":"Poison Potion"}],"is_trial":false,"path_per_floor":["M","M","$","M","T","R","$","$","T","E","M","R","M","M","R","B",null,"M","$","?","M","?","R","M","R","T","E","?","M","T","M","R","B",null,"M","$","M","M","M","R","E","R","T","M","M","M","?","M","R","B",null],"character_chosen":"IRONCLAD","items_purchased":["Orichalcum","Combust","PanicButton","Body Slam","Sentinel","Shrug It Off"],"campfire_rested":3,"item_purchase_floors":[3,3,3,7,19,36],"current_hp_per_floor":[72,72,72,72,72,72,72,72,72,65,68,68,71,72,72,58,72,59,64,64,64,64,64,45,68,68,27,27,25,35,38,64,35,87,87,87,84,78,84,84,73,73,73,71,84,87,87,56,82,10],"gold":179,"neow_bonus":"TWO_FIFTY_GOLD","is_prod":false,"is_daily":false,"chose_seed":false,"campfire_upgraded":6,"win_rate":0,"timestamp":1562472174,"path_taken":["M","?","$","?","?","R","?","$","T","E","M","R","M","M","R","BOSS","M","$","?","?","?","R","M","R","T","E","?","?","?","?","R","BOSS","M","$","M","M","M","R","E","R","T","M","M","M","?","M","R","BOSS"],"build_version":"2019-07-05","purchased_purges":2,"victory":true,"max_hp_per_floor":[72,72,72,72,72,72,72,72,72,72,72,72,72,72,72,72,72,72,77,77,77,77,77,77,77,77,77,77,77,87,87,87,87,87,87,87,87,87,87,87,87,87,87,87,87,87,87,87,87,87],"card_choices":[{"not_picked":["Flex","Body Slam"],"picked":"Rage","floor":1.0},{"not_picked":["Rampage","Corruption"],"picked":"Pommel Strike","floor":2.0},{"not_picked":["Headbutt","Clash","Warcry"],"picked":"SKIP","floor":4.0},{"not_picked":["Clash","Second Wind","Dual Wield"],"picked":"SKIP","floor":10.0},{"not_picked":["Havoc","Headbutt"],"picked":"Barricade","floor":11.0},{"not_picked":["Combust","Clothesline"],"picked":"Shrug It Off","floor":13.0},{"not_picked":["Whirlwind","Rampage"],"picked":"True Grit","floor":14.0},{"not_picked":["Fiend Fire","Exhume"],"picked":"Limit Break","floor":16.0},{"not_picked":["Feed","Clothesline"],"picked":"Flex","floor":17.0},{"not_picked":["Thunderclap","Rampage"],"picked":"Flex","floor":17.0},{"not_picked":["Thunderclap","Perfected Strike"],"picked":"Heavy Blade","floor":17.0},{"not_picked":["Infernal Blade","Heavy Blade"],"picked":"Anger","floor":17.0},{"not_picked":["Battle Trance","Sword Boomerang"],"picked":"Headbutt","floor":17.0},{"not_picked":["Clothesline","Perfected Strike","Pommel Strike"],"picked":"SKIP","floor":18.0},{"not_picked":["Dual Wield","Sword Boomerang"],"picked":"Metallicize+1","floor":21.0},{"not_picked":["Thunderclap","Armaments+1"],"picked":"Impervious","floor":24.0},{"not_picked":["Second Wind+1","Sentinel"],"picked":"Spot Weakness","floor":27.0},{"not_picked":["Whirlwind","Perfected Strike+1"],"picked":"Body Slam+1","floor":29.0},{"not_picked":["Bloodletting","Pommel Strike"],"picked":"Rage+1","floor":31.0},{"not_picked":["Demon Form","Limit Break"],"picked":"Reaper","floor":33},{"not_picked":["Wild Strike","Perfected Strike"],"picked":"Body Slam+1","floor":35},{"not_picked":["Perfected Strike","Clothesline"],"picked":"Metallicize","floor":37},{"not_picked":["Fire Breathing","Havoc","Burning Pact"],"picked":"SKIP","floor":38},{"not_picked":["Wild Strike+1","Flame Barrier"],"picked":"Armaments+1","floor":39},{"not_picked":["Sword Boomerang+1","Twin Strike+1","Armaments+1"],"picked":"SKIP","floor":41},{"not_picked":["Body Slam","Brutality","Wild Strike"],"picked":"SKIP","floor":44},{"not_picked":["Body Slam","Pommel Strike+1","Anger+1"],"picked":"SKIP","floor":45},{"not_picked":["Disarm","Pommel Strike"],"picked":"Sword Boomerang+1","floor":46},{"not_picked":["Body Slam","True Grit+1","Twin Strike+1"],"picked":"SKIP","floor":48}],"player_experience":375875,"relics_obtained":[{"floor":5.0,"key":"Letter Opener"},{"floor":9.0,"key":"Mummified Hand"},{"floor":10.0,"key":"Blood Vial"},{"floor":26.0,"key":"Incense Burner"},{"floor":27.0,"key":"Nunchaku"},{"floor":30.0,"key":"Pear"},{"floor":41,"key":"Omamori"},{"floor":43,"key":"Ancient Tea Set"}],"event_choices":[{"cards_removed":["Defend_R"],"damage_healed":0.0,"max_hp_gain":0.0,"max_hp_loss":0.0,"gold_gain":0.0,"event_name":"Designer","player_choice":"Upgrade and Remove","floor":20.0,"gold_loss":90.0,"damage_taken":0.0,"cards_upgraded":["Defend_R"]},{"damage_healed":0.0,"max_hp_gain":0.0,"max_hp_loss":0.0,"gold_gain":0.0,"event_name":"Masked Bandits","player_choice":"Paid Fearfully","floor":22.0,"gold_loss":40.0,"damage_taken":0.0},{"damage_healed":0.0,"max_hp_gain":0.0,"max_hp_loss":0.0,"gold_gain":0.0,"event_name":"Upgrade Shrine","player_choice":"Upgraded","floor":28.0,"gold_loss":0.0,"damage_taken":0.0,"cards_upgraded":["Sentinel"]},{"damage_healed":0,"gold_gain":0,"cards_transformed":["Defend_R"],"player_choice":"Transformed","damage_taken":0,"max_hp_gain":0,"max_hp_loss":0,"event_name":"Transmorgrifier","floor":47,"gold_loss":0,"cards_obtained":["Battle Trance"]}],"is_beta":false,"boss_relics":[{"not_picked":["Coffee Dripper","Calling Bell"],"picked":"Orrery"},{"not_picked":["Fusion Hammer","Sozu"],"picked":"Velvet Choker"}],"items_purged_floors":[19,36],"is_endless":false,"potions_floor_spawned":[1,11,14,16,27,31,33,37,39,41,45],"ascension_level":1}