{"gold_per_floor":[114,114,114,134,134,134,154,154,177,252,61,61,79,93,93,194,194,208,208,7,18,18,18,48,59,108,108,108,108,108,118,118,215,215,225,237,53,0,0,0,10,10,10,10,30,30,30],"floor_reached":47,"playtime":4085,"items_purged":["Normality"],"score":431,"play_id":"31d3a82e-cb55-43d6-a582-0a7f03b901ba","local_time":"20190705053548","is_ascension_mode":false,"campfire_choices":[{"data":"Zap","floor":6,"key":"SMITH"},{"data":"Glacier","floor":8,"key":"SMITH"},{"data":"Self Repair","floor":15,"key":"SMITH"},{"data":"Electrodynamics","floor":23,"key":"SMITH"},{"data":"Go for the Eyes","floor":27,"key":"SMITH"},{"data":"Gash","floor":29,"key":"SMITH"},{"floor":32,"key":"REST"},{"data":"All For One","floor":40,"key":"SMITH"},{"floor":42,"key":"REST"},{"data":"White Noise","floor":44,"key":"SMITH"}],"neow_cost":"TEN_PERCENT_HP_LOSS","seed_source_timestamp":757048982338537,"circlet_count":0,"master_deck":["Strike_B","Strike_B","Strike_B","Defend_B","Defend_B","Defend_B","Zap+1","Dualcast+1","Creative AI+1","Gash+1","Glacier+1","Go for the Eyes+1","Self Repair+1","Compile Driver","Heatsinks","Electrodynamics+1","Genetic Algorithm+1","Genetic Algorithm+1","Chill+1","Ball Lightning+1","Ball Lightning+1","All For One+1","Injury","Decay","Ball Lightning+1","Electrodynamics","Blizzard","Coolheaded","White Noise+1","Stack","Panache","Mind Blast","Dark Shackles"],"relics":["Cracked Core","Juzu Bracelet","Ancient Tea Set","WingedGreaves","Velvet Choker","Membership Card","War Paint","Nloth\u0027s Gift","Calling Bell","Bird Faced Urn","Dodecahedron","Centennial Puzzle","Chemical X","Red Mask","Sundial"],"potions_floor_usage":[16,16,33],"damage_taken":[{"damage":5,"enemies":"2 Louse","floor":1,"turns":4},{"damage":7,"enemies":"Small Slimes","floor":4,"turns":4},{"damage":6,"enemies":"Jaw Worm","floor":7,"turns":4},{"damage":4,"enemies":"Red Slaver","floor":13,"turns":5},{"damage":2,"enemies":"Blue Slaver","floor":14,"turns":5},{"damage":27,"enemies":"Hexaghost","floor":16,"turns":9},{"damage":16,"enemies":"3 Byrds","floor":18,"turns":5},{"damage":18,"enemies":"Shell Parasite","floor":21,"turns":8},{"damage":47,"enemies":"Gremlin Leader","floor":24,"turns":7},{"damage":9,"enemies":"Chosen and Byrds","floor":25,"turns":5},{"damage":3,"enemies":"Centurion and Healer","floor":31,"turns":5},{"damage":53,"enemies":"Champ","floor":33,"turns":10},{"damage":37,"enemies":"3 Darklings","floor":35,"turns":5},{"damage":19,"enemies":"Orb Walker","floor":36,"turns":5},{"damage":54,"enemies":"Spire Growth","floor":41,"turns":7},{"damage":0,"enemies":"Transient","floor":45,"turns":5},{"damage":53,"enemies":"Writhing Mass","floor":47,"turns":5}],"seed_played":"-3502960044083900736","potions_obtained":[{"floor":4,"key":"Strength Potion"},{"floor":7,"key":"AttackPotion"},{"floor":18,"key":"PowerPotion"},{"floor":33,"key":"Ancient Potion"},{"floor":36,"key":"Strength Potion"},{"floor":41,"key":"Ancient Potion"}],"is_trial":false,"path_per_floor":["M","?","?","M","?","R","M","R","T","?","$","T","M","M","R","B",null,"M","?","$","M","?","R","E","M","T","R","?","R","?","M","R","B",null,"M","M","$","?","?","R","M","R","T","R","M","?","M"],"character_chosen":"DEFECT","items_purchased":["Self Repair","Ancient Tea Set","Membership Card","Chemical X","Blizzard","Coolheaded"],"campfire_rested":2,"item_purchase_floors":[11,11,20,37,37,37],"current_hp_per_floor":[63,68,68,61,61,61,55,55,55,48,48,48,51,56,56,39,73,67,54,54,46,72,72,45,36,36,36,36,36,36,43,66,13,78,47,44,44,44,44,44,14,37,37,37,47,37,0],"gold":30,"neow_bonus":"THREE_RARE_CARDS","is_prod":false,"is_daily":false,"chose_seed":false,"campfire_upgraded":8,"win_rate":0.0,"timestamp":1562319348,"path_taken":["M","?","?","M","?","R","M","R","T","?","$","?","M","M","R","BOSS","M","?","$","M","?","R","E","M","T","R","?","R","?","M","R","BOSS","M","M","$","?","?","R","M","R","T","R","M","?","M"],"build_version":"2019-07-01","purchased_purges":1,"victory":false,"max_hp_per_floor":[68,73,73,73,73,73,73,73,73,73,73,73,73,73,73,73,73,73,78,78,78,78,78,78,78,78,78,78,78,78,78,78,78,78,78,78,78,78,78,78,78,78,78,78,78,78,78],"card_choices":[{"not_picked":["Machine Learning","Hyperbeam"],"picked":"Creative AI","floor":0},{"not_picked":["Leap","Consume"],"picked":"Gash","floor":1},{"not_picked":["Defragment","Rebound"],"picked":"Glacier","floor":4},{"not_picked":["Sweeping Beam","Darkness"],"picked":"Go for the Eyes","floor":7},{"not_picked":["Sweeping Beam","Rebound"],"picked":"Compile Driver","floor":13},{"not_picked":["Compile Driver","Streamline"],"picked":"Heatsinks","floor":14},{"not_picked":["Creative AI","Amplify"],"picked":"Electrodynamics","floor":16},{"not_picked":["Loop","Stack+1"],"picked":"Genetic Algorithm+1","floor":18},{"not_picked":["Compile Driver","Steam Power+1"],"picked":"Genetic Algorithm","floor":21},{"not_picked":["Redo","Gash"],"picked":"Chill+1","floor":24},{"not_picked":["Coolheaded","Rebound"],"picked":"Ball Lightning+1","floor":25},{"not_picked":["Recycle","Gash"],"picked":"Ball Lightning+1","floor":31},{"not_picked":["Machine Learning","Multi-Cast"],"picked":"All For One","floor":33},{"not_picked":["All For One","Conserve Battery"],"picked":"Ball Lightning+1","floor":35},{"not_picked":["Barrage","Undo"],"picked":"Electrodynamics","floor":36},{"not_picked":["Turbo","Sweeping Beam+1"],"picked":"White Noise","floor":41},{"not_picked":["Aggregate","Steam+1"],"picked":"Stack","floor":45},{"not_picked":["Metamorphosis","Discovery"],"picked":"Panache","floor":46},{"not_picked":["Trip","PanicButton"],"picked":"Mind Blast","floor":46},{"not_picked":["Discovery","Blind"],"picked":"Dark Shackles","floor":46}],"player_experience":51887,"relics_obtained":[{"floor":9,"key":"Juzu Bracelet"},{"floor":12,"key":"WingedGreaves"},{"floor":24,"key":"Anchor"},{"floor":26,"key":"War Paint"},{"floor":34,"key":"Bird Faced Urn"},{"floor":34,"key":"Dodecahedron"},{"floor":34,"key":"Centennial Puzzle"},{"floor":43,"key":"Sundial"}],"event_choices":[{"damage_healed":0,"gold_gain":0,"player_choice":"Donut","damage_taken":0,"max_hp_gain":5,"max_hp_loss":0,"event_name":"Big Fish","floor":2,"gold_loss":0},{"damage_healed":0,"gold_gain":0,"player_choice":"Ignored","damage_taken":0,"max_hp_gain":0,"max_hp_loss":0,"event_name":"Golden Wing","floor":3,"gold_loss":0},{"damage_healed":0,"gold_gain":0,"player_choice":"Grow","damage_taken":0,"max_hp_gain":0,"max_hp_loss":0,"event_name":"Living Wall","floor":5,"gold_loss":0,"cards_upgraded":["Creative AI"]},{"damage_healed":0,"gold_gain":75,"player_choice":"Touch","damage_taken":7,"max_hp_gain":0,"max_hp_loss":0,"event_name":"FaceTrader","floor":10,"gold_loss":0},{"damage_healed":0,"gold_gain":0,"player_choice":"Shed Blood","damage_taken":18,"max_hp_gain":5,"max_hp_loss":0,"event_name":"Forgotten Altar","floor":19,"gold_loss":0},{"damage_healed":26,"gold_gain":0,"player_choice":"Heal","damage_taken":0,"max_hp_gain":0,"max_hp_loss":0,"event_name":"The Library","floor":22,"gold_loss":0},{"cards_removed":["Strike_B"],"damage_healed":0,"gold_gain":0,"player_choice":"Card Removal","damage_taken":0,"max_hp_gain":0,"max_hp_loss":0,"event_name":"Wheel of Change","floor":28,"gold_loss":0},{"damage_healed":0,"gold_gain":0,"player_choice":"Traded Relic","damage_taken":0,"relics_obtained":["Nloth\u0027s Gift"],"max_hp_gain":0,"max_hp_loss":0,"event_name":"N\u0027loth","floor":30,"relics_lost":["Anchor"],"gold_loss":0},{"damage_healed":0,"gold_gain":0,"player_choice":"Paid","damage_taken":0,"relics_obtained":["Red Mask"],"max_hp_gain":0,"max_hp_loss":0,"event_name":"Tomb of Lord Red Mask","floor":38,"gold_loss":53},{"cards_removed":["Defend_B"],"damage_healed":0,"gold_gain":0,"player_choice":"Removed Skill","damage_taken":0,"max_hp_gain":0,"max_hp_loss":0,"event_name":"Falling","floor":39,"gold_loss":0},{"damage_healed":0,"gold_gain":0,"player_choice":"Memory 3","damage_taken":10,"max_hp_gain":0,"max_hp_loss":0,"event_name":"SensoryStone","floor":46,"gold_loss":0}],"is_beta":false,"boss_relics":[{"not_picked":["FrozenCore","Ectoplasm"],"picked":"Velvet Choker"},{"not_picked":["Fusion Hammer","Runic Pyramid"],"picked":"Calling Bell"}],"items_purged_floors":[37],"is_endless":false,"potions_floor_spawned":[4,7,18,33,36,41],"killed_by":"Writhing Mass","ascension_level":0}