{"gold_per_floor":[114,172,186,199,31,66,78,112,112,129,147,147,147,159,159,260,260,274,234,234,234,244,244],"floor_reached":23,"playtime":694,"items_purged":[],"score":233,"play_id":"820d41cf-49b5-4fce-a2c7-1ba161ff983d","local_time":"20180712150001","is_ascension_mode":true,"campfire_choices":[{"data":"Dramatic Entrance","floor":13,"key":"SMITH"},{"data":"Dual Wield","floor":15,"key":"SMITH"}],"neow_cost":"","seed_source_timestamp":300802376861863,"circlet_count":0,"master_deck":["Strike_R","Strike_R","Strike_R","Strike_R","Strike_R","Defend_R","Defend_R","Defend_R","Defend_R","Bash","Hemokinesis","Shockwave","Ghostly Armor","Dramatic Entrance+1","Rampage","Thunderclap","Perfected Strike","Hemokinesis","Perfected Strike","Thunderclap","Dual Wield+1","Reaper","Injury","Clumsy","Carnage","Wild Strike"],"relics":["Burning Blood","Happy Flower","Charon\u0027s Ashes","Letter Opener","Calling Bell","Art of War","Frozen Egg 2","Nloth\u0027s Gift"],"potions_floor_usage":[6,11,16,16,22,22,23],"damage_taken":[{"damage":18,"enemies":"Jaw Worm","floor":1,"turns":4},{"damage":3,"enemies":"Small Slimes","floor":3,"turns":2},{"damage":10,"enemies":"2 Louse","floor":4,"turns":2},{"damage":43,"enemies":"Lagavulin","floor":6,"turns":7},{"damage":4,"enemies":"Red Slaver","floor":7,"turns":3},{"damage":15,"enemies":"Gremlin Nob","floor":8,"turns":3},{"damage":3,"enemies":"Blue Slaver","floor":10,"turns":2},{"damage":0,"enemies":"3 Louse","floor":11,"turns":2},{"damage":0,"enemies":"Gremlin Gang","floor":14,"turns":1},{"damage":50,"enemies":"Hexaghost","floor":16,"turns":6},{"damage":35,"enemies":"Shell Parasite","floor":18,"turns":4},{"damage":6,"enemies":"Chosen","floor":22,"turns":3},{"damage":51,"enemies":"Book of Stabbing","floor":23,"turns":4}],"seed_played":"5536085316145000028","potions_obtained":[{"floor":4,"key":"SpeedPotion"},{"floor":10,"key":"Regen Potion"},{"floor":11,"key":"Poison Potion"},{"floor":14,"key":"Strength Potion"},{"floor":18,"key":"Swift Potion"},{"floor":19,"key":"Explosive Potion"},{"floor":19,"key":"SkillPotion"}],"is_trial":false,"path_per_floor":["M","?","M","M","$","E","M","E","T","M","M","?","R","M","R","B",null,"M","?","?","?","M"],"character_chosen":"IRONCLAD","items_purchased":["Dramatic Entrance","Rampage"],"campfire_rested":0,"item_purchase_floors":[5,5],"current_hp_per_floor":[68,68,71,67,67,30,32,23,23,26,37,63,63,69,69,25,80,51,51,51,51,51,0],"gold":244,"neow_bonus":"","is_prod":false,"is_daily":false,"chose_seed":false,"campfire_upgraded":2,"win_rate":0,"timestamp":1531422001,"path_taken":["M","?","?","M","$","E","M","E","T","M","M","?","R","M","R","BOSS","M","?","?","?","?","E"],"build_version":"2018-07-11","purchased_purges":0,"victory":false,"max_hp_per_floor":[80,80,80,80,80,80,80,80,80,80,80,80,80,80,80,80,80,80,80,80,80,80,80],"card_choices":[{"not_picked":["Iron Wave","Evolve"],"picked":"Hemokinesis","floor":1},{"not_picked":["Sword Boomerang","Headbutt"],"picked":"Shockwave","floor":3},{"not_picked":["Cleave","Headbutt"],"picked":"Ghostly Armor","floor":4},{"not_picked":["Blood for Blood","Havoc"],"picked":"Thunderclap","floor":6},{"not_picked":["Thunderclap","Twin Strike"],"picked":"Perfected Strike","floor":7},{"not_picked":["Rampage","Thunderclap"],"picked":"Hemokinesis","floor":8},{"not_picked":["True Grit","Metallicize"],"picked":"Perfected Strike","floor":10},{"not_picked":["Armaments","Heavy Blade"],"picked":"Thunderclap","floor":11},{"not_picked":["Sentinel","Battle Trance"],"picked":"Dual Wield","floor":14},{"not_picked":["Double Tap","Bludgeon"],"picked":"Reaper","floor":16},{"not_picked":["Pommel Strike","Havoc"],"picked":"Carnage","floor":18},{"not_picked":["Heavy Blade+1","Twin Strike"],"picked":"Wild Strike","floor":22}],"player_experience":398603,"relics_obtained":[{"floor":6,"key":"Happy Flower"},{"floor":8,"key":"Charon\u0027s Ashes"},{"floor":9,"key":"Letter Opener"},{"floor":17,"key":"Art of War"},{"floor":17,"key":"Frozen Egg 2"},{"floor":17,"key":"Sundial"}],"event_choices":[{"event_name":"Golden Wing","player_choice":"Gained Gold","floor":2,"damage_taken":0},{"event_name":"Big Fish","player_choice":"Banana","floor":12,"damage_taken":0},{"event_name":"The Woman in Blue","player_choice":"Bought 3 Potions","floor":19,"damage_taken":0},{"event_name":"N\u0027loth","player_choice":"Traded a Sundial","floor":20,"damage_taken":0},{"event_name":"Purifier","player_choice":"One Purge","floor":21,"damage_taken":0}],"boss_relics":[{"not_picked":["Cursed Key","Runic Dome"],"picked":"Calling Bell"}],"items_purged_floors":[],"is_endless":false,"potions_floor_spawned":[4,10,11,14,18],"killed_by":"Book of Stabbing","ascension_level":3}