{"path_per_floor":["M","?","M","M","?","R","M","M","T","E","M","M","E","M","R","B",null,"M","M","?"],"character_chosen":"IRONCLAD","items_purchased":[],"gold_per_floor":[119,119,139,157,157,157,170,184,208,242,257,274,305,319,319,416,416,426,441,441,441],"floor_reached":21,"campfire_rested":0,"playtime":713,"item_purchase_floors":[],"current_hp_per_floor":[80,80,80,79,79,79,69,67,67,54,56,62,58,59,59,36,80,80,59,59,59],"items_purged":[],"gold":441,"score":195,"play_id":"84c5b4e5-20ae-40b2-9ddd-1dbea6053ceb","local_time":"20180622175259","is_prod":false,"is_daily":false,"chose_seed":false,"is_ascension_mode":false,"campfire_upgraded":2,"win_rate":0,"timestamp":1529715179,"campfire_choices":[{"data":"Bash","floor":6.0,"key":"SMITH"},{"data":"Clothesline","floor":15.0,"key":"SMITH"}],"path_taken":["M","?","M","M","?","R","M","M","T","E","M","?","E","M","R","BOSS","M","M","?","M"],"build_version":"2018-06-21","seed_source_timestamp":831663185916789,"purchased_purges":0,"circlet_count":0,"victory":false,"master_deck":["Strike_R","Defend_R","Defend_R","Defend_R","Defend_R","Bash+1","Shrug It Off","Cleave","Disarm","Inflame","Battle Trance","Shrug It Off","Flame Barrier","Inflame","Clothesline+1","Demon Form","Armaments+1","Flex"],"max_hp_per_floor":[80,80,80,80,80,80,80,80,80,80,80,80,80,80,80,80,80,80,80,80,80],"special_seed":0,"relics":["Burning Blood","Omamori","Anchor","Bag of Preparation","Dream Catcher","Empty Cage"],"card_choices":[{"not_picked":["Pummel","Flex"],"picked":"Shrug It Off","floor":1.0},{"not_picked":["Blood for Blood","Fire Breathing"],"picked":"Cleave","floor":3.0},{"not_picked":["Thunderclap","Body Slam","Havoc"],"picked":"SKIP","floor":4.0},{"not_picked":["Flame Barrier","Clothesline"],"picked":"Disarm","floor":7.0},{"not_picked":["Shockwave","Metallicize"],"picked":"Inflame","floor":8.0},{"not_picked":["Perfected Strike","Metallicize"],"picked":"Battle Trance","floor":10.0},{"not_picked":["Dual Wield","Warcry"],"picked":"Shrug It Off","floor":11.0},{"not_picked":["Shockwave","Second Wind"],"picked":"Flame Barrier","floor":12.0},{"not_picked":["Iron Wave","Warcry"],"picked":"Inflame","floor":13.0},{"not_picked":["Iron Wave","Bludgeon"],"picked":"Clothesline","floor":14.0},{"not_picked":["Berserk","Bludgeon"],"picked":"Demon Form","floor":16},{"not_picked":["Pommel Strike","Evolve"],"picked":"Armaments+1","floor":18},{"not_picked":["Havoc","Cleave+1","Body Slam"],"picked":"SKIP","floor":19}],"player_experience":401807,"potions_floor_usage":[],"damage_taken":[{"damage":6.0,"enemies":"2 Louse","floor":1.0,"turns":3.0},{"damage":0.0,"enemies":"Cultist","floor":3.0,"turns":3.0},{"damage":7.0,"enemies":"Jaw Worm","floor":4.0,"turns":3.0},{"damage":16.0,"enemies":"Exordium Thugs","floor":7.0,"turns":6.0},{"damage":8.0,"enemies":"Red Slaver","floor":8.0,"turns":6.0},{"damage":19.0,"enemies":"Lagavulin","floor":10.0,"turns":6.0},{"damage":4.0,"enemies":"Blue Slaver","floor":11.0,"turns":3.0},{"damage":0.0,"enemies":"Exordium Thugs","floor":12.0,"turns":4.0},{"damage":22.0,"enemies":"Gremlin Nob","floor":13.0,"turns":5.0},{"damage":5.0,"enemies":"Lots of Slimes","floor":14.0,"turns":3.0},{"damage":29,"enemies":"Hexaghost","floor":16,"turns":10},{"damage":4,"enemies":"3 Byrds","floor":18,"turns":3},{"damage":27,"enemies":"Spheric Guardian","floor":19,"turns":8},{"damage":0,"enemies":"Cultist and Chosen","floor":21,"turns":2}],"relics_obtained":[{"floor":9.0,"key":"Anchor"},{"floor":10.0,"key":"Bag of Preparation"},{"floor":13.0,"key":"Dream Catcher"}],"event_choices":[{"event_name":"Liars Game","player_choice":"disagreed","floor":2.0,"damage_taken":0.0},{"event_name":"Bonfire Elementals","player_choice":"BASIC","floor":5.0,"damage_taken":0.0},{"event_name":"Transmorgrifier","player_choice":"Transform","floor":20,"damage_taken":0}],"boss_relics":[{"not_picked":["Philosopher\u0027s Stone","Runic Pyramid"],"picked":"Empty Cage"}],"items_purged_floors":[],"is_endless":false,"potions_floor_spawned":[1,3,7,8,12],"seed_played":"2214049718925871396","killed_by":"Cultist and Chosen","ascension_level":0,"potions_obtained":[{"floor":1.0,"key":"BloodPotion"},{"floor":3.0,"key":"SmokeBomb"},{"floor":7.0,"key":"PowerPotion"},{"floor":8.0,"key":"Explosive Potion"},{"floor":12.0,"key":"Regen Potion"}],"is_trial":false}