{"gold_per_floor":[114,189,207,219,233,266,266,292,319,319,494,494,513,545,545,545],"floor_reached":16,"playtime":832,"items_purged":[],"score":187,"play_id":"ccfcfa78-3500-414f-add2-310c91565845","local_time":"20190621022227","is_ascension_mode":true,"campfire_choices":[{"data":"Limit Break","floor":7,"key":"SMITH"},{"floor":10,"key":"REST"},{"floor":15,"key":"RECALL"}],"neow_cost":"PERCENT_DAMAGE","seed_source_timestamp":105635864161000,"circlet_count":0,"master_deck":["Strike_R","Strike_R","Strike_R","Strike_R","Strike_R","Defend_R","Defend_R","Defend_R","Defend_R","Bash","Sever Soul","Disarm","Infernal Blade","Flex","Limit Break+1","Uppercut","Doubt","Carnage"],"relics":["Burning Blood","PreservedInsect","Lantern","Dream Catcher"],"potions_floor_usage":[4,5,6,8,14],"damage_taken":[{"damage":7,"enemies":"Jaw Worm","floor":1,"turns":5},{"damage":7,"enemies":"Small Slimes","floor":3,"turns":3},{"damage":0,"enemies":"2 Louse","floor":4,"turns":3},{"damage":6,"enemies":"Large Slime","floor":5,"turns":4},{"damage":26,"enemies":"3 Sentries","floor":6,"turns":3},{"damage":36,"enemies":"Lagavulin","floor":8,"turns":4},{"damage":9,"enemies":"Blue Slaver","floor":13,"turns":3},{"damage":25,"enemies":"3 Sentries","floor":14,"turns":5},{"damage":76,"enemies":"The Guardian","floor":16,"turns":14}],"seed_played":"-4750422820131208026","potions_obtained":[{"floor":3,"key":"Energy Potion"},{"floor":4,"key":"SkillPotion"},{"floor":5,"key":"BloodPotion"},{"floor":6,"key":"FearPotion"},{"floor":13,"key":"GamblersBrew"}],"is_trial":false,"path_per_floor":["M","?","M","M","M","E","R","E","T","R","?","?","M","E","R","B"],"character_chosen":"IRONCLAD","items_purchased":[],"campfire_rested":1,"item_purchase_floors":[],"current_hp_per_floor":[66,55,54,60,60,64,64,34,34,62,62,94,91,72,72,0],"gold":545,"neow_bonus":"TWENTY_PERCENT_HP_BONUS","is_prod":false,"is_daily":false,"chose_seed":false,"campfire_upgraded":1,"win_rate":0,"timestamp":1561098147,"path_taken":["M","?","M","M","M","E","R","E","T","R","?","?","M","E","R","BOSS"],"build_version":"2019-06-19","purchased_purges":0,"victory":false,"max_hp_per_floor":[96,96,96,96,96,96,96,96,96,96,96,96,96,96,96,96],"card_choices":[{"not_picked":["Clash","Hemokinesis"],"picked":"Sever Soul","floor":1},{"not_picked":["Reckless Charge","Blood for Blood"],"picked":"Disarm","floor":3},{"not_picked":["Fire Breathing","Thunderclap"],"picked":"Infernal Blade","floor":4},{"not_picked":["Entrench","Shockwave"],"picked":"Flex","floor":5},{"not_picked":["Pummel","Sentinel"],"picked":"Limit Break","floor":6},{"not_picked":["Iron Wave","Twin Strike"],"picked":"Uppercut","floor":8},{"not_picked":["Metallicize","Anger","Perfected Strike"],"picked":"SKIP","floor":13},{"not_picked":["Armaments","Berserk"],"picked":"Carnage","floor":14}],"player_experience":1103699,"relics_obtained":[{"floor":6,"key":"PreservedInsect"},{"floor":8,"key":"Lantern"},{"floor":14,"key":"Dream Catcher"}],"event_choices":[{"damage_healed":0,"gold_gain":75,"player_choice":"Gather Gold","damage_taken":11,"max_hp_gain":0,"max_hp_loss":0,"event_name":"World of Goop","floor":2,"gold_loss":0},{"damage_healed":0,"gold_gain":175,"player_choice":"AGREE","damage_taken":0,"max_hp_gain":0,"max_hp_loss":0,"event_name":"Liars Game","floor":11,"gold_loss":0,"cards_obtained":["Doubt"]},{"damage_healed":32,"gold_gain":0,"player_choice":"Banana","damage_taken":0,"max_hp_gain":0,"max_hp_loss":0,"event_name":"Big Fish","floor":12,"gold_loss":0}],"is_beta":true,"boss_relics":[],"items_purged_floors":[],"is_endless":false,"potions_floor_spawned":[3,4,5,6,13],"killed_by":"The Guardian","ascension_level":7}