{"gold_per_floor":[115,125,125,143,84,123,123,136,136,151,195,195,195],"floor_reached":13,"playtime":348,"items_purged":[],"score":190,"play_id":"8bb4cbe6-8809-458b-856f-34c30f39efc1","local_time":"20190531234018","is_ascension_mode":true,"campfire_choices":[],"neow_cost":"NONE","seed_source_timestamp":9365691934226,"circlet_count":0,"master_deck":["AscendersBane","Strike_R","Strike_R","Strike_R","Strike_R","Strike_R","Defend_R","Defend_R","Defend_R","Defend_R","Bash","Spot Weakness","Perfected Strike","Perfected Strike","Perfected Strike","Armaments","Thunderclap","Twin Strike"],"special_seed":0,"relics":["Burning Blood","Golden Idol","Omamori","Matryoshka","Dead Branch"],"potions_floor_usage":[11],"damage_taken":[{"damage":6.0,"enemies":"Small Slimes","floor":1.0,"turns":5.0},{"damage":4.0,"enemies":"2 Louse","floor":2.0,"turns":4.0},{"damage":1.0,"enemies":"Cultist","floor":4.0,"turns":3.0},{"damage":25.0,"enemies":"Lagavulin","floor":6.0,"turns":5.0},{"damage":12.0,"enemies":"Looter","floor":8.0,"turns":3.0},{"damage":5.0,"enemies":"Exordium Wildlife","floor":10.0,"turns":4.0},{"damage":8,"enemies":"Gremlin Nob","floor":11,"turns":3},{"damage":30,"enemies":"3 Sentries","floor":13,"turns":4}],"seed_played":"-7516561166011741653","potions_obtained":[{"floor":2.0,"key":"SteroidPotion"},{"floor":4.0,"key":"Weak Potion"},{"floor":6.0,"key":"SteroidPotion"}],"is_trial":false,"path_per_floor":["M","M","?","M","$","E","?","M","T","M","E","?","E"],"character_chosen":"IRONCLAD","items_purchased":["Perfected Strike"],"campfire_rested":0,"item_purchase_floors":[5],"current_hp_per_floor":[75,77,49,54,54,35,35,29,29,30,28,28,0],"gold":195,"neow_bonus":"TEN_PERCENT_HP_BONUS","is_prod":false,"is_daily":false,"chose_seed":false,"campfire_upgraded":0,"win_rate":0,"timestamp":1559338818,"path_taken":["M","M","?","M","$","E","?","M","T","M","E","?","E"],"build_version":"2019-01-23","purchased_purges":0,"victory":false,"max_hp_per_floor":[82,82,82,82,82,82,82,82,82,82,82,82,82],"card_choices":[{"not_picked":["Headbutt","Battle Trance"],"picked":"Spot Weakness","floor":1.0},{"not_picked":["Flex","Clash"],"picked":"Perfected Strike","floor":2.0},{"not_picked":["Body Slam","Ghostly Armor","Anger"],"picked":"SKIP","floor":4.0},{"not_picked":["Thunderclap","Wild Strike"],"picked":"Perfected Strike","floor":6.0},{"not_picked":["Heavy Blade","Offering"],"picked":"Armaments","floor":8.0},{"not_picked":["Metallicize","Iron Wave"],"picked":"Thunderclap","floor":10.0},{"not_picked":["Sever Soul","Combust"],"picked":"Twin Strike","floor":11}],"player_experience":575745,"relics_obtained":[{"floor":6.0,"key":"Omamori"},{"floor":9.0,"key":"Matryoshka"},{"floor":11,"key":"Dead Branch"}],"event_choices":[{"damage_healed":0.0,"max_hp_gain":0.0,"max_hp_loss":0.0,"gold_gain":0.0,"event_name":"Golden Idol","player_choice":"Take Damage","floor":3.0,"gold_loss":0.0,"damage_taken":28.0,"relics_obtained":["Golden Idol"]},{"damage_healed":0.0,"max_hp_gain":0.0,"max_hp_loss":0.0,"gold_gain":0.0,"event_name":"Scrap Ooze","player_choice":"Fled","floor":7.0,"gold_loss":0.0,"damage_taken":0.0},{"damage_healed":0,"gold_gain":0,"player_choice":"Ignored","damage_taken":0,"max_hp_gain":0,"max_hp_loss":0,"event_name":"Shining Light","floor":12,"gold_loss":0}],"is_beta":false,"boss_relics":[],"items_purged_floors":[],"is_endless":false,"potions_floor_spawned":[2,4,6],"killed_by":"3 Sentries","ascension_level":20}