{"gold_per_floor":[111,111,122,72,86,86,86,112,136,136,35,65,65],"floor_reached":13,"playtime":357,"items_purged":[],"score":100,"play_id":"0a34d2f4-758e-44e0-8e02-76806dd16728","local_time":"20180718022700","is_ascension_mode":true,"campfire_choices":[{"floor":6,"key":"REST"}],"neow_cost":"NONE","seed_source_timestamp":774337304478572,"circlet_count":0,"master_deck":["Strike_B","Strike_B","Strike_B","Strike_B","Defend_B","Defend_B","Defend_B","Defend_B","Zap","Dualcast","Leap","Gash","Gash","Compile Driver","Redo","Capacitor","Melter"],"relics":["Runic Pyramid","Orichalcum","Gambling Chip","Ancient Tea Set","Blue Candle","Emotion Chip"],"potions_floor_usage":[5,13],"damage_taken":[{"damage":0,"enemies":"2 Louse","floor":1,"turns":2},{"damage":14,"enemies":"Jaw Worm","floor":3,"turns":4},{"damage":1,"enemies":"Cultist","floor":5,"turns":3},{"damage":27,"enemies":"Gremlin Nob","floor":8,"turns":5},{"damage":26,"enemies":"Lagavulin","floor":12,"turns":6},{"damage":18,"enemies":"Exordium Thugs","floor":13,"turns":2}],"seed_played":"-5127610620632761785","potions_obtained":[{"floor":3,"key":"AttackPotion"},{"floor":12,"key":"EssenceOfSteel"}],"is_trial":false,"path_per_floor":["M","?","M","?","M","R","?","E","T","T","$","E"],"character_chosen":"DEFECT","items_purchased":["Redo","Capacitor"],"campfire_rested":1,"item_purchase_floors":[11,11],"current_hp_per_floor":[75,75,61,61,60,75,68,41,41,41,41,15,0],"gold":65,"neow_bonus":"BOSS_RELIC","is_prod":false,"is_daily":false,"chose_seed":false,"campfire_upgraded":0,"win_rate":0,"timestamp":1531895220,"path_taken":["M","?","M","?","?","R","?","E","T","?","$","E","M"],"build_version":"2018-07-16","purchased_purges":0,"victory":false,"max_hp_per_floor":[75,75,75,75,75,75,75,75,75,75,75,75,75],"card_choices":[{"not_picked":["Redo","Aggregate"],"picked":"Leap","floor":1},{"not_picked":["Hologram","Coolheaded"],"picked":"Gash","floor":3},{"not_picked":["Steam Power","Sweeping Beam"],"picked":"Gash","floor":5},{"not_picked":["Hello World","Undo"],"picked":"Compile Driver","floor":8},{"not_picked":["Compile Driver","Beam Cell"],"picked":"Melter","floor":12}],"player_experience":453461,"relics_obtained":[{"floor":8,"key":"Gambling Chip"},{"floor":9,"key":"Ancient Tea Set"},{"floor":10,"key":"Blue Candle"},{"floor":12,"key":"Emotion Chip"}],"event_choices":[{"event_name":"Big Fish","player_choice":"Box","floor":2,"damage_taken":0},{"event_name":"The Cleric","player_choice":"Card Removal","floor":4,"damage_taken":0},{"event_name":"Wheel of Change","player_choice":"Damage","floor":7,"damage_taken":0}],"boss_relics":[],"items_purged_floors":[],"is_endless":false,"potions_floor_spawned":[3,12],"killed_by":"Exordium Thugs","ascension_level":2}