{"gold_per_floor":[361,361,42,117,131,163,109,109,163,163,178,178,213,213,213,213],"floor_reached":16,"playtime":351,"items_purged":["Decay"],"score":212,"play_id":"7a21be8c-18d7-4e6b-85da-55f29484812d","local_time":"20190518175635","is_ascension_mode":true,"campfire_choices":[{"data":"Cloak And Dagger","floor":8.0,"key":"SMITH"},{"floor":12.0,"key":"REST"},{"floor":15,"key":"REST"}],"neow_cost":"CURSE","seed_source_timestamp":313597005306602,"circlet_count":0,"master_deck":["AscendersBane","Defend_G","Defend_G","Defend_G","Defend_G","Defend_G","Strike_G","Strike_G","Strike_G","Strike_G","Strike_G","Survivor","Neutralize","Writhe","Dagger Throw","Die Die Die","Dash","Dash","Cloak And Dagger+1"],"special_seed":0,"relics":["Ring of the Snake","Du-Vu Doll","Bag of Preparation","Ninja Scroll","Bottled Lightning"],"potions_floor_usage":[13,16],"damage_taken":[{"damage":9.0,"enemies":"Small Slimes","floor":1.0,"turns":7.0},{"damage":0.0,"enemies":"Cultist","floor":5.0,"turns":3.0},{"damage":19.0,"enemies":"3 Sentries","floor":6.0,"turns":8.0},{"damage":0.0,"enemies":"Jaw Worm","floor":11.0,"turns":2.0},{"damage":10,"enemies":"Lagavulin","floor":13,"turns":3},{"damage":30,"enemies":"Slime Boss","floor":16,"turns":7}],"seed_played":"-3003714857478531307","potions_obtained":[{"floor":1.0,"key":"Poison Potion"},{"floor":11.0,"key":"SteroidPotion"}],"is_trial":false,"path_per_floor":["M","?","$","?","M","E","$","R","T","?","M","R","E","?","R","B"],"character_chosen":"THE_SILENT","items_purchased":["Die Die Die","Dash","Cloak And Dagger"],"campfire_rested":2,"item_purchase_floors":[3,3,7],"current_hp_per_floor":[50,50,50,39,39,20,20,20,20,2,2,21,11,11,30,0],"gold":213,"neow_bonus":"TWO_FIFTY_GOLD","is_prod":false,"is_daily":false,"chose_seed":false,"campfire_upgraded":1,"win_rate":0,"timestamp":1558227395,"path_taken":["M","?","?","?","M","E","$","R","T","?","M","R","E","?","R","BOSS"],"build_version":"2019-01-23","purchased_purges":1,"victory":false,"max_hp_per_floor":[66,66,66,66,66,66,66,66,66,66,66,66,66,66,66,66],"card_choices":[{"not_picked":["Blur","Deflect"],"picked":"Dagger Throw","floor":1.0},{"not_picked":["Finisher","Acrobatics"],"picked":"Dash","floor":5.0},{"not_picked":["Terror","All Out Attack","Deflect"],"picked":"SKIP","floor":6.0},{"not_picked":["Catalyst","All Out Attack","Predator"],"picked":"SKIP","floor":11.0},{"not_picked":["Sucker Punch","Terror","Underhanded Strike"],"picked":"SKIP","floor":13}],"player_experience":706907,"relics_obtained":[{"floor":6.0,"key":"Du-Vu Doll"},{"floor":9.0,"key":"Bag of Preparation"},{"floor":13,"key":"Bottled Lightning"}],"event_choices":[{"damage_healed":0.0,"max_hp_gain":0.0,"max_hp_loss":0.0,"gold_gain":0.0,"event_name":"Wheel of Change","player_choice":"Cursed","floor":2.0,"gold_loss":0.0,"damage_taken":0.0,"cards_obtained":["Decay"]},{"damage_healed":0.0,"max_hp_gain":0.0,"max_hp_loss":0.0,"gold_gain":75.0,"event_name":"World of Goop","player_choice":"Gather Gold","floor":4.0,"gold_loss":0.0,"damage_taken":11.0},{"damage_healed":0.0,"max_hp_gain":0.0,"max_hp_loss":0.0,"gold_gain":0.0,"event_name":"Scrap Ooze","player_choice":"Success","floor":10.0,"gold_loss":0.0,"damage_taken":18.0,"relics_obtained":["Ninja Scroll"]},{"damage_healed":0,"gold_gain":0,"player_choice":"Ignored","damage_taken":0,"max_hp_gain":0,"max_hp_loss":0,"event_name":"Shining Light","floor":14,"gold_loss":0}],"is_beta":false,"boss_relics":[],"items_purged_floors":[3],"is_endless":false,"potions_floor_spawned":[1,11],"killed_by":"Slime Boss","ascension_level":20}