{"gold_per_floor":[114,130,59,71,71,71,88,107,107,107,107,207,224,256,256,351,351,370,218,238,284,284,315,315,344,344,344,357,272,272,291,291,391,391,409,427,327,327,327,327,327,339,339,359,370,385,385,398,398,398,398,398,12,43,43],"floor_reached":55,"playtime":3027,"items_purged":["Bash","Second Wind+1"],"score":709,"play_id":"9ab3393b-4ae6-405a-9b92-3b340bb5ebca","local_time":"20190616210824","is_ascension_mode":false,"campfire_choices":[{"data":"Flex","floor":6.0,"key":"SMITH"},{"data":"Pommel Strike","floor":10.0,"key":"SMITH"},{"data":"Pommel Strike","floor":15.0,"key":"SMITH"},{"floor":24.0,"key":"REST"},{"floor":27.0,"key":"REST"},{"floor":30.0,"key":"RECALL"},{"data":"Body Slam","floor":32.0,"key":"SMITH"},{"floor":40.0,"key":"REST"},{"floor":49.0,"key":"REST"},{"data":"Inflame","floor":52,"key":"SMITH"}],"neow_cost":"NONE","seed_source_timestamp":0,"circlet_count":0,"master_deck":["Strike_R","Strike_R","Strike_R","Strike_R","Defend_R","Defend_R","Defend_R+1","Defend_R","Carnage","Flex+1","Pommel Strike+1","Body Slam+1","Flex+1","Ghostly Armor+1","Pommel Strike+1","Impervious+1","Spot Weakness+1","Spot Weakness+1","Inflame+1","Body Slam+1","Double Tap+1","Cleave","Entrench+1","Shrug It Off+1","Flex+1","Heavy Blade+1","Flex+1","The Bomb+1","Ghostly Armor+1","Swift Strike","Iron Wave+1"],"special_seed":0,"relics":["Burning Blood","PreservedInsect","Sundial","Toxic Egg 2","Gambling Chip","Runic Pyramid","Bag of Preparation","Mummified Hand","Darkstone Periapt","Mercury Hourglass","Lizard Tail","Calipers","Turnip","FaceOfCleric","War Paint"],"potions_floor_usage":[50,50,50],"damage_taken":[{"damage":10.0,"enemies":"Cultist","floor":1.0,"turns":4.0},{"damage":6.0,"enemies":"2 Louse","floor":2.0,"turns":3.0},{"damage":5.0,"enemies":"Small Slimes","floor":4.0,"turns":4.0},{"damage":6.0,"enemies":"Red Slaver","floor":7.0,"turns":3.0},{"damage":4.0,"enemies":"3 Louse","floor":8.0,"turns":3.0},{"damage":9.0,"enemies":"Exordium Thugs","floor":13.0,"turns":4.0},{"damage":9.0,"enemies":"3 Sentries","floor":14.0,"turns":3.0},{"damage":44.0,"enemies":"The Guardian","floor":16.0,"turns":11.0},{"damage":0.0,"enemies":"Chosen","floor":18.0,"turns":3.0},{"damage":10.0,"enemies":"Spheric Guardian","floor":20.0,"turns":3.0},{"damage":41.0,"enemies":"Gremlin Leader","floor":23.0,"turns":4.0},{"damage":33.0,"enemies":"Book of Stabbing","floor":25.0,"turns":5.0},{"damage":0.0,"enemies":"Centurion and Healer","floor":28.0,"turns":5.0},{"damage":8.0,"enemies":"Shelled Parasite and Fungi","floor":31.0,"turns":3.0},{"damage":52.0,"enemies":"Automaton","floor":33.0,"turns":7.0},{"damage":31.0,"enemies":"3 Darklings","floor":35.0,"turns":6.0},{"damage":25.0,"enemies":"3 Shapes","floor":36.0,"turns":5.0},{"damage":30.0,"enemies":"Maw","floor":42.0,"turns":7.0},{"damage":0.0,"enemies":"Spire Growth","floor":44.0,"turns":4.0},{"damage":12.0,"enemies":"3 Darklings","floor":45.0,"turns":4.0},{"damage":0.0,"enemies":"Transient","floor":46.0,"turns":5.0},{"damage":13.0,"enemies":"Maw","floor":48.0,"turns":7.0},{"damage":75,"enemies":"Time Eater","floor":50,"turns":7},{"damage":38,"enemies":"Shield and Spear","floor":54,"turns":5},{"damage":55,"enemies":"The Heart","floor":55,"turns":3}],"seed_played":"6204028236801688888","potions_obtained":[{"floor":1.0,"key":"LiquidBronze"},{"floor":2.0,"key":"EssenceOfSteel"},{"floor":13.0,"key":"Strength Potion"},{"floor":20.0,"key":"LiquidBronze"},{"floor":25.0,"key":"Block Potion"},{"floor":42.0,"key":"Weak Potion"},{"floor":44.0,"key":"Strength Potion"},{"floor":48.0,"key":"Regen Potion"}],"is_trial":false,"path_per_floor":["M","M","$","M","?","R","M","M","T","R","?","?","M","E","R","B",null,"M","$","M","T","?","E","R","E","T","R","M","?","R","M","R","B",null,"M","M","$","?","?","R","T","M","T","M","M","M","?","M","R","B",null,"R","$","E","B"],"character_chosen":"IRONCLAD","items_purchased":["Pommel Strike","Body Slam","Spot Weakness+1","The Bomb+1","Ghostly Armor+1","Swift Strike","SpeedPotion"],"campfire_rested":4,"item_purchase_floors":[3,3,19,53,53,53,53],"current_hp_per_floor":[76,76,76,77,61,61,61,63,63,63,60,60,57,54,54,16,80,80,80,76,76,80,45,69,42,42,66,72,72,72,70,70,24,80,55,36,36,36,36,60,60,36,36,42,36,42,42,36,60,47,82,82,82,51,0],"gold":43,"neow_bonus":"RANDOM_COMMON_RELIC","is_prod":false,"is_daily":false,"chose_seed":false,"campfire_upgraded":5,"win_rate":0,"timestamp":1560737304,"path_taken":["M","?","$","M","?","R","M","M","T","R","?","?","M","E","R","BOSS","M","$","M","?","?","E","R","E","T","R","?","?","R","M","R","BOSS","M","M","$","?","?","R","?","M","T","M","M","M","?","M","R","BOSS","R","$","E","BOSS"],"build_version":"2019-01-23","purchased_purges":2,"victory":false,"max_hp_per_floor":[80,80,80,80,80,80,80,80,80,80,80,80,80,80,80,80,80,80,80,80,80,80,80,80,80,80,80,80,80,80,80,80,80,80,80,80,80,80,80,80,80,80,80,80,80,80,80,81,81,82,82,82,82,83,83],"card_choices":[{"not_picked":["Disarm","Blood for Blood"],"picked":"Carnage","floor":1.0},{"not_picked":["Wild Strike","Headbutt"],"picked":"Flex","floor":2.0},{"not_picked":["Havoc","Anger"],"picked":"Flex","floor":4.0},{"not_picked":["Blood for Blood","Corruption","Warcry"],"picked":"SKIP","floor":7.0},{"not_picked":["Whirlwind","Combust"],"picked":"Ghostly Armor","floor":8.0},{"not_picked":["Perfected Strike","Evolve"],"picked":"Pommel Strike","floor":13.0},{"not_picked":["Fire Breathing","Dropkick","Sever Soul"],"picked":"SKIP","floor":14.0},{"not_picked":["Fiend Fire","Brutality"],"picked":"Impervious+1","floor":16.0},{"not_picked":["Warcry+1","Anger"],"picked":"Spot Weakness+1","floor":18.0},{"not_picked":["Ghostly Armor+1","Warcry+1"],"picked":"Inflame","floor":20.0},{"not_picked":["Armaments+1","Hemokinesis","Shockwave+1"],"picked":"SKIP","floor":23.0},{"not_picked":["Headbutt","Burning Pact+1"],"picked":"Second Wind+1","floor":25.0},{"not_picked":["Perfected Strike","Anger","Clash"],"picked":"SKIP","floor":28.0},{"not_picked":["Havoc+1","Dropkick"],"picked":"Body Slam","floor":31.0},{"not_picked":["Impervious+1","Exhume+1"],"picked":"Double Tap+1","floor":33.0},{"not_picked":["Sword Boomerang","Perfected Strike","Bloodletting+1"],"picked":"SKIP","floor":35.0},{"not_picked":["Thunderclap","Dropkick"],"picked":"Cleave","floor":36.0},{"not_picked":["Thunderclap","Headbutt"],"picked":"Entrench+1","floor":42.0},{"not_picked":["Anger","Seeing Red+1"],"picked":"Shrug It Off+1","floor":44.0},{"not_picked":["Rampage","Carnage+1"],"picked":"Flex+1","floor":45.0},{"not_picked":["Sever Soul","Dual Wield+1"],"picked":"Heavy Blade+1","floor":46.0},{"not_picked":["Clothesline","Sentinel+1"],"picked":"Flex+1","floor":48.0},{"not_picked":["Battle Trance+1","Reckless Charge+1"],"picked":"Iron Wave+1","floor":54}],"player_experience":369508,"relics_obtained":[{"floor":9.0,"key":"Sundial"},{"floor":14.0,"key":"Gambling Chip"},{"floor":21.0,"key":"Bag of Preparation"},{"floor":23.0,"key":"Mummified Hand"},{"floor":25.0,"key":"Darkstone Periapt"},{"floor":41.0,"key":"Calipers"},{"floor":43.0,"key":"Turnip"},{"floor":54,"key":"War Paint"}],"event_choices":[{"damage_healed":0.0,"max_hp_gain":0.0,"max_hp_loss":0.0,"gold_gain":0.0,"event_name":"Shining Light","player_choice":"Entered Light","floor":5.0,"gold_loss":0.0,"damage_taken":16.0,"cards_upgraded":["Flex","Body Slam"]},{"damage_healed":0.0,"max_hp_gain":0.0,"max_hp_loss":0.0,"gold_gain":0.0,"event_name":"Scrap Ooze","player_choice":"Success","floor":11.0,"gold_loss":0.0,"damage_taken":3.0,"relics_obtained":["Toxic Egg 2"]},{"damage_healed":0.0,"max_hp_gain":0.0,"max_hp_loss":0.0,"gold_gain":100.0,"event_name":"Golden Shrine","player_choice":"Pray","floor":12.0,"gold_loss":0.0,"damage_taken":0.0},{"damage_healed":26.0,"max_hp_gain":0.0,"max_hp_loss":0.0,"gold_gain":0.0,"event_name":"The Library","player_choice":"Heal","floor":22.0,"gold_loss":0.0,"damage_taken":0.0},{"damage_healed":0.0,"max_hp_gain":0.0,"max_hp_loss":0.0,"gold_gain":0.0,"event_name":"Addict","player_choice":"Obtained Relic","floor":29.0,"gold_loss":85.0,"damage_taken":0.0,"relics_obtained":["Mercury Hourglass"]},{"damage_healed":0.0,"max_hp_gain":0.0,"max_hp_loss":0.0,"gold_gain":0.0,"event_name":"Mysterious Sphere","player_choice":"Ignored","floor":38.0,"gold_loss":0.0,"damage_taken":0.0},{"cards_removed":["Strike_R"],"damage_healed":0.0,"max_hp_gain":0.0,"max_hp_loss":0.0,"gold_gain":0.0,"event_name":"Falling","player_choice":"Removed Attack","floor":39.0,"gold_loss":0.0,"damage_taken":0.0},{"damage_healed":0.0,"max_hp_gain":0.0,"max_hp_loss":0.0,"gold_gain":0.0,"event_name":"FaceTrader","player_choice":"Trade","floor":47.0,"gold_loss":0.0,"damage_taken":0.0,"relics_obtained":["FaceOfCleric"]}],"is_beta":false,"boss_relics":[{"not_picked":["Busted Crown","Snecko Eye"],"picked":"Runic Pyramid"},{"not_picked":["Tiny House","Pandora\u0027s Box"],"picked":"Lizard Tail"}],"items_purged_floors":[19,37],"is_endless":false,"potions_floor_spawned":[1,2,13,14,20,25,42,44,48],"killed_by":"The Heart","ascension_level":0}