{"gold_per_floor":[117,12,23,40,40,70,70,85,85,104,119,150,150,115,115,115],"floor_reached":16,"playtime":397,"items_purged":[],"score":267,"play_id":"c2a903ea-bc18-4dd7-8d3b-73d7ed105d02","local_time":"20190615133446","is_ascension_mode":true,"campfire_choices":[{"data":"Deadly Poison","floor":7,"key":"SMITH"},{"data":"Caltrops","floor":15,"key":"SMITH"}],"neow_cost":"NONE","seed_source_timestamp":229913041781926,"circlet_count":0,"master_deck":["AscendersBane","Defend_G","Defend_G","Defend_G","Defend_G","Defend_G","Strike_G","Strike_G","Strike_G","Strike_G","Strike_G","Survivor","Neutralize","Dagger Spray+1","Deadly Poison+1","Predator","Blade Dance","Infinite Blades","Caltrops+1","Skewer","Backstab"],"relics":["Ring of the Snake","NeowsBlessing","Ancient Tea Set","PreservedInsect","Dodecahedron"],"potions_floor_usage":[12],"damage_taken":[{"damage":0,"enemies":"Cultist","floor":1,"turns":1},{"damage":0,"enemies":"2 Louse","floor":3,"turns":1},{"damage":0,"enemies":"Small Slimes","floor":4,"turns":1},{"damage":33,"enemies":"Gremlin Nob","floor":6,"turns":4},{"damage":1,"enemies":"Looter","floor":8,"turns":2},{"damage":2,"enemies":"2 Fungi Beasts","floor":10,"turns":2},{"damage":6,"enemies":"3 Louse","floor":11,"turns":3},{"damage":0,"enemies":"3 Sentries","floor":12,"turns":3},{"damage":33,"enemies":"The Guardian","floor":16,"turns":8}],"seed_played":"1241579254090628103","potions_obtained":[{"floor":3,"key":"Dexterity Potion"},{"floor":8,"key":"AttackPotion"},{"floor":12,"key":"FearPotion"}],"is_trial":false,"path_per_floor":["M","$","M","M","?","E","R","M","T","M","M","E","?","?","R","B"],"character_chosen":"THE_SILENT","items_purchased":["Deadly Poison","Predator"],"campfire_rested":0,"item_purchase_floors":[2,2],"current_hp_per_floor":[59,59,59,59,59,26,26,25,25,23,17,17,17,33,33,0],"gold":115,"neow_bonus":"THREE_ENEMY_KILL","is_prod":false,"is_daily":false,"chose_seed":false,"campfire_upgraded":2,"win_rate":0,"timestamp":1560598486,"path_taken":["M","$","M","?","?","E","R","M","T","M","M","E","?","?","R","BOSS"],"build_version":"2019-01-23","purchased_purges":0,"victory":false,"max_hp_per_floor":[66,66,66,66,66,66,66,66,66,66,66,66,66,66,66,66],"card_choices":[{"not_picked":["Underhanded Strike","Masterful Stab"],"picked":"Dagger Spray","floor":1},{"not_picked":["Prepared","Acrobatics"],"picked":"Blade Dance","floor":3},{"not_picked":["Concentrate","Calculated Gamble"],"picked":"Infinite Blades","floor":4},{"not_picked":["Blade Dance","Eviscerate"],"picked":"Caltrops","floor":6},{"not_picked":["All Out Attack","Calculated Gamble"],"picked":"Skewer","floor":8},{"not_picked":["Caltrops","Flechettes","Flying Knee"],"picked":"SKIP","floor":10},{"not_picked":["Backflip","Endless Agony","Slice"],"picked":"SKIP","floor":11},{"not_picked":["Eviscerate","Masterful Stab"],"picked":"Backstab","floor":12}],"player_experience":600525,"relics_obtained":[{"floor":6,"key":"Ancient Tea Set"},{"floor":9,"key":"PreservedInsect"},{"floor":12,"key":"Dodecahedron"}],"event_choices":[{"damage_healed":0,"gold_gain":0,"player_choice":"Grow","damage_taken":0,"max_hp_gain":0,"max_hp_loss":0,"event_name":"Living Wall","floor":5,"gold_loss":0,"cards_upgraded":["Dagger Spray"]},{"damage_healed":0,"gold_gain":0,"player_choice":"Ignored","damage_taken":0,"max_hp_gain":0,"max_hp_loss":0,"event_name":"Shining Light","floor":13,"gold_loss":0},{"damage_healed":16,"gold_gain":0,"player_choice":"Healed","damage_taken":0,"max_hp_gain":0,"max_hp_loss":0,"event_name":"The Cleric","floor":14,"gold_loss":35}],"is_beta":false,"boss_relics":[],"items_purged_floors":[],"is_endless":false,"potions_floor_spawned":[3,8,12],"killed_by":"The Guardian","ascension_level":19}