{"gold_per_floor":[115,125,105,117,136,136,164,164,164,207,80,80,103,118,118,118],"floor_reached":16,"playtime":423,"items_purged":["Strike_G"],"score":274,"play_id":"05424581-2aea-48e6-bc32-effabfaf5cfc","local_time":"20181230154853","is_ascension_mode":true,"campfire_choices":[{"data":"Skewer","floor":6,"key":"SMITH"},{"data":"Neutralize","floor":12,"key":"SMITH"},{"data":"Wraith Form v2","floor":15,"key":"SMITH"}],"neow_cost":"NONE","seed_source_timestamp":910687402724436,"circlet_count":0,"master_deck":["AscendersBane","Defend_G","Defend_G","Defend_G","Defend_G","Defend_G","Strike_G","Strike_G","Strike_G","Strike_G","Survivor","Neutralize+1","Skewer+1","Backstab","Flying Knee","Dagger Throw","Wraith Form v2+1","Cloak And Dagger","Dodge and Roll"],"relics":["Ring of the Snake","Letter Opener","Golden Idol","Gambling Chip","StoneCalendar"],"potions_floor_usage":[5,7,10],"damage_taken":[{"damage":6,"enemies":"2 Louse","floor":1,"turns":3},{"damage":1,"enemies":"Cultist","floor":2,"turns":4},{"damage":3,"enemies":"Small Slimes","floor":4,"turns":3},{"damage":14,"enemies":"Exordium Wildlife","floor":5,"turns":6},{"damage":15,"enemies":"Lagavulin","floor":7,"turns":4},{"damage":0,"enemies":"Gremlin Nob","floor":10,"turns":2},{"damage":4,"enemies":"Red Slaver","floor":13,"turns":2},{"damage":0,"enemies":"Blue Slaver","floor":14,"turns":4},{"damage":23,"enemies":"The Guardian","floor":16,"turns":13}],"seed_played":"-7839155675645071365","potions_obtained":[{"floor":3,"key":"PowerPotion"},{"floor":4,"key":"Dexterity Potion"},{"floor":5,"key":"Strength Potion"},{"floor":7,"key":"SteroidPotion"}],"is_trial":false,"path_per_floor":["M","M","?","M","M","R","E","?","T","E","$","R","M","M","R","B"],"character_chosen":"THE_SILENT","items_purchased":["Cloak And Dagger"],"campfire_rested":0,"item_purchase_floors":[11],"current_hp_per_floor":[59,58,58,55,41,41,26,26,26,26,26,26,22,22,22,0],"gold":118,"neow_bonus":"TEN_PERCENT_HP_BONUS","is_prod":false,"is_daily":false,"chose_seed":false,"campfire_upgraded":3,"win_rate":0,"timestamp":1546210133,"path_taken":["M","M","?","M","?","R","E","?","T","E","?","R","M","?","R","BOSS"],"build_version":"2018-12-20","purchased_purges":1,"victory":false,"max_hp_per_floor":[72,72,72,72,72,72,72,65,65,65,65,65,65,65,65,65],"card_choices":[{"not_picked":["Deflect","Reflex"],"picked":"Skewer","floor":1},{"not_picked":["Prepared","Bane"],"picked":"Backstab","floor":2},{"not_picked":["Heel Hook","Accuracy"],"picked":"Flying Knee","floor":4},{"not_picked":["Distraction","Acrobatics","Dodge and Roll"],"picked":"SKIP","floor":5},{"not_picked":["Crippling Poison","Slice"],"picked":"Dagger Throw","floor":7},{"not_picked":["Outmaneuver","Crippling Poison"],"picked":"Wraith Form v2","floor":10},{"not_picked":["Sucker Punch","Endless Agony"],"picked":"Dodge and Roll","floor":13},{"not_picked":["Underhanded Strike","Sucker Punch","Endless Agony"],"picked":"SKIP","floor":14}],"player_experience":682632,"relics_obtained":[{"floor":7,"key":"Letter Opener"},{"floor":9,"key":"Gambling Chip"},{"floor":10,"key":"StoneCalendar"}],"event_choices":[{"damage_healed":0,"gold_gain":0,"player_choice":"Bought 1 Potion","damage_taken":0,"max_hp_gain":0,"max_hp_loss":0,"event_name":"The Woman in Blue","floor":3,"gold_loss":0},{"damage_healed":0,"gold_gain":0,"player_choice":"Lose Max HP","damage_taken":0,"relics_obtained":["Golden Idol"],"max_hp_gain":0,"max_hp_loss":7,"event_name":"Golden Idol","floor":8,"gold_loss":0}],"is_beta":false,"boss_relics":[],"items_purged_floors":[11],"is_endless":false,"potions_floor_spawned":[4,5,7],"killed_by":"The Guardian","ascension_level":20}