{"gold_per_floor":[12,27,45,95,113,146,146,181,181,191,191,210,543,561,561,640,640,654,665,665,684,684,684,684,716,739,349,349],"floor_reached":28,"playtime":804,"items_purged":["Strike_R+1"],"score":545,"play_id":"31ad0128-0a98-4090-9f80-e0b34b7d7c08","local_time":"20190601164517","is_ascension_mode":true,"campfire_choices":[{"data":"Armaments","floor":7.0,"key":"SMITH"},{"floor":11.0,"key":"REST"},{"data":"Battle Trance","floor":15.0,"key":"SMITH"},{"data":"Demon Form","floor":23.0,"key":"SMITH"}],"neow_cost":"NO_GOLD","seed_source_timestamp":1518337370550734,"circlet_count":0,"master_deck":["AscendersBane","Strike_R+1","Strike_R+1","Strike_R+1","Strike_R+1","Defend_R+1","Defend_R+1","Defend_R+1","Defend_R+1","Bash+1","Sword Boomerang","Thunderclap","Armaments+1","Anger","Pummel","Battle Trance+1","Sword Boomerang","Reaper","Demon Form+1","Necronomicurse","True Grit","PanicButton"],"special_seed":0,"relics":["Burning Blood","Ancient Tea Set","Dream Catcher","Shuriken","Old Coin","Coffee Dripper","Necronomicon","Bottled Tornado","Orichalcum","Strawberry"],"potions_floor_usage":[],"damage_taken":[{"damage":11.0,"enemies":"Small Slimes","floor":1.0,"turns":3.0},{"damage":1.0,"enemies":"Cultist","floor":2.0,"turns":3.0},{"damage":0.0,"enemies":"2 Louse","floor":3.0,"turns":2.0},{"damage":6.0,"enemies":"Looter","floor":5.0,"turns":4.0},{"damage":32.0,"enemies":"Gremlin Nob","floor":6.0,"turns":4.0},{"damage":27.0,"enemies":"3 Sentries","floor":8.0,"turns":6.0},{"damage":19.0,"enemies":"Exordium Thugs","floor":10.0,"turns":3.0},{"damage":3.0,"enemies":"Blue Slaver","floor":12.0,"turns":2.0},{"damage":17.0,"enemies":"Lagavulin","floor":13.0,"turns":4.0},{"damage":16.0,"enemies":"2 Fungi Beasts","floor":14.0,"turns":3.0},{"damage":28.0,"enemies":"Slime Boss","floor":16.0,"turns":9.0},{"damage":16.0,"enemies":"3 Byrds","floor":18.0,"turns":4.0},{"damage":12.0,"enemies":"Chosen","floor":19.0,"turns":3.0},{"damage":34.0,"enemies":"Centurion and Healer","floor":21.0,"turns":5.0},{"damage":17.0,"enemies":"Book of Stabbing","floor":25.0,"turns":4.0},{"damage":51,"enemies":"Slavers","floor":28,"turns":3}],"seed_played":"6486854684857183007","potions_obtained":[{"floor":5.0,"key":"PowerPotion"},{"floor":6.0,"key":"LiquidBronze"},{"floor":8.0,"key":"AttackPotion"},{"floor":13.0,"key":"Regen Potion"},{"floor":14.0,"key":"Weak Potion"},{"floor":19.0,"key":"FearPotion"}],"is_trial":false,"path_per_floor":["M","M","M","?","M","E","R","E","T","M","R","M","E","M","R","B",null,"M","M","?","M","?","R","?","E","T","$","E"],"character_chosen":"IRONCLAD","items_purchased":["Strawberry","True Grit","PanicButton"],"campfire_rested":1,"item_purchase_floors":[27,27,27],"current_hp_per_floor":[77,82,88,80,80,54,54,33,33,20,46,49,38,38,38,44,78,68,62,41,55,55,55,55,44,44,51,0],"gold":349,"neow_bonus":"TWENTY_PERCENT_HP_BONUS","is_prod":false,"is_daily":false,"chose_seed":false,"campfire_upgraded":3,"win_rate":0,"timestamp":1559432717,"path_taken":["M","M","M","?","M","E","R","E","T","M","R","?","E","M","R","BOSS","M","M","?","M","?","R","?","E","T","$","E"],"build_version":"2019-01-23","purchased_purges":1,"victory":false,"max_hp_per_floor":[89,89,89,89,89,89,89,89,89,89,89,89,89,89,89,89,89,89,89,89,89,89,89,89,89,89,96,96],"card_choices":[{"not_picked":["Clothesline","Battle Trance"],"picked":"Sword Boomerang","floor":1.0},{"not_picked":["Cleave","Warcry"],"picked":"Thunderclap","floor":2.0},{"not_picked":["Wild Strike","Sword Boomerang"],"picked":"Armaments","floor":3.0},{"not_picked":["Clothesline","Headbutt"],"picked":"Anger","floor":5.0},{"not_picked":["Headbutt","Anger"],"picked":"Pummel","floor":6.0},{"not_picked":["Rupture","Flame Barrier"],"picked":"Battle Trance","floor":8.0},{"not_picked":["Uppercut","Hemokinesis","Thunderclap"],"picked":"SKIP","floor":10.0},{"not_picked":["Sentinel","Cleave"],"picked":"Sword Boomerang","floor":11.0},{"not_picked":["Twin Strike","Havoc","Perfected Strike"],"picked":"SKIP","floor":12.0},{"not_picked":["Twin Strike","Flame Barrier"],"picked":"Reaper","floor":13.0},{"not_picked":["Second Wind","Warcry","Combust"],"picked":"SKIP","floor":14.0},{"not_picked":["Bludgeon","Offering"],"picked":"Demon Form","floor":16.0},{"not_picked":["Infernal Blade","Pommel Strike","Twin Strike"],"picked":"SKIP","floor":18.0},{"not_picked":["Perfected Strike","Heavy Blade","Wild Strike"],"picked":"SKIP","floor":19.0},{"not_picked":["Cleave","Twin Strike","Anger"],"picked":"SKIP","floor":21.0},{"not_picked":["Havoc","Armaments+1","Sentinel"],"picked":"SKIP","floor":25.0}],"player_experience":763163,"relics_obtained":[{"floor":6.0,"key":"Ancient Tea Set"},{"floor":8.0,"key":"Dream Catcher"},{"floor":9.0,"key":"Shuriken"},{"floor":13.0,"key":"Old Coin"},{"floor":20.0,"key":"Necronomicon"},{"floor":25.0,"key":"Bottled Tornado"},{"floor":26.0,"key":"Orichalcum"}],"event_choices":[{"damage_healed":0.0,"max_hp_gain":0.0,"max_hp_loss":0.0,"gold_gain":50.0,"event_name":"FaceTrader","player_choice":"Touch","floor":4.0,"gold_loss":0.0,"damage_taken":8.0},{"damage_healed":0.0,"max_hp_gain":0.0,"max_hp_loss":0.0,"gold_gain":0.0,"event_name":"Cursed Tome","player_choice":"Obtained Book","floor":20.0,"gold_loss":0.0,"damage_taken":21.0},{"damage_healed":0.0,"max_hp_gain":0.0,"max_hp_loss":0.0,"gold_gain":0.0,"event_name":"Back to Basics","player_choice":"Simplicity","floor":22.0,"gold_loss":0.0,"damage_taken":0.0,"cards_upgraded":["Strike_R","Strike_R","Strike_R","Strike_R","Strike_R","Defend_R","Defend_R","Defend_R","Defend_R"]},{"damage_healed":0.0,"max_hp_gain":0.0,"max_hp_loss":0.0,"gold_gain":0.0,"event_name":"Upgrade Shrine","player_choice":"Upgraded","floor":24.0,"gold_loss":0.0,"damage_taken":0.0,"cards_upgraded":["Bash"]}],"is_beta":false,"boss_relics":[{"not_picked":["Lizard Tail","Velvet Choker"],"picked":"Coffee Dripper"}],"items_purged_floors":[27],"is_endless":false,"potions_floor_spawned":[5,6,8,10,13,14,19,21],"killed_by":"Slavers","ascension_level":20}