{"path_per_floor":["M","M","?","$","M","E","R","?","T","R","M","M","R","M","R","B",null,"M","M","M","T","?","R","$","R","T","R","$","?","?","T","R","B",null,"M","$","M","M","$","E","M","?","T","R","?","M","M","?","R","B"],"character_chosen":"IRONCLAD","items_purchased":["Dropkick","Ginger","Body Slam","Panacea"],"gold_per_floor":[111,125,125,13,28,54,54,54,100,100,119,129,129,147,147,252,252,268,286,296,296,296,296,10,10,10,10,10,10,10,35,35,138,138,150,1,13,23,23,57,75,325,325,325,377,387,405,405,405,405],"floor_reached":51,"campfire_rested":5,"playtime":2460,"current_hp_per_floor":[80,80,80,80,80,37,61,61,61,80,80,80,80,80,80,72,80,73,79,29,29,29,53,53,77,77,77,77,77,77,77,77,80,80,80,80,80,80,80,80,77,77,77,77,70,71,44,44,68,18],"items_purged":["Strike_R"],"gold":405,"score":775,"play_id":"993ee961-78e8-4768-a60e-4aec5a596814","local_time":"20180423215252","is_prod":false,"is_daily":false,"chose_seed":false,"is_ascension_mode":false,"campfire_upgraded":5,"timestamp":1524534772,"path_taken":["M","M","?","?","M","E","R","?","T","R","M","?","R","M","R","BOSS","M","M","M","?","?","R","$","R","T","R","$","?","?","?","R","BOSS","M","$","M","M","$","E","M","?","T","R","?","M","?","?","R","BOSS"],"build_version":"2018-04-19","seed_source_timestamp":703578108455544,"purchased_purges":1,"victory":true,"master_deck":["Strike_R","Strike_R+1","Defend_R","Defend_R","Defend_R","Defend_R","Bash+1","Body Slam+1","Ghostly Armor","Dropkick","Dual Wield+1","Iron Wave","Body Slam+1","Armaments+1","Shockwave","Barricade+1","Metallicize","Power Through","Madness+1","Fiend Fire+1","Impervious","Body Slam","Panacea","Feel No Pain","Pain"],"max_hp_per_floor":[80,80,80,80,80,80,80,80,80,80,80,80,80,80,80,80,80,80,80,80,80,80,80,80,80,80,80,80,80,80,80,80,80,80,80,80,80,80,80,80,80,80,80,80,80,80,80,80,80,80],"relics":["Burning Blood","Vajra","Anchor","Runic Pyramid","Bottled Tornado","Ginger","Self Forming Clay","Whetstone","Runic Dome","Red Skull","Calipers","Du-Vu Doll"],"card_choices":[{"not_picked":["Power Through","Iron Wave"],"picked":"Body Slam","floor":1},{"not_picked":["Thunderclap","Flex"],"picked":"Ghostly Armor","floor":2},{"not_picked":["Flex","Hemokinesis"],"picked":"Dual Wield","floor":5},{"not_picked":["True Grit","Warcry"],"picked":"Iron Wave","floor":6},{"not_picked":["Blood for Blood","Warcry"],"picked":"Body Slam","floor":11},{"not_picked":["Twin Strike","Heavy Blade"],"picked":"Armaments","floor":12},{"not_picked":["Uppercut","Blood for Blood"],"picked":"Shockwave","floor":14},{"not_picked":["Exhume","Offering"],"picked":"Barricade","floor":16},{"not_picked":["Iron Wave","Twin Strike"],"picked":"Metallicize","floor":18},{"not_picked":["Thunderclap","Corruption"],"picked":"Power Through","floor":20},{"not_picked":["Exhume","Fiend Fire"],"picked":"Impervious","floor":33},{"not_picked":["Infernal Blade","Twin Strike"],"picked":"Feel No Pain","floor":41}],"player_experience":728914,"potions_floor_usage":[6,12,14,18,37,40,45,46],"damage_taken":[{"damage":1,"enemies":"Jaw Worm","floor":1,"turns":3},{"damage":1,"enemies":"Cultist","floor":2,"turns":4},{"damage":0,"enemies":"Small Slimes","floor":5,"turns":3},{"damage":49,"enemies":"Lagavulin","floor":6,"turns":6},{"damage":3,"enemies":"Exordium Thugs","floor":11,"turns":2},{"damage":0,"enemies":"3 Louse","floor":12,"turns":4},{"damage":5,"enemies":"Exordium Wildlife","floor":14,"turns":3},{"damage":14,"enemies":"The Guardian","floor":16,"turns":10},{"damage":13,"enemies":"3 Byrds","floor":18,"turns":7},{"damage":0,"enemies":"Shell Parasite","floor":19,"turns":5},{"damage":56,"enemies":"Chosen and Byrds","floor":20,"turns":8},{"damage":0,"enemies":"Champ","floor":33,"turns":6},{"damage":0,"enemies":"Orb Walker","floor":35,"turns":4},{"damage":0,"enemies":"3 Shapes","floor":37,"turns":5},{"damage":0,"enemies":"Maw","floor":38,"turns":6},{"damage":0,"enemies":"Giant Head","floor":40,"turns":6},{"damage":9,"enemies":"4 Shapes","floor":41,"turns":3},{"damage":13,"enemies":"Mysterious Sphere","floor":45,"turns":5},{"damage":5,"enemies":"3 Darklings","floor":46,"turns":7},{"damage":33,"enemies":"Sphere and 2 Shapes","floor":47,"turns":7},{"damage":56,"enemies":"Time Eater","floor":50,"turns":10}],"event_choices":[{"event_name":"Bonfire Elementals","player_choice":"BASIC","floor":3,"damage_taken":0},{"event_name":"Living Wall","player_choice":"Grow","floor":8,"damage_taken":0},{"event_name":"Match and Keep!","player_choice":"2 cards matched","floor":22,"damage_taken":0},{"event_name":"Vampires","player_choice":"Ignored","floor":29,"damage_taken":0},{"event_name":"Back to Basics","player_choice":"Elegance","floor":30,"damage_taken":0},{"event_name":"Golden Shrine","player_choice":"Desecrate","floor":42,"damage_taken":0},{"event_name":"Mysterious Sphere","player_choice":"Fight","floor":45,"damage_taken":0},{"event_name":"Transmorgrifier","player_choice":"Transform","floor":48,"damage_taken":0}],"boss_relics":[{"not_picked":["Runic Cube","Mark of Pain"],"picked":"Runic Pyramid"},{"not_picked":["Snecko Eye","White Beast Statue"],"picked":"Runic Dome"}],"potions_floor_spawned":[1,11,12,16,20,38,40,45],"seed_played":"-3444323608969845016","ascension_level":0,"is_trial":false}