{"gold_per_floor":[118,118,118,118,118,118,131,131,131,144,197,220,234,252,252,375,375,393,393,407,431,97,97,97,97,97,97,111,129,148,189,189,319,319,319],"floor_reached":35,"playtime":2057,"items_purged":["Strike_B"],"score":513,"play_id":"e0c66d3a-d296-42d7-8697-deaaec68d21a","local_time":"20180830004240","is_ascension_mode":true,"campfire_choices":[{"data":"Sunder","floor":6,"key":"SMITH"},{"data":"Glacier","floor":8,"key":"SMITH"},{"data":"Rip and Tear","floor":15,"key":"SMITH"},{"floor":23,"key":"REST"},{"data":"Discovery","floor":25,"key":"SMITH"},{"floor":32,"key":"REST"}],"neow_cost":"NONE","seed_source_timestamp":207978013438509,"circlet_count":0,"master_deck":["Strike_B","Defend_B","Defend_B","Defend_B","Defend_B","Zap","Dualcast","Rip and Tear+1","Sunder+1","Injury","Glacier+1","Hologram","Leap","Genetic Algorithm","Turbo","Buffer","Rip and Tear","Steam+1","Loop","Consume","Defragment","Go for the Eyes","Discovery+1","Ghostly","Ghostly","Ghostly","Ghostly","Ghostly","Capacitor","Coolheaded+1","Conserve Battery+1","Loop+1","Darkness+1","Creative AI"],"relics":["Cracked Core","Bag of Marbles","Bag of Preparation","Ancient Tea Set","Golden Idol","Matryoshka","Tiny Chest","DataDisk","Runic Pyramid","Kunai","Toxic Egg 2","Happy Flower","Inserter"],"potions_floor_usage":[16,16,18,30,33],"damage_taken":[{"damage":1,"enemies":"2 Louse","floor":1,"turns":2},{"damage":0,"enemies":"Small Slimes","floor":7,"turns":1},{"damage":0,"enemies":"Jaw Worm","floor":10,"turns":1},{"damage":0,"enemies":"Exordium Wildlife","floor":12,"turns":2},{"damage":0,"enemies":"Exordium Thugs","floor":13,"turns":1},{"damage":0,"enemies":"2 Fungi Beasts","floor":14,"turns":2},{"damage":7,"enemies":"Hexaghost","floor":16,"turns":8},{"damage":1,"enemies":"3 Byrds","floor":18,"turns":3},{"damage":13,"enemies":"Spheric Guardian","floor":20,"turns":4},{"damage":39,"enemies":"3 Cultists","floor":21,"turns":8},{"damage":0,"enemies":"Snecko","floor":28,"turns":4},{"damage":1,"enemies":"Centurion and Healer","floor":29,"turns":11},{"damage":0,"enemies":"Cultist and Chosen","floor":30,"turns":5},{"damage":18,"enemies":"Book of Stabbing","floor":31,"turns":10},{"damage":0,"enemies":"Automaton","floor":33,"turns":10},{"damage":39,"enemies":"3 Darklings","floor":35,"turns":4}],"seed_played":"-5614928739725825162","potions_obtained":[{"floor":1,"key":"Explosive Potion"},{"floor":7,"key":"FearPotion"},{"floor":12,"key":"Weak Potion"},{"floor":29,"key":"PowerPotion"},{"floor":31,"key":"Explosive Potion"},{"floor":33,"key":"Strength Potion"}],"is_trial":false,"path_per_floor":["M","?","?","?","?","R","M","R","T","M","T","M","M","M","R","B",null,"M","?","M","M","$","R","?","R","T","?","M","M","M","E","R","B",null],"character_chosen":"DEFECT","items_purchased":["Consume","Defragment","Go for the Eyes","Discovery"],"campfire_rested":2,"item_purchase_floors":[22,22,22,22],"current_hp_per_floor":[74,74,67,67,67,67,67,67,67,67,67,67,67,67,67,60,75,74,74,61,22,22,44,37,37,37,37,37,36,36,18,29,36,37,0],"gold":319,"neow_bonus":"RANDOM_COMMON_RELIC","is_prod":false,"is_daily":false,"chose_seed":false,"campfire_upgraded":4,"win_rate":0,"timestamp":1535604160,"path_taken":["M","?","?","?","?","R","M","R","T","M","?","M","?","?","R","BOSS","M","?","?","M","$","R","?","R","T","?","M","M","M","E","R","BOSS","M"],"build_version":"2018-08-28","purchased_purges":1,"victory":false,"max_hp_per_floor":[75,75,75,75,75,75,75,75,75,75,75,75,75,75,75,75,75,75,75,75,75,75,75,37,37,37,37,37,37,37,37,37,37,37,37],"card_choices":[{"not_picked":["Streamline","Beam Cell"],"picked":"Rip and Tear","floor":1},{"not_picked":["Loop","Rebound"],"picked":"Glacier","floor":7},{"not_picked":["Redo","Go for the Eyes"],"picked":"Hologram","floor":10},{"not_picked":["Rip and Tear","Stack"],"picked":"Leap","floor":12},{"not_picked":["Reinforced Body","Tempest"],"picked":"Genetic Algorithm","floor":13},{"not_picked":["Stack","Undo"],"picked":"Turbo","floor":14},{"not_picked":["Seek","Reboot"],"picked":"Buffer","floor":16},{"not_picked":["Redo","Hologram"],"picked":"Rip and Tear","floor":18},{"not_picked":["Scrape","Chaos"],"picked":"Steam+1","floor":20},{"not_picked":["Scrape","Coolheaded"],"picked":"Loop","floor":21},{"not_picked":["Buffer","Rebound"],"picked":"Coolheaded+1","floor":28},{"not_picked":["Compile Driver","Redo+1"],"picked":"Conserve Battery+1","floor":29},{"not_picked":["Reinforced Body+1","Sweeping Beam"],"picked":"Loop+1","floor":30},{"not_picked":["Redo+1","Turbo+1"],"picked":"Darkness+1","floor":31},{"not_picked":["All For One","Hyperbeam"],"picked":"Creative AI","floor":33}],"player_experience":546402,"relics_obtained":[{"floor":4,"key":"Ancient Tea Set"},{"floor":9,"key":"Matryoshka"},{"floor":11,"key":"Tiny Chest"},{"floor":11,"key":"DataDisk"},{"floor":26,"key":"Kunai"},{"floor":26,"key":"Toxic Egg 2"},{"floor":31,"key":"Happy Flower"}],"event_choices":[{"event_name":"Living Wall","player_choice":"Change","floor":2,"damage_taken":0},{"event_name":"Scrap Ooze","player_choice":"success","floor":3,"damage_taken":7},{"event_name":"Wheel of Change","player_choice":"Relic","floor":4,"damage_taken":0},{"event_name":"Golden Idol","player_choice":"Take Wound","floor":5,"damage_taken":0},{"event_name":"Back to Basics","player_choice":"Elegance","floor":19,"damage_taken":0},{"event_name":"Ghosts","player_choice":"Became a Ghost","floor":24,"damage_taken":0},{"event_name":"The Library","player_choice":"Read","floor":27,"damage_taken":0}],"is_beta":true,"boss_relics":[{"not_picked":["White Beast Statue","Snecko Eye"],"picked":"Runic Pyramid"},{"not_picked":["Sozu","Philosopher\u0027s Stone"],"picked":"Inserter"}],"items_purged_floors":[22],"is_endless":false,"potions_floor_spawned":[1,7,12,29,31,33],"killed_by":"3 Darklings","ascension_level":2}