{"path_per_floor":["M","?","?","M","T","R","M","$","T","?","M","?","?","M","R","B",null,"M","M","?","?","?","$","M","?","T","R","M","?","$","M","R","B",null,"M","?","M","$"],"character_chosen":"DEFECT","items_purchased":["Membership Card","Gash","Capacitor","Capacitor","Leap","Capacitor","Fusion","Mercury Hourglass"],"gold_per_floor":[111,111,286,299,323,323,338,17,41,41,58,23,23,46,46,170,170,194,207,207,132,232,171,187,187,213,213,230,230,73,91,91,191,191,208,208,225,27,27],"floor_reached":39,"campfire_rested":1,"playtime":1804,"current_hp_per_floor":[81,81,81,76,76,76,71,71,71,64,61,81,81,55,82,16,82,57,40,40,40,45,45,28,28,33,33,36,36,36,38,38,29,41,41,41,6,6,0],"items_purged":["Doubt"],"gold":27,"score":469,"play_id":"93df9886-8570-473b-a71f-0d15fe090637","local_time":"20180429195047","is_prod":false,"is_daily":false,"chose_seed":false,"is_ascension_mode":false,"campfire_upgraded":3,"timestamp":1525045847,"path_taken":["M","?","?","M","?","R","M","$","T","?","?","?","?","?","R","BOSS","M","M","?","?","?","$","?","?","T","R","?","?","$","M","R","BOSS","M","?","M","$","M"],"build_version":"2018-04-27v3","seed_source_timestamp":1215310787897693,"purchased_purges":1,"victory":false,"master_deck":["Strike_B","Strike_B","Defend_B","Defend_B+1","Defend_B","Defend_B","Zap","Dualcast+1","Coolheaded","Coolheaded+1","FTL","Gash+1","Capacitor","Sweeping Beam","Impulse","Biased Cognition","Ball Lightning","FTL","Doom and Gloom","Glacier","Ball Lightning","Stack+1","Axe Kick+1","Capacitor","Leap","Blizzard+1","Ghostly","Ghostly","Ghostly","Ghostly","Ghostly","Storm+1","Capacitor","Fusion","Capacitor","Creative AI","Impulse+1","Good Instincts","Coolheaded"],"max_hp_per_floor":[82,82,82,82,82,82,82,82,82,82,82,82,82,82,82,82,82,82,82,82,82,82,82,82,41,41,41,41,41,41,41,41,41,41,41,41,41,41,41],"relics":["Cracked Core","War Paint","Membership Card","Regal Pillow","Bloody Idol","Orrery","Bronze Scales","Inserter","Mercury Hourglass"],"card_choices":[{"not_picked":["Darkness","Buffer"],"picked":"Coolheaded","floor":1},{"not_picked":["Hologram","Skim"],"picked":"Coolheaded","floor":4},{"not_picked":["Doom and Gloom","Hologram"],"picked":"FTL","floor":7},{"not_picked":["Go for the Eyes","Rebound"],"picked":"Sweeping Beam","floor":11},{"not_picked":["Leap","Beam Cell"],"picked":"Impulse","floor":14},{"not_picked":["Thunder Strike","Fusion"],"picked":"Biased Cognition","floor":16},{"not_picked":["Turbo","Heatsinks"],"picked":"Ball Lightning","floor":17},{"not_picked":["Hello World","Cold Snap"],"picked":"FTL","floor":17},{"not_picked":["Genetic Algorithm","Flux Capacitor"],"picked":"Doom and Gloom","floor":17},{"not_picked":["Multi-Cast","Ball Lightning"],"picked":"Glacier","floor":17},{"not_picked":["Hologram","Streamline"],"picked":"Ball Lightning","floor":17},{"not_picked":["Cold Snap","FTL"],"picked":"Stack","floor":18},{"not_picked":["Defragment","Leap"],"picked":"Axe Kick","floor":19},{"not_picked":["Axe Kick","Buffer"],"picked":"Blizzard","floor":24},{"not_picked":["Sunder","Defragment"],"picked":"Storm","floor":28},{"not_picked":["Beam Cell","Blizzard"],"picked":"Capacitor","floor":31},{"not_picked":["Echo Form","Multi-Cast"],"picked":"Creative AI","floor":33},{"not_picked":["Ball Lightning","Streamline"],"picked":"Impulse","floor":35},{"not_picked":["Purity","Finesse"],"picked":"Good Instincts","floor":36},{"not_picked":["Rebound","Chill"],"picked":"Coolheaded","floor":37}],"player_experience":53739,"potions_floor_usage":[4,14,19,28,33,39],"damage_taken":[{"damage":1,"enemies":"Cultist","floor":1,"turns":4},{"damage":5,"enemies":"2 Louse","floor":4,"turns":2},{"damage":5,"enemies":"Jaw Worm","floor":7,"turns":5},{"damage":3,"enemies":"Blue Slaver","floor":11,"turns":3},{"damage":26,"enemies":"Exordium Thugs","floor":14,"turns":5},{"damage":66,"enemies":"Slime Boss","floor":16,"turns":16},{"damage":25,"enemies":"Spheric Guardian","floor":18,"turns":4},{"damage":17,"enemies":"3 Byrds","floor":19,"turns":4},{"damage":22,"enemies":"3 Cultists","floor":24,"turns":7},{"damage":2,"enemies":"Snecko","floor":28,"turns":4},{"damage":3,"enemies":"Chosen and Byrds","floor":31,"turns":6},{"damage":19,"enemies":"Collector","floor":33,"turns":10},{"damage":0,"enemies":"Orb Walker","floor":35,"turns":5},{"damage":40,"enemies":"3 Shapes","floor":37,"turns":5},{"damage":6,"enemies":"Spire Growth","floor":39,"turns":4}],"event_choices":[{"event_name":"Bonfire Elementals","player_choice":"BASIC","floor":2,"damage_taken":0},{"event_name":"Liars Game","player_choice":"agreed","floor":3,"damage_taken":0},{"event_name":"Golden Wing","player_choice":"Card Removal","floor":10,"damage_taken":0},{"event_name":"The Cleric","player_choice":"Healed","floor":12,"damage_taken":0},{"event_name":"Golden Idol","player_choice":"Take Wound","floor":13,"damage_taken":0},{"event_name":"Forgotten Altar","player_choice":"Gave Idol","floor":20,"damage_taken":0},{"event_name":"Beggar","player_choice":"Gave Gold","floor":21,"damage_taken":0},{"event_name":"Golden Shrine","player_choice":"Pray","floor":22,"damage_taken":0},{"event_name":"Ghosts","player_choice":"Became a Ghost","floor":25,"damage_taken":0},{"event_name":"Accursed Blacksmith","player_choice":"Forge","floor":29,"damage_taken":0},{"event_name":"SensoryStone","player_choice":"Memory 1","floor":36,"damage_taken":0}],"boss_relics":[{"not_picked":["Cursed Key","Philosopher\u0027s Stone"],"picked":"Orrery"},{"not_picked":["Tiny House","White Beast Statue"],"picked":"Inserter"}],"potions_floor_spawned":[1,4,16,24,31,35],"seed_played":"-4887400686876012715","killed_by":"Spire Growth","ascension_level":0,"is_trial":false}