{"gold_per_floor":[109,109,120,132,132,132,132,165,165,178,178,178,191,191,191,294,294,306,325,65,80,80,80,5,30,30,61,9,26,26,42,42,42],"floor_reached":33,"playtime":2766,"items_purged":[],"score":278,"play_id":"bbb6932c-5dd9-47ef-a729-bbd7c0171ab3","local_time":"20190706233646","is_ascension_mode":true,"campfire_choices":[{"data":"Seeing Red","floor":6,"key":"SMITH"},{"data":"Armaments","floor":12,"key":"SMITH"},{"floor":15,"key":"REST"},{"floor":23,"key":"REST"},{"floor":30,"key":"REST"},{"floor":32,"key":"REST"}],"neow_cost":"NONE","seed_source_timestamp":909626308919080,"circlet_count":0,"master_deck":["Strike_R","Strike_R","Strike_R+1","Defend_R","Defend_R+1","Defend_R","Defend_R","Bash","Intimidate","Shrug It Off","Seeing Red+1","Fire Breathing+1","Armaments+1","Ghostly Armor","Demon Form+1","Armaments+1","Juggernaut+1","Body Slam+1","True Grit","Carnage","Heavy Blade","Heavy Blade"],"relics":["Burning Blood","Regal Pillow","Frozen Egg 2","Girya","Fusion Hammer","Question Card","Red Mask","Bronze Scales","Shuriken"],"potions_floor_usage":[8,8,8,16,16,27,27,29,33],"damage_taken":[{"damage":5,"enemies":"Cultist","floor":1,"turns":4},{"damage":10,"enemies":"Small Slimes","floor":3,"turns":4},{"damage":3,"enemies":"Jaw Worm","floor":4,"turns":3},{"damage":17,"enemies":"Lagavulin","floor":8,"turns":7},{"damage":1,"enemies":"Lots of Slimes","floor":10,"turns":6},{"damage":3,"enemies":"3 Louse","floor":13,"turns":4},{"damage":38,"enemies":"Slime Boss","floor":16,"turns":15},{"damage":7,"enemies":"Shell Parasite","floor":18,"turns":8},{"damage":18,"enemies":"3 Byrds","floor":19,"turns":8},{"damage":18,"enemies":"Centurion and Healer","floor":21,"turns":7},{"damage":31,"enemies":"Masked Bandits","floor":25,"turns":6},{"damage":41,"enemies":"Slavers","floor":27,"turns":6},{"damage":17,"enemies":"Snake Plant","floor":29,"turns":4},{"damage":17,"enemies":"Snecko","floor":31,"turns":5},{"damage":85,"enemies":"Collector","floor":33,"turns":7}],"seed_played":"7119519124241645751","potions_obtained":[{"floor":0,"key":"Block Potion"},{"floor":0,"key":"Strength Potion"},{"floor":0,"key":"Energy Potion"},{"floor":11,"key":"SteroidPotion"},{"floor":11,"key":"SpeedPotion"},{"floor":11,"key":"Swift Potion"},{"floor":13,"key":"Weak Potion"},{"floor":16,"key":"Strength Potion"},{"floor":25,"key":"SmokeBomb"},{"floor":31,"key":"Swift Potion"}],"is_trial":false,"path_per_floor":["M","T","M","M","?","R","?","E","T","M","?","R","M","?","R","B",null,"M","M","$","M","?","R","?","?","T","E","$","M","R","M","R","B"],"character_chosen":"IRONCLAD","items_purchased":["Question Card","PowerPotion"],"campfire_rested":4,"item_purchase_floors":[20,28],"current_hp_per_floor":[80,80,76,79,72,72,72,61,61,66,66,66,69,53,80,48,80,79,67,67,55,39,78,78,53,53,18,18,7,46,35,74,0],"gold":42,"neow_bonus":"THREE_SMALL_POTIONS","is_prod":false,"is_daily":false,"chose_seed":false,"campfire_upgraded":2,"win_rate":0,"timestamp":1562470606,"path_taken":["M","?","M","M","?","R","?","E","T","?","?","R","?","?","R","BOSS","M","M","$","M","?","R","?","?","T","E","$","M","R","M","R","BOSS"],"build_version":"2019-07-05","purchased_purges":0,"victory":false,"max_hp_per_floor":[80,80,80,80,80,80,80,80,80,80,80,80,80,80,80,80,80,80,80,80,80,80,80,80,80,80,80,80,80,80,80,80,80],"card_choices":[{"not_picked":["Body Slam","Hemokinesis"],"picked":"Intimidate","floor":1},{"not_picked":["Iron Wave","Hemokinesis"],"picked":"Shrug It Off","floor":3},{"not_picked":["Warcry","Iron Wave"],"picked":"Seeing Red","floor":4},{"not_picked":["Clothesline","Headbutt"],"picked":"Fire Breathing","floor":8},{"not_picked":["Cleave","Shrug It Off"],"picked":"Armaments","floor":10},{"not_picked":["Rampage","Iron Wave"],"picked":"Ghostly Armor","floor":13},{"not_picked":["Bludgeon","Impervious"],"picked":"Demon Form+1","floor":16},{"not_picked":["Pommel Strike","Clash"],"picked":"Armaments+1","floor":18},{"not_picked":["Flex","Headbutt+1"],"picked":"Juggernaut+1","floor":19},{"not_picked":["Rampage","Clash","Headbutt"],"picked":"Body Slam+1","floor":21},{"not_picked":["Headbutt","Warcry","Clash"],"picked":"True Grit","floor":25},{"not_picked":["Shrug It Off+1","Whirlwind+1","Anger+1"],"picked":"Carnage","floor":27},{"not_picked":["Armaments","Perfected Strike+1","Searing Blow+1"],"picked":"Heavy Blade","floor":29},{"not_picked":["Uppercut","Combust+1","Iron Wave+1"],"picked":"Heavy Blade","floor":31}],"player_experience":82235,"relics_obtained":[{"floor":2,"key":"Regal Pillow"},{"floor":8,"key":"Frozen Egg 2"},{"floor":9,"key":"Girya"},{"floor":25,"key":"Red Mask"},{"floor":26,"key":"Bronze Scales"},{"floor":27,"key":"Shuriken"}],"event_choices":[{"cards_removed":["Strike_R"],"damage_healed":0,"gold_gain":0,"player_choice":"Card Removal","damage_taken":7,"max_hp_gain":0,"max_hp_loss":0,"event_name":"Golden Wing","floor":5,"gold_loss":0},{"damage_healed":0,"gold_gain":0,"player_choice":"Ignored","damage_taken":0,"max_hp_gain":0,"max_hp_loss":0,"event_name":"Purifier","floor":7,"gold_loss":0},{"damage_healed":0,"gold_gain":0,"player_choice":"Got Potions","damage_taken":0,"max_hp_gain":0,"max_hp_loss":0,"event_name":"Lab","floor":11,"gold_loss":0},{"damage_healed":0,"gold_gain":0,"player_choice":"Entered Light","damage_taken":16,"max_hp_gain":0,"max_hp_loss":0,"event_name":"Shining Light","floor":14,"gold_loss":0,"cards_upgraded":["Defend_R","Strike_R"]},{"damage_healed":0,"gold_gain":0,"player_choice":"Obtained Book","damage_taken":16,"max_hp_gain":0,"max_hp_loss":0,"event_name":"Cursed Tome","floor":22,"gold_loss":0},{"cards_removed":["Strike_R"],"damage_healed":0,"gold_gain":0,"player_choice":"Gave Gold","damage_taken":0,"max_hp_gain":0,"max_hp_loss":0,"event_name":"Beggar","floor":24,"gold_loss":75},{"damage_healed":0,"gold_gain":0,"player_choice":"Fought Bandits","damage_taken":0,"max_hp_gain":0,"max_hp_loss":0,"event_name":"Masked Bandits","floor":25,"gold_loss":0}],"is_beta":false,"boss_relics":[{"not_picked":["Runic Dome","White Beast Statue"],"picked":"Fusion Hammer"}],"items_purged_floors":[],"is_endless":false,"potions_floor_spawned":[1,13,16,25,31],"killed_by":"Collector","ascension_level":1}