{"gold_per_floor":[115,115,115,125,140,175,195,195,195,230,8,23,23,23,23,98,98,98],"floor_reached":18,"playtime":522,"items_purged":["Decay"],"score":340,"play_id":"efdc1ac5-7d6a-4398-a4ac-89b67a944d75","local_time":"20190706084630","is_ascension_mode":true,"campfire_choices":[{"floor":8.0,"key":"REST"},{"data":"Loop","floor":15.0,"key":"SMITH"}],"neow_cost":"NONE","seed_source_timestamp":47712654802351,"circlet_count":0,"master_deck":["AscendersBane","Strike_B","Strike_B","Strike_B","Defend_B","Defend_B","Defend_B+1","Defend_B","Zap+1","Dualcast","Coolheaded+1","Doom and Gloom","Lockon","Self Repair","Cold Snap","Loop+1","Conserve Battery","Leap","All For One","Glacier","Gash","Gash"],"special_seed":0,"relics":["Cracked Core","War Paint","Bag of Marbles","Sundial","Orrery"],"potions_floor_usage":[16],"damage_taken":[{"damage":12.0,"enemies":"Small Slimes","floor":1.0,"turns":3.0},{"damage":0.0,"enemies":"Cultist","floor":4.0,"turns":4.0},{"damage":6.0,"enemies":"Jaw Worm","floor":5.0,"turns":3.0},{"damage":29.0,"enemies":"3 Sentries","floor":6.0,"turns":6.0},{"damage":8.0,"enemies":"Exordium Wildlife","floor":7.0,"turns":4.0},{"damage":25.0,"enemies":"Lagavulin","floor":10.0,"turns":5.0},{"damage":11.0,"enemies":"Large Slime","floor":12.0,"turns":6.0},{"damage":7,"enemies":"The Guardian","floor":16,"turns":9},{"damage":16,"enemies":"Shell Parasite","floor":18,"turns":2}],"seed_played":"8823079388882854397","potions_obtained":[{"floor":1.0,"key":"Fruit Juice"},{"floor":5.0,"key":"FearPotion"},{"floor":6.0,"key":"Strength Potion"},{"floor":16,"key":"Fire Potion"}],"is_trial":false,"path_per_floor":["M","?","?","M","M","E","M","R","T","E","$","M","$","?","R","B",null,"M"],"character_chosen":"DEFECT","items_purchased":["Cold Snap","Loop"],"campfire_rested":1,"item_purchase_floors":[11,11],"current_hp_per_floor":[59,59,59,59,53,29,21,45,45,27,27,23,23,23,23,23,68,52],"gold":98,"neow_bonus":"TEN_PERCENT_HP_BONUS","is_prod":false,"is_daily":false,"chose_seed":false,"campfire_upgraded":1,"win_rate":0,"timestamp":1562427990,"path_taken":["M","?","?","M","?","E","M","R","T","E","?","M","$","?","R","BOSS","M"],"build_version":"2019-07-05","purchased_purges":1,"victory":false,"max_hp_per_floor":[78,78,78,78,78,83,83,83,83,83,83,83,83,83,83,83,83,83],"card_choices":[{"not_picked":["Static Discharge","Steam"],"picked":"Coolheaded","floor":1.0},{"not_picked":["Recycle","Hello World"],"picked":"Doom and Gloom","floor":4.0},{"not_picked":["Leap","BootSequence","Steam Power"],"picked":"SKIP","floor":5.0},{"not_picked":["Turbo","Fission"],"picked":"Lockon","floor":6.0},{"not_picked":["Stack","Auto Shields"],"picked":"Self Repair","floor":7.0},{"not_picked":["Force Field","Heatsinks","Static Discharge"],"picked":"SKIP","floor":10.0},{"not_picked":["Leap","Gash"],"picked":"Conserve Battery","floor":12.0},{"not_picked":["Meteor Strike","Amplify"],"picked":"All For One","floor":16},{"not_picked":["Capacitor","Undo"],"picked":"Glacier","floor":17},{"not_picked":["Hologram","Tempest"],"picked":"Gash","floor":17},{"not_picked":["Auto Shields","Blizzard"],"picked":"Gash","floor":17}],"player_experience":837539,"relics_obtained":[{"floor":6.0,"key":"War Paint"},{"floor":9.0,"key":"Bag of Marbles"},{"floor":10.0,"key":"Sundial"}],"event_choices":[{"damage_healed":0.0,"max_hp_gain":0.0,"max_hp_loss":0.0,"gold_gain":0.0,"event_name":"Living Wall","player_choice":"Grow","floor":2.0,"gold_loss":0.0,"damage_taken":0.0,"cards_upgraded":["Zap"]},{"damage_healed":0.0,"max_hp_gain":0.0,"max_hp_loss":0.0,"gold_gain":0.0,"event_name":"Wheel of Change","player_choice":"Cursed","floor":3.0,"gold_loss":0.0,"damage_taken":0.0,"cards_obtained":["Decay"]},{"damage_healed":0.0,"max_hp_gain":0.0,"max_hp_loss":0.0,"gold_gain":0.0,"cards_transformed":["Strike_B"],"event_name":"Transmorgrifier","player_choice":"Transformed","floor":14.0,"gold_loss":0.0,"damage_taken":0.0,"cards_obtained":["Leap"]}],"is_beta":false,"boss_relics":[{"not_picked":["White Beast Statue","Black Star"],"picked":"Orrery"}],"items_purged_floors":[11],"is_endless":false,"potions_floor_spawned":[1,5,6,16],"killed_by":"Shell Parasite","ascension_level":20}