{"path_per_floor":["M","?","?","M","?","E","R","M","T","M","E","M","R","M","R","B",null,"M","M","M","M","M","R","?","M","T","?","?","M","M","M","R","B",null,"M","M","?","?","$","E","$","T","T","?","M","?","M","M","R","B"],"character_chosen":"THE_SILENT","items_purchased":["Toolbox","Footwork","Good Instincts+1","Fruit Juice","Backflip+1","Accuracy+1","Riddle With Holes+1"],"gold_per_floor":[114,289,289,304,304,334,334,349,349,364,394,409,409,424,424,524,524,539,554,599,614,629,629,552,567,567,567,567,582,597,612,612,712,712,727,742,742,742,167,197,91,91,91,91,106,106,121,136,136,136],"floor_reached":51,"campfire_rested":2,"playtime":2070,"item_purchase_floors":[39,39,39,39,39,41,41],"current_hp_per_floor":[70,76,76,76,61,48,70,70,76,76,82,82,82,82,82,80,88,88,88,88,88,88,88,88,86,92,92,73,75,82,72,72,75,116,112,113,103,103,103,95,95,101,117,117,117,117,117,124,149,115],"items_purged":[],"gold":136,"score":995,"play_id":"b174014c-4df4-4ce7-bcc3-00fcdb276a99","local_time":"20180622041150","daily_mods":["Allstar","Cursed Run","Vintage"],"is_prod":false,"is_daily":true,"chose_seed":false,"is_ascension_mode":false,"campfire_upgraded":1,"win_rate":0,"timestamp":1529655110,"campfire_choices":[{"floor":7,"key":"REST"},{"data":"Storm of Steel","floor":13,"key":"SMITH"},{"data":"1","floor":15,"key":"LIFT"},{"data":"2","floor":23,"key":"LIFT"},{"data":"3","floor":32,"key":"LIFT"},{"floor":49,"key":"REST"}],"path_taken":["M","?","?","M","?","E","R","M","T","M","E","M","R","M","R","BOSS","M","M","M","M","M","R","?","M","T","?","?","M","M","M","R","BOSS","M","M","?","?","$","E","?","?","T","?","M","?","M","M","R","BOSS"],"build_version":"2018-06-21","seed_source_timestamp":0,"purchased_purges":0,"circlet_count":0,"victory":true,"master_deck":["Survivor+1","Neutralize+1","Master of Strategy+1","Jack Of All Trades+1","Enlightenment","Bandage Up","Master of Strategy","Doubt","Storm of Steel+1","Quick Slash+1","Clumsy","Adrenaline","Regret","After Image","Masterful Stab+1","Accuracy","Outmaneuver+1","Endless Agony+1","Bouncing Flask","Poisoned Stab+1","Flying Knee+1","Flying Knee+1","PiercingWail","J.A.X.","Injury","Storm of Steel+1","Panacea+1","Jack Of All Trades+1","Dramatic Entrance+1","Footwork","Good Instincts+1","Backflip+1","Envenom+1","Accuracy+1","Riddle With Holes+1","Clumsy","Normality","Master of Strategy+1","Distraction+1","Injury"],"max_hp_per_floor":[70,76,76,76,76,76,76,76,82,82,82,82,82,82,82,88,88,88,88,88,88,88,88,88,88,94,94,99,100,108,109,109,116,116,117,118,118,118,118,124,124,130,146,146,147,147,148,149,149,156],"special_seed":17704,"relics":["Cursed Key","Darkstone Periapt","Du-Vu Doll","Molten Egg 2","Dream Catcher","Incense Burner","Ornamental Fan","Letter Opener","Vajra","Dodecahedron","Happy Flower","Girya","Gremlin Horn","Pandora\u0027s Box","Mercury Hourglass","Whetstone","Tiny Chest","War Paint","Centennial Puzzle","Ice Cream","Juzu Bracelet","FaceOfCleric","Toxic Egg 2","Strawberry","Ancient Tea Set","Paper Crane","Snecko Eye","Bronze Scales","Blood Vial","Toolbox","Frozen Egg 2","Tough Bandages","Pear","Bag of Preparation","Lantern","Blue Candle"],"card_choices":[{"not_picked":["Dodge and Roll","Acrobatics"],"picked":"Storm of Steel","floor":6},{"not_picked":["Well Laid Plans","Sucker Punch+1"],"picked":"Quick Slash+1","floor":7},{"not_picked":["Deadly Poison","Blade Dance"],"picked":"Adrenaline","floor":11},{"not_picked":["Die Die Die+1","A Thousand Cuts"],"picked":"After Image","floor":16},{"not_picked":["Unload+1","Bullet Time+1"],"picked":"Storm of Steel+1","floor":33},{"not_picked":["Purity+1","Deep Breath+1"],"picked":"Panacea+1","floor":37},{"not_picked":["Panacea+1","Swift Strike+1"],"picked":"Jack Of All Trades+1","floor":37},{"not_picked":["Blind+1","Deep Breath+1"],"picked":"Dramatic Entrance+1","floor":37},{"not_picked":["Bane+1","Prepared+1"],"picked":"Envenom","floor":40},{"not_picked":["Footwork+1","Slice+1"],"picked":"Distraction+1","floor":49}],"player_experience":337910,"potions_floor_usage":[4,4,11,14,16,16,19,30,30,33,35,40,48,48],"damage_taken":[{"damage":0,"enemies":"Jaw Worm","floor":1,"turns":4},{"damage":0,"enemies":"Small Slimes","floor":4,"turns":2},{"damage":17,"enemies":"3 Sentries","floor":6,"turns":12},{"damage":0,"enemies":"Cultist","floor":8,"turns":1},{"damage":0,"enemies":"3 Louse","floor":10,"turns":1},{"damage":0,"enemies":"Lagavulin","floor":11,"turns":4},{"damage":0,"enemies":"Large Slime","floor":12,"turns":1},{"damage":0,"enemies":"Blue Slaver","floor":14,"turns":2},{"damage":8,"enemies":"Slime Boss","floor":16,"turns":7},{"damage":0,"enemies":"Shell Parasite","floor":18,"turns":1},{"damage":0,"enemies":"Chosen","floor":19,"turns":2},{"damage":0,"enemies":"3 Cultists","floor":20,"turns":2},{"damage":2,"enemies":"Cultist and Chosen","floor":21,"turns":5},{"damage":1,"enemies":"Snake Plant","floor":22,"turns":2},{"damage":2,"enemies":"Snecko","floor":25,"turns":3},{"damage":3,"enemies":"3 Cultists","floor":29,"turns":3},{"damage":5,"enemies":"Snake Plant","floor":30,"turns":3},{"damage":15,"enemies":"Snecko","floor":31,"turns":3},{"damage":4,"enemies":"Automaton","floor":33,"turns":3},{"damage":9,"enemies":"3 Darklings","floor":35,"turns":4},{"damage":0,"enemies":"3 Shapes","floor":36,"turns":2},{"damage":16,"enemies":"2 Orb Walkers","floor":40,"turns":3},{"damage":3,"enemies":"Sphere and 2 Shapes","floor":45,"turns":1},{"damage":3,"enemies":"Flame Bruiser 2 Orb","floor":47,"turns":1},{"damage":0,"enemies":"Transient","floor":48,"turns":5},{"damage":41,"enemies":"Time Eater","floor":50,"turns":7}],"relics_obtained":[{"floor":1,"key":"Molten Egg 2"},{"floor":4,"key":"Dream Catcher"},{"floor":6,"key":"Incense Burner"},{"floor":8,"key":"Ornamental Fan"},{"floor":9,"key":"Letter Opener"},{"floor":10,"key":"Vajra"},{"floor":11,"key":"Dodecahedron"},{"floor":12,"key":"Happy Flower"},{"floor":14,"key":"Girya"},{"floor":16,"key":"Gremlin Horn"},{"floor":18,"key":"Mercury Hourglass"},{"floor":19,"key":"Whetstone"},{"floor":20,"key":"Tiny Chest"},{"floor":21,"key":"War Paint"},{"floor":22,"key":"Centennial Puzzle"},{"floor":25,"key":"Ice Cream"},{"floor":26,"key":"Juzu Bracelet"},{"floor":29,"key":"Toxic Egg 2"},{"floor":30,"key":"Strawberry"},{"floor":31,"key":"Ancient Tea Set"},{"floor":33,"key":"Paper Crane"},{"floor":35,"key":"Bronze Scales"},{"floor":36,"key":"Blood Vial"},{"floor":40,"key":"Frozen Egg 2"},{"floor":42,"key":"Tough Bandages"},{"floor":43,"key":"Pear"},{"floor":45,"key":"Bag of Preparation"},{"floor":47,"key":"Lantern"},{"floor":48,"key":"Blue Candle"}],"event_choices":[{"event_name":"Liars Game","player_choice":"agreed","floor":2,"damage_taken":0},{"event_name":"The Lab","player_choice":"Got Potions","floor":3,"damage_taken":0},{"event_name":"Shining Light","player_choice":"Entered Light","floor":5,"damage_taken":0},{"event_name":"Drug Dealer","player_choice":"Got JAXXED","floor":24,"damage_taken":0},{"event_name":"FaceTrader","player_choice":"Took Face Of Cleric","floor":27,"damage_taken":0},{"event_name":"Forgotten Altar","player_choice":"Shed Blood","floor":28,"damage_taken":0},{"event_name":"SensoryStone","player_choice":"Memory 3","floor":37,"damage_taken":0},{"event_name":"Falling","player_choice":"Removed Attack","floor":38,"damage_taken":0},{"event_name":"Purifier","player_choice":"One Purge","floor":44,"damage_taken":0},{"event_name":"Duplicator","player_choice":"One dupe","floor":46,"damage_taken":0}],"boss_relics":[{"not_picked":["Velvet Choker","Ectoplasm"],"picked":"Pandora\u0027s Box"},{"not_picked":["Runic Dome","Black Star"],"picked":"Snecko Eye"}],"items_purged_floors":[],"is_endless":false,"potions_floor_spawned":[8,10,12,18,20,25,29,31,33,40,45,47,48],"seed_played":"3074579552746350727","ascension_level":0,"potions_obtained":[{"floor":3,"key":"Energy Potion"},{"floor":3,"key":"Fire Potion"},{"floor":3,"key":"Block Potion"},{"floor":8,"key":"GamblersBrew"},{"floor":10,"key":"EssenceOfSteel"},{"floor":12,"key":"Poison Potion"},{"floor":18,"key":"SkillPotion"},{"floor":20,"key":"GhostInAJar"},{"floor":25,"key":"Weak Potion"},{"floor":29,"key":"PowerPotion"},{"floor":31,"key":"SteroidPotion"},{"floor":33,"key":"Energy Potion"},{"floor":40,"key":"Block Potion"},{"floor":45,"key":"AttackPotion"},{"floor":47,"key":"GamblersBrew"},{"floor":48,"key":"Strength Potion"}],"is_trial":false}