{"gold_per_floor":[117,129,129,143,157,157,157,186,186,213,213,227,227,112,112,187,187,207,207,307,325,245,245,274,293,293,66,46,58,92,92,92,163,163,173,173,188,288,303,320,353,353,378,378,393,427,427,461,461,461],"floor_reached":50,"playtime":3284,"items_purged":["Strike_G","Strike_G","Pain"],"score":1356,"play_id":"c342feee-271a-49d0-9e71-ece31788ca7a","local_time":"20190608165113","is_ascension_mode":true,"campfire_choices":[{"data":"Dagger Spray","floor":6.0,"key":"SMITH"},{"data":"Bouncing Flask","floor":11.0,"key":"SMITH"},{"data":"Wraith Form v2","floor":15.0,"key":"SMITH"},{"data":"Well Laid Plans","floor":23.0,"key":"SMITH"},{"data":"Infinite Blades","floor":32.0,"key":"SMITH"},{"floor":42,"key":"RECALL"},{"floor":44,"key":"REST"},{"data":"Crippling Poison","floor":47,"key":"SMITH"},{"data":"Neutralize","floor":49,"key":"SMITH"}],"neow_cost":"NONE","seed_source_timestamp":2121011784820430,"circlet_count":0,"master_deck":["AscendersBane","Defend_G","Defend_G","Defend_G","Defend_G","Defend_G","Strike_G","Survivor","Neutralize+1","Venomology","Dagger Spray+1","Flying Knee","Backstab","Bouncing Flask+1","Wraith Form v2+1","Backflip","Backflip","Infinite Blades+1","Adrenaline","Well Laid Plans+1","RitualDagger","PiercingWail","Deadly Poison+1","Footwork","Catalyst","PiercingWail","Dagger Throw+1","After Image","PiercingWail+1","Envenom","Decay","Crippling Poison+1"],"special_seed":0,"relics":["Ring of the Serpent","Dodecahedron","Thread and Needle","Mango","Lantern","Cursed Key","Incense Burner","The Courier","Molten Egg 2","Bottled Tornado","Ancient Tea Set","StoneCalendar","Bird Faced Urn","Unceasing Top","Gambling Chip"],"potions_floor_usage":[40,41,41,46,48,50,50,50],"damage_taken":[{"damage":0.0,"enemies":"2 Louse","floor":1.0,"turns":4.0},{"damage":1.0,"enemies":"Cultist","floor":2.0,"turns":4.0},{"damage":1.0,"enemies":"Small Slimes","floor":4.0,"turns":5.0},{"damage":4.0,"enemies":"Blue Slaver","floor":5.0,"turns":4.0},{"damage":66.0,"enemies":"Gremlin Nob","floor":8.0,"turns":5.0},{"damage":6.0,"enemies":"3 Sentries","floor":10.0,"turns":7.0},{"damage":1.0,"enemies":"Exordium Wildlife","floor":12.0,"turns":3.0},{"damage":5.0,"enemies":"Hexaghost","floor":16.0,"turns":9.0},{"damage":0.0,"enemies":"Spheric Guardian","floor":18.0,"turns":5.0},{"damage":6.0,"enemies":"Colosseum Slavers","floor":20.0,"turns":5.0},{"damage":0.0,"enemies":"Colosseum Nobs","floor":20.0,"turns":4.0},{"damage":2.0,"enemies":"Shell Parasite","floor":21.0,"turns":5.0},{"damage":0.0,"enemies":"Slavers","floor":24.0,"turns":8.0},{"damage":0.0,"enemies":"Snecko","floor":25.0,"turns":5.0},{"damage":7.0,"enemies":"Snake Plant","floor":29.0,"turns":4.0},{"damage":0.0,"enemies":"Gremlin Leader","floor":30.0,"turns":7.0},{"damage":0.0,"enemies":"Collector","floor":33.0,"turns":8.0},{"damage":11.0,"enemies":"3 Darklings","floor":35.0,"turns":7.0},{"damage":0.0,"enemies":"Orb Walker","floor":37.0,"turns":4.0},{"damage":5.0,"enemies":"Mind Bloom Boss Battle","floor":38.0,"turns":10.0},{"damage":7.0,"enemies":"Transient","floor":39.0,"turns":6.0},{"damage":4,"enemies":"4 Shapes","floor":40,"turns":6},{"damage":24,"enemies":"Giant Head","floor":41,"turns":11},{"damage":0,"enemies":"Spire Growth","floor":45,"turns":7},{"damage":5,"enemies":"Reptomancer","floor":46,"turns":7},{"damage":19,"enemies":"Giant Head","floor":48,"turns":8},{"damage":83,"enemies":"Awakened One","floor":50,"turns":18}],"seed_played":"-3100926484087688438","potions_obtained":[{"floor":2.0,"key":"Weak Potion"},{"floor":8.0,"key":"Fruit Juice"},{"floor":10.0,"key":"Dexterity Potion"},{"floor":28.0,"key":"Weak Potion"},{"floor":33.0,"key":"Dexterity Potion"},{"floor":45,"key":"Swift Potion"}],"is_trial":false,"path_per_floor":["M","M","?","M","M","R","?","E","T","E","R","M","?","$","R","B",null,"M","?","?","M","$","R","E","M","T","$","?","M","E","?","R","B",null,"M","?","M","?","M","M","E","R","T","R","M","E","R","E","R","B"],"character_chosen":"THE_SILENT","items_purchased":["Infinite Blades","Footwork","Catalyst"],"campfire_rested":1,"item_purchase_floors":[14,27,27],"current_hp_per_floor":[59,58,58,57,53,53,46,6,20,19,19,18,18,18,18,13,67,67,61,55,53,53,53,53,62,62,62,62,55,55,55,55,55,78,67,67,67,62,55,51,42,42,42,66,78,80,80,66,66,0],"gold":461,"neow_bonus":"ONE_RANDOM_RARE_CARD","is_prod":false,"is_daily":false,"chose_seed":false,"campfire_upgraded":7,"win_rate":0,"timestamp":1560037873,"path_taken":["M","M","?","M","?","R","?","E","T","E","R","M","?","$","R","BOSS","M","?","?","M","$","R","E","M","T","$","?","?","E","?","R","BOSS","M","?","M","?","M","M","E","R","T","R","M","E","R","E","R","BOSS"],"build_version":"2019-01-23","purchased_purges":3,"victory":false,"max_hp_per_floor":[66,66,66,66,66,66,66,66,80,85,85,85,85,85,85,85,85,85,85,85,85,85,85,85,85,85,85,85,85,85,85,85,85,85,85,81,81,81,81,81,81,81,81,81,81,81,81,81,81,81],"card_choices":[{"not_picked":["Flying Knee","Heel Hook"],"picked":"Dagger Spray","floor":1.0},{"not_picked":["Setup","Distraction"],"picked":"Flying Knee","floor":2.0},{"not_picked":["Choke","Outmaneuver"],"picked":"Backstab","floor":4.0},{"not_picked":["Escape Plan","Bane"],"picked":"Bouncing Flask","floor":5.0},{"not_picked":["Blade Dance","PiercingWail"],"picked":"Wraith Form v2","floor":8.0},{"not_picked":["Quick Slash","Predator"],"picked":"Backflip","floor":10.0},{"not_picked":["Finisher","Terror"],"picked":"Backflip","floor":12.0},{"not_picked":["A Thousand Cuts","Doppelganger"],"picked":"Adrenaline","floor":16.0},{"not_picked":["Quick Slash+1","Dodge and Roll"],"picked":"Well Laid Plans","floor":18.0},{"not_picked":["Bane","Poisoned Stab"],"picked":"PiercingWail","floor":20.0},{"not_picked":["Poisoned Stab","A Thousand Cuts","Riddle With Holes"],"picked":"SKIP","floor":21.0},{"not_picked":["Flying Knee","Choke"],"picked":"Deadly Poison+1","floor":24.0},{"not_picked":["Blade Dance","Heel Hook+1","Bane+1"],"picked":"SKIP","floor":25.0},{"not_picked":["Masterful Stab+1","Escape Plan"],"picked":"PiercingWail","floor":29.0},{"not_picked":["Flechettes+1","Flying Knee+1","Underhanded Strike+1"],"picked":"SKIP","floor":30.0},{"not_picked":["Burst","Night Terror"],"picked":"After Image","floor":33.0},{"not_picked":["Cloak And Dagger","Dagger Spray+1","Well Laid Plans"],"picked":"SKIP","floor":35.0},{"not_picked":["Cloak And Dagger","Dagger Spray+1","Well Laid Plans"],"picked":"SKIP","floor":35.0},{"not_picked":["Sucker Punch+1","Quick Slash+1","Deflect"],"picked":"SKIP","floor":37.0},{"not_picked":["Dagger Spray+1","Backstab+1"],"picked":"PiercingWail+1","floor":39.0},{"not_picked":["Slice+1","Setup","Quick Slash+1"],"picked":"SKIP","floor":40},{"not_picked":["Sucker Punch+1","Flying Knee+1"],"picked":"Envenom","floor":41},{"not_picked":["Dagger Spray+1","Tactician+1","Escape Plan+1"],"picked":"SKIP","floor":45},{"not_picked":["Finisher+1","Dash+1"],"picked":"Crippling Poison","floor":46},{"not_picked":["Infinite Blades+1","Acrobatics","Cloak And Dagger"],"picked":"SKIP","floor":48}],"player_experience":780169,"relics_obtained":[{"floor":8.0,"key":"Thread and Needle"},{"floor":9.0,"key":"Mango"},{"floor":10.0,"key":"Lantern"},{"floor":20.0,"key":"Incense Burner"},{"floor":20.0,"key":"The Courier"},{"floor":24.0,"key":"Molten Egg 2"},{"floor":26.0,"key":"Bottled Tornado"},{"floor":30.0,"key":"Ancient Tea Set"},{"floor":38.0,"key":"StoneCalendar"},{"floor":41,"key":"Bird Faced Urn"},{"floor":46,"key":"Unceasing Top"},{"floor":48,"key":"Gambling Chip"}],"event_choices":[{"damage_healed":0.0,"max_hp_gain":0.0,"max_hp_loss":0.0,"gold_gain":0.0,"event_name":"WeMeetAgain","player_choice":"Gave Potion","floor":3.0,"gold_loss":0.0,"damage_taken":0.0,"relics_obtained":["Dodecahedron"]},{"cards_removed":["Strike_G"],"damage_healed":0.0,"max_hp_gain":0.0,"max_hp_loss":0.0,"gold_gain":0.0,"event_name":"Golden Wing","player_choice":"Card Removal","floor":7.0,"gold_loss":0.0,"damage_taken":7.0},{"cards_removed":["Strike_G"],"damage_healed":0.0,"max_hp_gain":0.0,"max_hp_loss":0.0,"gold_gain":0.0,"event_name":"Living Wall","player_choice":"Forget","floor":13.0,"gold_loss":0.0,"damage_taken":0.0},{"damage_healed":0.0,"max_hp_gain":0.0,"max_hp_loss":0.0,"gold_gain":0.0,"event_name":"Nest","player_choice":"Joined the Cult","floor":19.0,"gold_loss":0.0,"damage_taken":6.0,"cards_obtained":["RitualDagger"]},{"damage_healed":0.0,"max_hp_gain":0.0,"max_hp_loss":0.0,"gold_gain":0.0,"event_name":"Colosseum","player_choice":"Fight","floor":20.0,"gold_loss":0.0,"damage_taken":0.0},{"damage_healed":0.0,"max_hp_gain":0.0,"max_hp_loss":0.0,"gold_gain":0.0,"event_name":"Colosseum","player_choice":"Fought Nobs","floor":20.0,"gold_loss":0.0,"damage_taken":0.0},{"damage_healed":0.0,"max_hp_gain":0.0,"max_hp_loss":0.0,"gold_gain":0.0,"event_name":"The Woman in Blue","player_choice":"Bought 1 Potion","floor":28.0,"gold_loss":0.0,"damage_taken":0.0},{"damage_healed":0.0,"max_hp_gain":0.0,"max_hp_loss":0.0,"gold_gain":0.0,"event_name":"The Library","player_choice":"Read","floor":31.0,"gold_loss":0.0,"damage_taken":0.0,"cards_obtained":["Dagger Throw"]},{"damage_healed":0.0,"max_hp_gain":0.0,"max_hp_loss":4.0,"gold_gain":0.0,"event_name":"Winding Halls","player_choice":"Max HP","floor":36.0,"gold_loss":0.0,"damage_taken":0.0},{"damage_healed":0.0,"max_hp_gain":0.0,"max_hp_loss":0.0,"gold_gain":0.0,"event_name":"MindBloom","player_choice":"Fight","floor":38.0,"gold_loss":0.0,"damage_taken":0.0}],"is_beta":false,"boss_relics":[{"not_picked":["Busted Crown","Astrolabe"],"picked":"Cursed Key"},{"not_picked":["Sozu","Pandora\u0027s Box"],"picked":"Ring of the Serpent"}],"items_purged_floors":[14,22,27],"is_endless":false,"potions_floor_spawned":[2,8,10,20,24,29,33,35,37,40,45,46,48],"killed_by":"Awakened One","ascension_level":20}