{"path_per_floor":["M","?","?","?","M","R","?","M","T","M","$","?","$","M","R","B",null,"M","?","?","T","?","E","R","E","T","M","$","M"],"character_chosen":"DEFECT","items_purchased":["Orichalcum","Buffer","Capacitor","Madness"],"gold_per_floor":[109,184,184,184,195,195,145,164,215,225,14,14,14,30,30,127,127,144,144,144,144,144,172,172,198,198,217,77,96,96],"floor_reached":30,"campfire_rested":0,"playtime":914,"current_hp_per_floor":[74,63,63,68,68,68,68,68,68,69,69,69,69,69,69,53,80,80,80,80,80,80,72,72,46,46,43,43,28,0],"items_purged":[],"gold":96,"score":256,"play_id":"e229d8a1-46fe-4936-bba1-eacb13582f0d","local_time":"20180515113311","is_prod":false,"is_daily":false,"chose_seed":false,"is_ascension_mode":false,"campfire_upgraded":3,"timestamp":1526398391,"path_taken":["M","?","?","?","M","R","?","M","T","?","$","?","$","?","R","BOSS","M","?","?","?","?","E","R","E","T","M","$","M","?"],"build_version":"2018-05-14v2","seed_source_timestamp":160447003263194,"purchased_purges":0,"victory":false,"master_deck":["Strike_B","Strike_B","Defend_B","Defend_B","Defend_B","Defend_B","Zap+1","Dualcast","Darkness","BootSequence","Go for the Eyes","Doom and Gloom","Rebound","Buffer+1","BootSequence","Echo Form+1","Rebound","Conserve Battery","Glacier","Defragment","Loop","Genetic Algorithm","Defragment","Go for the Eyes","Rainbow","Capacitor+1","Madness"],"max_hp_per_floor":[75,75,75,80,80,80,80,80,80,80,80,80,80,80,80,80,80,80,80,80,80,80,85,85,85,85,85,85,85,85],"relics":["Cracked Core","Potion Belt","Orichalcum","Orrery","Anchor","Question Card","Frozen Egg 2","Vajra"],"card_choices":[{"not_picked":["FTL","Capacitor"],"picked":"Darkness","floor":1},{"not_picked":["Turbo","Ball Lightning"],"picked":"Go for the Eyes","floor":5},{"not_picked":["Steam Power","Capacitor"],"picked":"Doom and Gloom","floor":8},{"not_picked":["Streamline","Storm"],"picked":"Rebound","floor":10},{"not_picked":["Melter","Undo"],"picked":"BootSequence","floor":14},{"not_picked":["Meteor Strike","Hyperbeam"],"picked":"Echo Form","floor":16},{"not_picked":["Stack","Ball Lightning"],"picked":"Rebound","floor":17},{"not_picked":["Chaos","Beam Cell"],"picked":"Conserve Battery","floor":17},{"not_picked":["Steam Power","Rip and Tear"],"picked":"Glacier","floor":17},{"not_picked":["Reprogram","Conserve Battery"],"picked":"Defragment","floor":17},{"not_picked":["Barrage","Sweeping Beam"],"picked":"Loop","floor":17},{"not_picked":["Cold Snap","Stack+1"],"picked":"Genetic Algorithm","floor":18},{"not_picked":["Leap","Hologram"],"picked":"Go for the Eyes","floor":23},{"not_picked":["Fission","Lockon","Hologram"],"picked":"Rainbow","floor":25},{"not_picked":["Ball Lightning+1","Coolheaded","Steam+1","Darkness+1"],"picked":"SKIP","floor":27},{"not_picked":["Steam","Skim","Axe Kick","Stack"],"picked":"SKIP","floor":29}],"player_experience":270930,"potions_floor_usage":[10,16,18,23,23,25,25,29,30],"damage_taken":[{"damage":1,"enemies":"Cultist","floor":1,"turns":3},{"damage":0,"enemies":"2 Louse","floor":5,"turns":2},{"damage":0,"enemies":"Small Slimes","floor":8,"turns":3},{"damage":8,"enemies":"Gremlin Gang","floor":10,"turns":3},{"damage":0,"enemies":"Looter","floor":14,"turns":3},{"damage":16,"enemies":"Slime Boss","floor":16,"turns":7},{"damage":0,"enemies":"3 Byrds","floor":18,"turns":3},{"damage":13,"enemies":"Slavers","floor":23,"turns":5},{"damage":26,"enemies":"Book of Stabbing","floor":25,"turns":7},{"damage":3,"enemies":"Shell Parasite","floor":27,"turns":5},{"damage":15,"enemies":"3 Cultists","floor":29,"turns":6},{"damage":35,"enemies":"Cultist and Chosen","floor":30,"turns":5}],"relics_obtained":[{"floor":9,"key":"Potion Belt"},{"floor":21,"key":"Anchor"},{"floor":23,"key":"Question Card"},{"floor":25,"key":"Frozen Egg 2"},{"floor":26,"key":"Vajra"}],"event_choices":[{"event_name":"World of Goop","player_choice":"Gather Gold","floor":2,"damage_taken":0},{"event_name":"Match and Keep!","player_choice":"1 cards matched","floor":3,"damage_taken":0},{"event_name":"Big Fish","player_choice":"Donut","floor":4,"damage_taken":0},{"event_name":"The Cleric","player_choice":"Card Removal","floor":7,"damage_taken":0},{"event_name":"Purifier","player_choice":"One Purge","floor":12,"damage_taken":0},{"event_name":"The Lab","player_choice":"Got Potions","floor":19,"damage_taken":0},{"event_name":"Vampires","player_choice":"Ignored","floor":20,"damage_taken":0},{"event_name":"The Library","player_choice":"Read","floor":22,"damage_taken":0}],"boss_relics":[{"not_picked":["Inserter","Runic Pyramid"],"picked":"Orrery"}],"potions_floor_spawned":[1,5,16,23,27,29],"seed_played":"995093612138772729","killed_by":"Cultist and Chosen","ascension_level":0,"potions_obtained":[{"floor":1,"key":"Weak Potion"},{"floor":5,"key":"Regen Potion"},{"floor":16,"key":"Explosive Potion"},{"floor":19,"key":"Fruit Juice"},{"floor":19,"key":"FearPotion"},{"floor":19,"key":"Explosive Potion"},{"floor":23,"key":"Energy Potion"},{"floor":27,"key":"GamblersBrew"},{"floor":29,"key":"FearPotion"}],"is_trial":false}