{"gold_per_floor":[119,129,148,248,262,287,287,287,287,301,364,398,418,448,448,546,546,556,572,385,385],"floor_reached":21,"playtime":927,"items_purged":["Strike_R"],"score":234,"play_id":"d0041610-2e15-43dd-b597-2fb63f4d88d2","local_time":"20181223172936","is_ascension_mode":true,"campfire_choices":[{"data":"Uppercut","floor":7,"key":"SMITH"},{"data":"Armaments","floor":15,"key":"SMITH"}],"neow_cost":"NONE","seed_source_timestamp":311412092534458,"circlet_count":0,"master_deck":["Strike_R","Strike_R","Strike_R","Strike_R","Defend_R","Defend_R","Defend_R","Defend_R","Bash","Headbutt","Combust","Shrug It Off","Uppercut+1","Metallicize","Armaments+1","Reaper","Shrug It Off","Pommel Strike","Feed","Evolve","Power Through"],"relics":["Burning Blood","Lantern","PreservedInsect","The Courier","Darkstone Periapt","Odd Mushroom","Dream Catcher","Runic Cube"],"potions_floor_usage":[6,12,16],"damage_taken":[{"damage":6,"enemies":"Cultist","floor":1,"turns":4},{"damage":10,"enemies":"Jaw Worm","floor":2,"turns":4},{"damage":2,"enemies":"Small Slimes","floor":3,"turns":3},{"damage":8,"enemies":"3 Louse","floor":5,"turns":4},{"damage":23,"enemies":"Gremlin Nob","floor":6,"turns":4},{"damage":14,"enemies":"Large Slime","floor":10,"turns":6},{"damage":3,"enemies":"Gremlin Nob","floor":11,"turns":3},{"damage":6,"enemies":"Lagavulin","floor":12,"turns":6},{"damage":24,"enemies":"The Mushroom Lair","floor":13,"turns":4},{"damage":15,"enemies":"Gremlin Nob","floor":14,"turns":4},{"damage":38,"enemies":"Hexaghost","floor":16,"turns":9},{"damage":12,"enemies":"Shell Parasite","floor":18,"turns":12},{"damage":26,"enemies":"Spheric Guardian","floor":19,"turns":7},{"damage":44,"enemies":"3 Cultists","floor":21,"turns":6}],"seed_played":"9206416245027387178","potions_obtained":[{"floor":2,"key":"Poison Potion"},{"floor":6,"key":"PowerPotion"},{"floor":10,"key":"PowerPotion"},{"floor":11,"key":"SpeedPotion"},{"floor":14,"key":"LiquidBronze"},{"floor":19,"key":"LiquidBronze"}],"is_trial":false,"path_per_floor":["M","M","M","?","M","E","R","?","T","M","?","E","?","E","R","B",null,"M","M","$","M"],"character_chosen":"IRONCLAD","items_purchased":["Evolve","Power Through"],"campfire_rested":0,"item_purchase_floors":[20,20],"current_hp_per_floor":[88,84,88,88,86,69,69,69,69,61,64,74,64,61,61,29,88,91,75,75,44],"gold":385,"neow_bonus":"TEN_PERCENT_HP_BONUS","is_prod":false,"is_daily":false,"chose_seed":false,"campfire_upgraded":2,"win_rate":0,"timestamp":1545611376,"path_taken":["M","M","?","?","?","E","R","?","T","M","?","E","?","E","R","BOSS","M","M","$","M"],"build_version":"2018-12-20","purchased_purges":1,"victory":false,"max_hp_per_floor":[88,88,88,88,88,88,88,88,88,88,88,88,88,88,88,88,88,91,95,95,98],"card_choices":[{"not_picked":["Thunderclap","Rage"],"picked":"Headbutt","floor":1},{"not_picked":["Second Wind","Sword Boomerang"],"picked":"Combust","floor":2},{"not_picked":["Sword Boomerang","Entrench"],"picked":"Shrug It Off","floor":3},{"not_picked":["Clash","Entrench"],"picked":"Uppercut","floor":5},{"not_picked":["Corruption","Evolve"],"picked":"Metallicize","floor":6},{"not_picked":["Thunderclap","Sword Boomerang"],"picked":"Armaments","floor":10},{"not_picked":["Havoc","Perfected Strike"],"picked":"Reaper","floor":11},{"not_picked":["Sentinel","Iron Wave"],"picked":"Shrug It Off","floor":12},{"not_picked":["Anger","Shockwave"],"picked":"Pommel Strike","floor":13},{"not_picked":["Exhume","Heavy Blade","Combust"],"picked":"SKIP","floor":14},{"not_picked":["Reaper","Fiend Fire"],"picked":"Feed","floor":16},{"not_picked":["Spot Weakness","Clothesline","Power Through"],"picked":"SKIP","floor":18},{"not_picked":["Body Slam","Infernal Blade","Headbutt"],"picked":"SKIP","floor":19}],"player_experience":667442,"relics_obtained":[{"floor":6,"key":"Lantern"},{"floor":9,"key":"PreservedInsect"},{"floor":12,"key":"Darkstone Periapt"},{"floor":13,"key":"Odd Mushroom"},{"floor":14,"key":"Dream Catcher"}],"event_choices":[{"damage_healed":0,"gold_gain":100,"player_choice":"Pray","damage_taken":0,"max_hp_gain":0,"max_hp_loss":0,"event_name":"Golden Shrine","floor":4,"gold_loss":0},{"damage_healed":0,"gold_gain":0,"player_choice":"Ignored","damage_taken":0,"max_hp_gain":0,"max_hp_loss":0,"event_name":"Liars Game","floor":8,"gold_loss":0},{"damage_healed":0,"gold_gain":30,"player_choice":"Searched \u00273\u0027 times","damage_taken":0,"relics_obtained":["The Courier"],"max_hp_gain":0,"max_hp_loss":0,"event_name":"Dead Adventurer","floor":11,"gold_loss":0},{"damage_healed":0,"gold_gain":0,"player_choice":"Fought Mushrooms","damage_taken":0,"max_hp_gain":0,"max_hp_loss":0,"event_name":"Mushrooms","floor":13,"gold_loss":0}],"is_beta":false,"boss_relics":[{"not_picked":["White Beast Statue","Lizard Tail"],"picked":"Runic Cube"}],"items_purged_floors":[20],"is_endless":false,"potions_floor_spawned":[2,6,10,11,14,19],"killed_by":"3 Cultists","ascension_level":1}