{"gold_per_floor":[116,116,34,50,65,98,122,122,122,134,44,44,44,44,44,163,163,176,20,20,0,0,0],"floor_reached":23,"playtime":530,"items_purged":[],"score":231,"play_id":"fca46980-e20e-401d-a77c-f34dbf2b3b85","local_time":"20190617030453","is_ascension_mode":true,"campfire_choices":[{"floor":8,"key":"REST"},{"floor":15,"key":"RECALL"}],"neow_cost":"NONE","seed_source_timestamp":204653516401200,"circlet_count":0,"master_deck":["Strike_B","Strike_B","Strike_B","Defend_B","Defend_B","Defend_B","Defend_B","Zap","Dualcast","Thunder Strike","Sweeping Beam","Darkness","Storm","Streamline","Static Discharge","Meteor Strike","Rip and Tear","Madness","Injury","Biased Cognition","Gash","Defragment","Melter","Steam","Loop+1"],"relics":["FrozenCore","Bag of Marbles","Shuriken","Golden Idol","Enchiridion"],"potions_floor_usage":[5,16,16],"damage_taken":[{"damage":5,"enemies":"Small Slimes","floor":1,"turns":4},{"damage":1,"enemies":"Cultist","floor":4,"turns":4},{"damage":0,"enemies":"Jaw Worm","floor":5,"turns":2},{"damage":45,"enemies":"Gremlin Nob","floor":6,"turns":4},{"damage":9,"enemies":"2 Fungi Beasts","floor":10,"turns":3},{"damage":49,"enemies":"Hexaghost","floor":16,"turns":5},{"damage":16,"enemies":"Chosen","floor":18,"turns":4},{"damage":20,"enemies":"2 Thieves","floor":21,"turns":4},{"damage":13,"enemies":"Book of Stabbing","floor":23,"turns":2}],"seed_played":"-1062815737721884035","potions_obtained":[{"floor":4,"key":"Block Potion"},{"floor":6,"key":"Swift Potion"},{"floor":10,"key":"LiquidBronze"}],"is_trial":false,"path_per_floor":["M","?","$","M","M","E","T","R","T","M","$","?","?","$","R","B",null,"M","$","?","M","$","E"],"character_chosen":"DEFECT","items_purchased":["Storm","Madness","Defragment","Melter","Steam"],"campfire_rested":1,"item_purchase_floors":[3,11,19,19,19],"current_hp_per_floor":[70,70,70,69,69,24,24,46,46,37,37,62,62,62,62,13,60,44,44,28,8,8,0],"gold":0,"neow_bonus":"ONE_RANDOM_RARE_CARD","is_prod":false,"is_daily":false,"chose_seed":false,"campfire_upgraded":0,"win_rate":0,"timestamp":1560755093,"path_taken":["M","?","$","M","?","E","?","R","T","M","$","?","?","?","R","BOSS","M","$","?","M","$","E"],"build_version":"2019-06-13","purchased_purges":0,"victory":false,"max_hp_per_floor":[75,75,75,75,75,75,75,75,75,75,75,75,75,75,75,75,75,75,75,75,75,75,75],"card_choices":[{"not_picked":["Cold Snap","Coolheaded"],"picked":"Sweeping Beam","floor":1},{"not_picked":["Leap","Gash"],"picked":"Streamline","floor":4},{"not_picked":["Go for the Eyes","Conserve Battery"],"picked":"Static Discharge","floor":5},{"not_picked":["Reinforced Body","Go for the Eyes"],"picked":"Meteor Strike","floor":6},{"not_picked":["Turbo","Go for the Eyes"],"picked":"Rip and Tear","floor":10},{"not_picked":["Reboot","Thunder Strike"],"picked":"Biased Cognition","floor":16},{"not_picked":["Leap","Redo"],"picked":"Gash","floor":18},{"not_picked":["Steam+1","Compile Driver"],"picked":"Loop+1","floor":21}],"player_experience":1064369,"relics_obtained":[{"floor":6,"key":"Bag of Marbles"},{"floor":9,"key":"Shuriken"},{"floor":20,"key":"Enchiridion"}],"event_choices":[{"damage_healed":0,"gold_gain":0,"cards_transformed":["Strike_B"],"player_choice":"Transformed","damage_taken":0,"max_hp_gain":0,"max_hp_loss":0,"event_name":"Transmorgrifier","floor":2,"gold_loss":0,"cards_obtained":["Darkness"]},{"damage_healed":25,"gold_gain":0,"player_choice":"Banana","damage_taken":0,"max_hp_gain":0,"max_hp_loss":0,"event_name":"Big Fish","floor":12,"gold_loss":0},{"damage_healed":0,"gold_gain":0,"player_choice":"Take Wound","damage_taken":0,"relics_obtained":["Golden Idol"],"max_hp_gain":0,"max_hp_loss":0,"event_name":"Golden Idol","floor":13,"gold_loss":0,"cards_obtained":["Injury"]},{"damage_healed":0,"gold_gain":0,"player_choice":"Obtained Book","damage_taken":16,"max_hp_gain":0,"max_hp_loss":0,"event_name":"Cursed Tome","floor":20,"gold_loss":0}],"is_beta":true,"boss_relics":[{"not_picked":["Runic Pyramid","Empty Cage"],"picked":"FrozenCore"}],"items_purged_floors":[],"is_endless":false,"potions_floor_spawned":[4,6,10],"killed_by":"Book of Stabbing","ascension_level":5}