{"path_per_floor":["M","?","?","M","$","E","R","M","T","?","M","R","M","?","R","B",null,"M","?","?","$","?","R"],"character_chosen":"DEFECT","items_purchased":["Hello World","Trip","Sunder","Madness"],"gold_per_floor":[117,117,117,127,2,36,36,49,49,49,62,62,76,76,76,173,173,161,161,161,24,24,24,24],"floor_reached":24,"campfire_rested":2,"playtime":834,"current_hp_per_floor":[75,75,75,75,75,65,65,57,57,95,80,80,59,59,87,57,95,61,61,42,42,42,72,0],"items_purged":[],"gold":24,"score":217,"play_id":"f4412569-c9a2-4a8e-885f-cbcada4e6d15","local_time":"20180430150803","is_prod":false,"is_daily":false,"chose_seed":false,"is_ascension_mode":false,"campfire_upgraded":2,"timestamp":1525115283,"path_taken":["M","?","?","M","$","E","R","?","T","?","M","R","M","?","R","BOSS","M","?","?","$","?","R","E"],"build_version":"2018-04-27v3","seed_source_timestamp":1285719692696907,"purchased_purges":0,"victory":false,"master_deck":["Strike_B","Strike_B","Strike_B","Defend_B","Defend_B","Defend_B","Zap","Dualcast","Cold Snap+1","Tempest","Hello World+1","Trip","Ball Lightning","Conserve Battery","Machine Learning+1","Reinforced Body","Multi-Cast","Zap","Leap","Chill","Sunder","Madness","Decay"],"max_hp_per_floor":[75,75,75,75,75,85,85,85,85,95,95,95,95,95,95,95,95,95,95,100,100,100,100,100],"relics":["Cracked Core","Pear","Bottled Flame","Runic Pyramid"],"card_choices":[{"not_picked":["Rip and Tear","Turbo"],"picked":"Cold Snap","floor":0},{"not_picked":["Impulse","Chaos"],"picked":"Tempest","floor":4},{"not_picked":["Turbo","Coolheaded"],"picked":"Ball Lightning","floor":6},{"not_picked":["Hologram","Flux Capacitor"],"picked":"Conserve Battery","floor":8},{"not_picked":["Coolheaded","Conserve Battery"],"picked":"Machine Learning","floor":11},{"not_picked":["Axe Kick","Coolheaded"],"picked":"Reinforced Body","floor":13},{"not_picked":["All For One","Fission"],"picked":"Multi-Cast","floor":16}],"player_experience":98378,"potions_floor_usage":[6,13,18,24],"damage_taken":[{"damage":0,"enemies":"2 Louse","floor":1,"turns":2},{"damage":0,"enemies":"Cultist","floor":4,"turns":4},{"damage":20,"enemies":"Gremlin Nob","floor":6,"turns":3},{"damage":8,"enemies":"Jaw Worm","floor":8,"turns":3},{"damage":15,"enemies":"Exordium Wildlife","floor":11,"turns":4},{"damage":21,"enemies":"Lots of Slimes","floor":13,"turns":3},{"damage":30,"enemies":"Hexaghost","floor":16,"turns":9},{"damage":34,"enemies":"2 Thieves","floor":18,"turns":4},{"damage":74,"enemies":"Book of Stabbing","floor":24,"turns":7}],"event_choices":[{"event_name":"Upgrade Shrine","player_choice":"Upgraded","floor":2,"damage_taken":0},{"event_name":"Living Wall","player_choice":"Change","floor":3,"damage_taken":0},{"event_name":"Bonfire Elementals","player_choice":"RARE","floor":10,"damage_taken":0},{"event_name":"Purifier","player_choice":"One Purge","floor":14,"damage_taken":0},{"event_name":"Match and Keep!","player_choice":"3 cards matched","floor":19,"damage_taken":0},{"event_name":"Forgotten Altar","player_choice":"Shed Blood","floor":20,"damage_taken":0},{"event_name":"Wheel of Change","player_choice":"Curse","floor":22,"damage_taken":0}],"boss_relics":[{"not_picked":["Ectoplasm","Philosopher\u0027s Stone"],"picked":"Runic Pyramid"}],"potions_floor_spawned":[4,11,16,18],"seed_played":"231587140587410406","killed_by":"Book of Stabbing","ascension_level":0,"is_trial":false}