{"gold_per_floor":[11,11,27,41,55,55,82,98,149,168,188,198,212,243,243,322,322,340,340,351,351,101,101,121,121,121,153,153,153,188,200,200,200],"floor_reached":33,"playtime":1442,"items_purged":["Strike_G"],"score":602,"play_id":"2455b9e4-96fa-440b-b533-adca81c90411","local_time":"20181102185803","is_ascension_mode":true,"campfire_choices":[{"data":"Dagger Spray","floor":6,"key":"SMITH"},{"data":"Well Laid Plans","floor":15,"key":"SMITH"},{"floor":23,"key":"REST"},{"floor":25,"key":"REST"},{"floor":29,"key":"REST"},{"data":"Footwork","floor":32,"key":"SMITH"}],"neow_cost":"NO_GOLD","seed_source_timestamp":1972320845524144,"circlet_count":0,"master_deck":["AscendersBane","Defend_G","Defend_G","Defend_G","Defend_G","Defend_G","Strike_G","Strike_G","Survivor","Neutralize+1","Well Laid Plans+1","Die Die Die","Dagger Spray+1","Flying Knee","Leg Sweep","Predator","Backflip","Quick Slash","Heel Hook","Caltrops","PiercingWail+1","Leg Sweep","Footwork+1","Mind Blast","Dash"],"relics":["Ring of the Snake","Turnip","Pen Nib","Pantograph","Snecko Eye","Calipers","Strawberry","Letter Opener"],"potions_floor_usage":[7,14,14,18,24,27,30,31,33],"damage_taken":[{"damage":0,"enemies":"Jaw Worm","floor":1,"turns":6},{"damage":5,"enemies":"Cultist","floor":3,"turns":4},{"damage":0,"enemies":"2 Louse","floor":4,"turns":2},{"damage":0,"enemies":"2 Fungi Beasts","floor":5,"turns":2},{"damage":13,"enemies":"Gremlin Nob","floor":7,"turns":4},{"damage":8,"enemies":"Large Slime","floor":8,"turns":8},{"damage":3,"enemies":"Gremlin Gang","floor":10,"turns":3},{"damage":0,"enemies":"2 Fungi Beasts","floor":11,"turns":2},{"damage":0,"enemies":"Exordium Wildlife","floor":12,"turns":3},{"damage":0,"enemies":"Looter","floor":13,"turns":4},{"damage":8,"enemies":"Lagavulin","floor":14,"turns":5},{"damage":24,"enemies":"Slime Boss","floor":16,"turns":12},{"damage":11,"enemies":"Shell Parasite","floor":18,"turns":6},{"damage":16,"enemies":"Spheric Guardian","floor":20,"turns":6},{"damage":15,"enemies":"Snecko","floor":24,"turns":7},{"damage":28,"enemies":"Slavers","floor":27,"turns":5},{"damage":8,"enemies":"Book of Stabbing","floor":30,"turns":5},{"damage":2,"enemies":"3 Cultists","floor":31,"turns":5},{"damage":60,"enemies":"Collector","floor":33,"turns":10}],"seed_played":"-5439567177815730668","potions_obtained":[{"floor":4,"key":"Strength Potion"},{"floor":8,"key":"Poison Potion"},{"floor":11,"key":"AttackPotion"},{"floor":16,"key":"Block Potion"},{"floor":20,"key":"Weak Potion"},{"floor":24,"key":"PowerPotion"},{"floor":28,"key":"Swift Potion"},{"floor":28,"key":"SteroidPotion"},{"floor":31,"key":"Ancient Potion"}],"is_trial":false,"path_per_floor":["M","?","M","M","M","R","E","M","T","M","M","M","M","E","R","B",null,"M","?","M","?","$","R","M","R","T","E","?","R","E","M","R","B"],"character_chosen":"THE_SILENT","items_purchased":["Footwork","Mind Blast"],"campfire_rested":3,"item_purchase_floors":[22,22],"current_hp_per_floor":[59,59,54,54,54,54,41,33,33,30,30,30,30,22,22,23,55,44,26,10,10,10,31,16,37,37,16,16,39,31,29,29,0],"gold":200,"neow_bonus":"TRANSFORM_TWO_CARDS","is_prod":false,"is_daily":false,"chose_seed":false,"campfire_upgraded":3,"win_rate":0,"timestamp":1541210283,"path_taken":["M","?","M","M","M","R","E","M","T","M","M","M","?","E","R","BOSS","M","?","M","?","$","R","M","R","T","E","?","R","E","M","R","BOSS"],"build_version":"2018-11-01","purchased_purges":1,"victory":false,"max_hp_per_floor":[66,66,66,66,66,66,66,66,66,66,66,66,66,66,66,66,66,66,71,71,71,71,71,71,71,71,78,78,78,78,78,78,78],"card_choices":[{"not_picked":["Slice","Expertise"],"picked":"Dagger Spray","floor":1},{"not_picked":["Dodge and Roll","Expertise","Backflip"],"picked":"SKIP","floor":3},{"not_picked":["Dagger Spray","Escape Plan","Dodge and Roll"],"picked":"SKIP","floor":4},{"not_picked":["Accuracy","All Out Attack"],"picked":"Flying Knee","floor":5},{"not_picked":["A Thousand Cuts","Masterful Stab"],"picked":"Leg Sweep","floor":7},{"not_picked":["Expertise","Setup"],"picked":"Predator","floor":8},{"not_picked":["Underhanded Strike","Blade Dance"],"picked":"Backflip","floor":10},{"not_picked":["Cloak And Dagger","PiercingWail"],"picked":"Quick Slash","floor":11},{"not_picked":["Distraction","Dagger Throw"],"picked":"Heel Hook","floor":12},{"not_picked":["Sucker Punch","Underhanded Strike"],"picked":"Caltrops","floor":13},{"not_picked":["Grand Finale","Caltrops","Sucker Punch"],"picked":"SKIP","floor":14},{"not_picked":["Caltrops+1","Blade Dance"],"picked":"PiercingWail+1","floor":18},{"not_picked":["Accuracy","Calculated Gamble+1","Infinite Blades"],"picked":"SKIP","floor":20},{"not_picked":["Dagger Throw","Deflect","Prepared"],"picked":"SKIP","floor":24},{"not_picked":["Expertise","Poisoned Stab","Terror"],"picked":"SKIP","floor":27},{"not_picked":["Venomology","Acrobatics"],"picked":"Dash","floor":30},{"not_picked":["Accuracy+1","Deadly Poison","Expertise+1"],"picked":"SKIP","floor":31}],"player_experience":571628,"relics_obtained":[{"floor":7,"key":"Turnip"},{"floor":9,"key":"Pen Nib"},{"floor":14,"key":"Pantograph"},{"floor":26,"key":"Calipers"},{"floor":27,"key":"Strawberry"},{"floor":30,"key":"Letter Opener"}],"event_choices":[{"damage_healed":0,"gold_gain":0,"player_choice":"Upgraded","damage_taken":0,"max_hp_gain":0,"max_hp_loss":0,"event_name":"Upgrade Shrine","floor":2,"gold_loss":0,"cards_upgraded":["Neutralize"]},{"damage_healed":0,"gold_gain":0,"player_choice":"Shed Blood","damage_taken":23,"max_hp_gain":5,"max_hp_loss":0,"event_name":"Forgotten Altar","floor":19,"gold_loss":0},{"damage_healed":0,"gold_gain":0,"player_choice":"Read","damage_taken":0,"max_hp_gain":0,"max_hp_loss":0,"event_name":"The Library","floor":21,"gold_loss":0,"cards_obtained":["Leg Sweep"]},{"damage_healed":0,"gold_gain":0,"player_choice":"Got Potions","damage_taken":0,"max_hp_gain":0,"max_hp_loss":0,"event_name":"Lab","floor":28,"gold_loss":0}],"is_beta":false,"boss_relics":[{"not_picked":["White Beast Statue","Cursed Key"],"picked":"Snecko Eye"}],"items_purged_floors":[22],"is_endless":false,"potions_floor_spawned":[4,8,11,12,13,16,20,24,31],"killed_by":"Collector","ascension_level":20}