{"path_per_floor":["M","?","?","?","M","R","M","M","T","R","M","M","?","E","R","B",null,"M","?","?","M","$","E","R","$","T","M","?","R","$","M","R"],"character_chosen":"IRONCLAD","items_purchased":["Impervious","Whirlwind"],"gold_per_floor":[110,110,60,60,72,72,82,102,102,102,116,134,134,166,166,263,263,281,241,156,172,24,53,53,53,80,90,90,90,21,40,40,40],"floor_reached":33,"campfire_rested":3,"playtime":2041,"current_hp_per_floor":[80,80,80,62,68,68,74,75,89,89,85,81,74,72,94,29,94,44,44,51,57,57,53,86,86,86,80,80,80,80,79,111,0],"items_purged":[],"gold":40,"score":315,"play_id":"ce56eea8-1ab5-4f49-b717-242271c7016c","local_time":"20180424110840","is_prod":false,"is_daily":false,"chose_seed":false,"is_ascension_mode":false,"campfire_upgraded":3,"timestamp":1524582520,"path_taken":["M","?","?","?","M","R","M","M","T","R","M","?","?","E","R","BOSS","M","?","?","?","$","E","R","$","T","M","?","R","?","M","R","BOSS"],"build_version":"2018-04-19","seed_source_timestamp":751756932217223,"purchased_purges":0,"victory":false,"master_deck":["Strike_R","Defend_R","Defend_R","Defend_R","Defend_R","Bash+1","Body Slam+1","Body Slam+1","Whirlwind","Ghostly Armor","Thunderclap","Impervious","Dropkick+1","Iron Wave+1","Impervious","Ghostly Armor+1","Armaments+1","Whirlwind+1"],"max_hp_per_floor":[80,80,80,80,80,80,80,80,94,94,94,94,94,94,94,94,94,94,94,101,101,101,111,111,111,111,111,111,111,111,111,111,111],"relics":["Burning Blood","Red Skull","Mango","Molten Egg 2","Black Star","Strawberry","Gremlin Horn","Pear","Omamori"],"card_choices":[{"not_picked":["Twin Strike","Perfected Strike"],"picked":"Body Slam","floor":1},{"not_picked":["Ghostly Armor","Sentinel"],"picked":"Body Slam","floor":5},{"not_picked":["Clothesline","Carnage"],"picked":"Whirlwind","floor":7},{"not_picked":["Intimidate","Twin Strike"],"picked":"Ghostly Armor","floor":11},{"not_picked":["Reckless Charge","Sword Boomerang"],"picked":"Thunderclap","floor":12},{"not_picked":["Brutality","Double Tap"],"picked":"Impervious","floor":16},{"not_picked":["Perfected Strike","Thunderclap"],"picked":"Dropkick","floor":18},{"not_picked":["Flex","Pommel Strike"],"picked":"Iron Wave","floor":21},{"not_picked":["Pommel Strike","Thunderclap"],"picked":"Ghostly Armor","floor":23},{"not_picked":["Hemokinesis","Bloodletting"],"picked":"Armaments","floor":27}],"player_experience":738643,"potions_floor_usage":[8,14,21,23,23,27,31],"damage_taken":[{"damage":6,"enemies":"Cultist","floor":1,"turns":3},{"damage":0,"enemies":"Jaw Worm","floor":5,"turns":5},{"damage":0,"enemies":"Small Slimes","floor":7,"turns":4},{"damage":5,"enemies":"2 Fungi Beasts","floor":8,"turns":4},{"damage":10,"enemies":"Exordium Thugs","floor":11,"turns":3},{"damage":10,"enemies":"Exordium Wildlife","floor":12,"turns":3},{"damage":8,"enemies":"3 Sentries","floor":14,"turns":6},{"damage":71,"enemies":"The Guardian","floor":16,"turns":16},{"damage":56,"enemies":"Spheric Guardian","floor":18,"turns":8},{"damage":0,"enemies":"Chosen","floor":21,"turns":4},{"damage":20,"enemies":"Gremlin Leader","floor":23,"turns":8},{"damage":12,"enemies":"Snake Plant","floor":27,"turns":4},{"damage":7,"enemies":"3 Cultists","floor":31,"turns":4},{"damage":115,"enemies":"Champ","floor":33,"turns":15}],"event_choices":[{"event_name":"Bonfire Elementals","player_choice":"BASIC","floor":2,"damage_taken":0},{"event_name":"The Cleric","player_choice":"Card Removal","floor":3,"damage_taken":0},{"event_name":"Scrap Ooze","player_choice":"success","floor":4,"damage_taken":18},{"event_name":"Golden Wing","player_choice":"Card Removal","floor":13,"damage_taken":0},{"event_name":"The Woman in Blue","player_choice":"Bought 3 Potions","floor":19,"damage_taken":0},{"event_name":"Addict","player_choice":"Obtained Relic","floor":20,"damage_taken":0},{"event_name":"Back to Basics","player_choice":"Elegance","floor":28,"damage_taken":0}],"boss_relics":[{"not_picked":["Calling Bell","Ectoplasm"],"picked":"Black Star"}],"potions_floor_spawned":[7,12,21,27],"seed_played":"-5540590057631735980","killed_by":"Champ","ascension_level":0,"is_trial":false}