{"path_per_floor":["M","?","?","M","M","M","$","R","T","$","M","R","$","M","R","B",null,"M","?","$","?","M","R","E","R","T","M","?","M","M","M","R"],"character_chosen":"DEFECT","items_purchased":["Dramatic Entrance","AttackPotion","Echo Form"],"gold_per_floor":[112,112,72,91,103,114,10,10,57,5,17,17,17,28,28,124,124,141,141,67,67,87,87,117,117,117,130,130,146,164,180,180,180],"floor_reached":33,"campfire_rested":3,"playtime":1326,"current_hp_per_floor":[34,31,31,31,25,32,32,54,54,54,61,61,61,63,63,23,75,68,54,54,80,60,60,51,75,75,59,59,53,34,25,49,0],"items_purged":[],"gold":180,"score":259,"play_id":"2826064c-45d5-4160-86ef-c5dd44400356","local_time":"20180514020058","is_prod":false,"is_daily":false,"chose_seed":false,"is_ascension_mode":false,"campfire_upgraded":3,"timestamp":1526277658,"path_taken":["M","?","?","M","M","M","$","R","T","$","?","R","?","M","R","BOSS","M","?","$","?","M","R","E","R","T","M","?","M","M","M","R","BOSS"],"build_version":"2018-05-12v2","seed_source_timestamp":39332713534401,"purchased_purges":0,"victory":false,"master_deck":["Strike_B+1","Strike_B+1","Strike_B+1","Strike_B+1","Defend_B+1","Defend_B+1","Defend_B+1","Defend_B+1","Zap","Dualcast","Lockon","Chill","Self Repair","Rip and Tear+1","Dramatic Entrance+1","Rip and Tear","Ball Lightning","Echo Form","Doubt","Pain","Decay","Axe Kick+1","Echo Form+1","Sunder","Darkness+1","Static Discharge+1","Melter","Glacier","Double Energy","Steam+1"],"max_hp_per_floor":[75,75,75,75,75,75,75,75,75,75,75,75,75,75,75,75,75,75,80,80,80,80,80,80,80,80,80,80,80,80,80,80,80],"relics":["Cracked Core","Gambling Chip","Bronze Scales","Bag of Marbles","Calling Bell","Prayer Wheel","Kunai","Ginger","Cables","Turnip"],"card_choices":[{"not_picked":["Aggregate","Sweeping Beam"],"picked":"Lockon","floor":1},{"not_picked":["Axe Kick","Coolheaded"],"picked":"Chill","floor":4},{"not_picked":["Cold Snap","Barrage"],"picked":"Self Repair","floor":5},{"not_picked":["Leap","Capacitor"],"picked":"Rip and Tear","floor":6},{"not_picked":["Barrage","Hello World"],"picked":"Rip and Tear","floor":11},{"not_picked":["Steam Power","Skim"],"picked":"Ball Lightning","floor":14},{"not_picked":["Thunder Strike","Seek"],"picked":"Echo Form","floor":16},{"not_picked":["Coolheaded","Sweeping Beam"],"picked":"Axe Kick+1","floor":18},{"not_picked":["Cold Snap","Hologram"],"picked":"Sunder","floor":22},{"not_picked":["Turbo","Storm"],"picked":"Darkness+1","floor":24},{"not_picked":["Streamline","Sweeping Beam"],"picked":"Static Discharge+1","floor":26},{"not_picked":["Capacitor+1","Ball Lightning+1"],"picked":"Melter","floor":27},{"not_picked":["Axe Kick","Streamline"],"picked":"Glacier","floor":29},{"not_picked":["Cold Snap","Steam"],"picked":"Double Energy","floor":30},{"not_picked":["Hologram","Stack"],"picked":"Steam+1","floor":31}],"player_experience":239211,"potions_floor_usage":[4,5,6,11,14,16,24,29,33],"damage_taken":[{"damage":4,"enemies":"Small Slimes","floor":1,"turns":3},{"damage":0,"enemies":"2 Louse","floor":4,"turns":2},{"damage":6,"enemies":"Jaw Worm","floor":5,"turns":2},{"damage":0,"enemies":"3 Louse","floor":6,"turns":4},{"damage":0,"enemies":"Lots of Slimes","floor":11,"turns":1},{"damage":5,"enemies":"Exordium Thugs","floor":14,"turns":3},{"damage":47,"enemies":"The Guardian","floor":16,"turns":9},{"damage":14,"enemies":"Chosen","floor":18,"turns":4},{"damage":20,"enemies":"2 Thieves","floor":22,"turns":3},{"damage":23,"enemies":"Slavers","floor":24,"turns":4},{"damage":16,"enemies":"Centurion and Healer","floor":27,"turns":3},{"damage":13,"enemies":"Chosen and Byrds","floor":29,"turns":4},{"damage":19,"enemies":"Snake Plant","floor":30,"turns":3},{"damage":16,"enemies":"Centurion and Healer","floor":31,"turns":4},{"damage":94,"enemies":"Automaton","floor":33,"turns":6}],"event_choices":[{"event_name":"Scrap Ooze","player_choice":"success","floor":2,"damage_taken":3},{"event_name":"The Woman in Blue","player_choice":"Bought 3 Potions","floor":3,"damage_taken":0},{"event_name":"Forgotten Altar","player_choice":"Shed Blood","floor":19,"damage_taken":0},{"event_name":"The Library","player_choice":"Heal","floor":21,"damage_taken":0},{"event_name":"Back to Basics","player_choice":"Simplicity","floor":28,"damage_taken":0}],"boss_relics":[{"not_picked":["Astrolabe","Sozu"],"picked":"Calling Bell"}],"potions_floor_spawned":[1,6,14,22,27,31],"seed_played":"-4340100959572853238","killed_by":"Automaton","ascension_level":0,"is_trial":false}