{"gold_per_floor":[115,75,88,88,108,148,148,181,206,229,248,43,143,157,157,283,283,307,18,18,43,69,69,110,129,154,154,169,169],"floor_reached":29,"playtime":1281,"items_purged":[],"score":319,"play_id":"37619155-38aa-40a9-ace1-b6fef0bc12dc","local_time":"20190521042123","is_ascension_mode":true,"campfire_choices":[{"floor":7,"key":"REST"},{"floor":15,"key":"REST"},{"floor":23,"key":"REST"},{"floor":27,"key":"REST"}],"neow_cost":"NONE","seed_source_timestamp":337657106098800,"circlet_count":0,"master_deck":["Strike_R","Strike_R","Strike_R","Defend_R","Defend_R","Defend_R+1","Defend_R+1","Bash","Flex","Iron Wave","Rampage","Injury","Clothesline","Double Tap","Immolate","Dual Wield","Clash","Immolate","Metallicize","Demon Form","Cleave+1","Heavy Blade","Burning Pact","Metallicize+1","Rage+1","Heavy Blade","Spot Weakness"],"relics":["Black Blood","Golden Idol","Happy Flower","War Paint","Red Skull","DollysMirror","Unceasing Top","Potion Belt","Blue Candle","Omamori"],"potions_floor_usage":[3,3,3,6,8,11,16,21,24,25],"damage_taken":[{"damage":9,"enemies":"Small Slimes","floor":1,"turns":4},{"damage":0,"enemies":"Cultist","floor":3,"turns":4},{"damage":12,"enemies":"Jaw Worm","floor":5,"turns":2},{"damage":36,"enemies":"Lagavulin","floor":6,"turns":8},{"damage":40,"enemies":"3 Sentries","floor":8,"turns":8},{"damage":7,"enemies":"Exordium Wildlife","floor":10,"turns":3},{"damage":19,"enemies":"Exordium Thugs","floor":11,"turns":2},{"damage":6,"enemies":"Looter","floor":14,"turns":2},{"damage":43,"enemies":"Hexaghost","floor":16,"turns":12},{"damage":19,"enemies":"Spheric Guardian","floor":18,"turns":4},{"damage":25,"enemies":"Chosen","floor":21,"turns":6},{"damage":54,"enemies":"Gremlin Leader","floor":24,"turns":6},{"damage":16,"enemies":"Snecko","floor":25,"turns":5},{"damage":19,"enemies":"Centurion and Healer","floor":28,"turns":6},{"damage":27,"enemies":"Colosseum Slavers","floor":29,"turns":3},{"damage":17,"enemies":"Colosseum Nobs","floor":29,"turns":2}],"seed_played":"1960436340479267949","potions_obtained":[{"floor":2,"key":"EssenceOfSteel"},{"floor":2,"key":"PowerPotion"},{"floor":2,"key":"Strength Potion"},{"floor":5,"key":"Weak Potion"},{"floor":6,"key":"Regen Potion"},{"floor":10,"key":"EssenceOfSteel"},{"floor":14,"key":"Block Potion"},{"floor":16,"key":"Weak Potion"},{"floor":21,"key":"SkillPotion"},{"floor":24,"key":"LiquidBronze"}],"is_trial":false,"path_per_floor":["M","?","M","?","M","E","R","E","T","M","M","$","?","M","R","B",null,"M","$","?","M","T","R","E","M","T","R","M","?"],"character_chosen":"IRONCLAD","items_purchased":["DollysMirror","Unceasing Top"],"campfire_rested":4,"item_purchase_floors":[12,19],"current_hp_per_floor":[77,77,80,80,74,44,68,49,49,48,35,35,35,35,59,22,66,57,57,57,42,42,66,22,16,16,40,31,0],"gold":169,"neow_bonus":"THREE_CARDS","is_prod":false,"is_daily":false,"chose_seed":false,"campfire_upgraded":0,"win_rate":0,"timestamp":1558426883,"path_taken":["M","?","?","?","M","E","R","E","T","M","M","$","?","M","R","BOSS","M","$","?","M","?","R","E","M","T","R","M","?"],"build_version":"2019-05-07","purchased_purges":0,"victory":false,"max_hp_per_floor":[80,80,80,80,80,80,80,80,80,80,80,80,80,80,80,80,80,80,80,80,80,80,80,80,80,80,80,80,80],"card_choices":[{"not_picked":["Blood for Blood","Havoc"],"picked":"Flex","floor":0},{"not_picked":["Perfected Strike","Body Slam"],"picked":"Iron Wave","floor":1},{"not_picked":["Carnage","Armaments"],"picked":"Rampage","floor":3},{"not_picked":["Evolve","Perfected Strike"],"picked":"Clothesline","floor":5},{"not_picked":["Headbutt","Disarm"],"picked":"Double Tap","floor":6},{"not_picked":["Metallicize","Body Slam"],"picked":"Immolate","floor":8},{"not_picked":["Ghostly Armor","Shrug It Off"],"picked":"Dual Wield","floor":10},{"not_picked":["Pommel Strike","Thunderclap"],"picked":"Clash","floor":11},{"not_picked":["Wild Strike","Thunderclap"],"picked":"Metallicize","floor":14},{"not_picked":["Impervious","Double Tap"],"picked":"Demon Form","floor":16},{"not_picked":["Twin Strike+1","Thunderclap"],"picked":"Cleave+1","floor":18},{"not_picked":["Carnage+1","Uppercut"],"picked":"Metallicize+1","floor":21},{"not_picked":["Berserk","Second Wind"],"picked":"Rage+1","floor":24},{"not_picked":["Anger+1","Warcry"],"picked":"Heavy Blade","floor":25},{"not_picked":["Entrench","Wild Strike"],"picked":"Spot Weakness","floor":28}],"player_experience":900373,"relics_obtained":[{"floor":6,"key":"Happy Flower"},{"floor":8,"key":"War Paint"},{"floor":9,"key":"Red Skull"},{"floor":22,"key":"Potion Belt"},{"floor":24,"key":"Blue Candle"},{"floor":26,"key":"Omamori"}],"event_choices":[{"damage_healed":0,"gold_gain":0,"player_choice":"Bought 3 Potions","damage_taken":0,"max_hp_gain":0,"max_hp_loss":0,"event_name":"The Woman in Blue","floor":2,"gold_loss":0},{"damage_healed":0,"gold_gain":0,"player_choice":"Take Wound","damage_taken":0,"relics_obtained":["Golden Idol"],"max_hp_gain":0,"max_hp_loss":0,"event_name":"Golden Idol","floor":4,"gold_loss":0,"cards_obtained":["Injury"]},{"damage_healed":0,"gold_gain":100,"player_choice":"Pray","damage_taken":0,"max_hp_gain":0,"max_hp_loss":0,"event_name":"Golden Shrine","floor":13,"gold_loss":0},{"damage_healed":0,"gold_gain":0,"cards_transformed":["Strike_R","Strike_R"],"player_choice":"Became Test Subject","damage_taken":0,"max_hp_gain":0,"max_hp_loss":0,"event_name":"Drug Dealer","floor":20,"gold_loss":0,"cards_obtained":["Heavy Blade","Burning Pact"]},{"damage_healed":0,"gold_gain":0,"player_choice":"Fight","damage_taken":0,"max_hp_gain":0,"max_hp_loss":0,"event_name":"Colosseum","floor":29,"gold_loss":0},{"damage_healed":0,"gold_gain":0,"player_choice":"Fought Nobs","damage_taken":0,"max_hp_gain":0,"max_hp_loss":0,"event_name":"Colosseum","floor":29,"gold_loss":0}],"is_beta":true,"boss_relics":[{"not_picked":["Philosopher\u0027s Stone","Busted Crown"],"picked":"Black Blood"}],"items_purged_floors":[],"is_endless":false,"potions_floor_spawned":[5,6,10,14,16,21,24],"killed_by":"Colosseum Nobs","ascension_level":5}