{"gold_per_floor":[117,132,132,132,132,161,161,11,11,11,27,27,27,27,27,128,128,145,145,220,135,14,14,14,29,55,86,102,102,112,122,122,222,222,242,259,259,276,296,328,328,328,406,418,0,54,54,70,70,70],"floor_reached":51,"playtime":7334,"items_purged":["Strike_G"],"score":718,"play_id":"d10c2eff-7e43-4aa2-bd16-d89f9266ae86","local_time":"20190615151639","is_ascension_mode":false,"campfire_choices":[{"floor":7,"key":"REST"},{"data":"Deadly Poison","floor":10,"key":"SMITH"},{"floor":12,"key":"REST"},{"floor":15,"key":"DIG"},{"floor":23,"key":"DIG"},{"data":"Crippling Poison","floor":29,"key":"SMITH"},{"floor":32,"key":"REST"},{"floor":41,"key":"REST"},{"floor":47,"key":"DIG"},{"floor":49,"key":"REST"}],"neow_cost":"NONE","seed_source_timestamp":236581447839120,"circlet_count":0,"master_deck":["Defend_G+1","Defend_G","Defend_G+1","Defend_G","Strike_G","Strike_G","Strike_G","Survivor","Neutralize","Poisoned Stab","Predator","Calculated Gamble","Quick Slash","Quick Slash","Deadly Poison+1","Eviscerate+1","Venomology","Dagger Spray+1","Necronomicurse","Regret","Crippling Poison+1","Expertise","Infinite Blades+1","Injury","Slice+1","Backstab+1","Predator+1","Night Terror","Burst","Distraction+1","Skewer+1","Underhanded Strike+1","Reflex+1","Choke+1","Dash+1","Apotheosis","Writhe","Blade Dance+1","Distraction+1","Choke+1","Tactician+1"],"relics":["HoveringKite","Lantern","Shuriken","Molten Egg 2","Shovel","Incense Burner","Cursed Key","Necronomicon","Mercury Hourglass","Regal Pillow","Nunchaku","Centennial Puzzle","Dream Catcher","Fusion Hammer","Bag of Preparation","Matryoshka","Potion Belt","Pear","Red Mask","StoneCalendar","Bronze Scales"],"potions_floor_usage":[16,16,27,28,28,31,33,38,39,39,40,40,44,46,46,48,50,50,50],"damage_taken":[{"damage":0,"enemies":"Cultist","floor":1,"turns":5},{"damage":10,"enemies":"2 Louse","floor":2,"turns":3},{"damage":36,"enemies":"Lagavulin","floor":6,"turns":8},{"damage":7,"enemies":"Small Slimes","floor":11,"turns":2},{"damage":24,"enemies":"The Guardian","floor":16,"turns":8},{"damage":0,"enemies":"Chosen","floor":18,"turns":4},{"damage":0,"enemies":"3 Byrds","floor":25,"turns":3},{"damage":14,"enemies":"Gremlin Leader","floor":27,"turns":4},{"damage":0,"enemies":"Snecko","floor":28,"turns":2},{"damage":8,"enemies":"Shelled Parasite and Fungi","floor":30,"turns":3},{"damage":0,"enemies":"Centurion and Healer","floor":31,"turns":3},{"damage":5,"enemies":"Collector","floor":33,"turns":3},{"damage":8,"enemies":"3 Darklings","floor":35,"turns":4},{"damage":1,"enemies":"3 Shapes","floor":36,"turns":3},{"damage":20,"enemies":"Writhing Mass","floor":38,"turns":4},{"damage":19,"enemies":"Maw","floor":39,"turns":3},{"damage":0,"enemies":"Giant Head","floor":40,"turns":4},{"damage":12,"enemies":"4 Shapes","floor":44,"turns":3},{"damage":1,"enemies":"2 Orb Walkers","floor":46,"turns":3},{"damage":0,"enemies":"3 Darklings","floor":48,"turns":2},{"damage":3,"enemies":"Donu and Deca","floor":50,"turns":4}],"seed_played":"-2321415618343473620","potions_obtained":[{"floor":1,"key":"GamblersBrew"},{"floor":6,"key":"Regen Potion"},{"floor":11,"key":"Regen Potion"},{"floor":25,"key":"SkillPotion"},{"floor":30,"key":"SteroidPotion"},{"floor":38,"key":"Swift Potion"},{"floor":39,"key":"Weak Potion"},{"floor":40,"key":"Explosive Potion"},{"floor":46,"key":"EssenceOfSteel"}],"is_trial":false,"path_per_floor":["M","M","?","?","?","E","R","$","T","R","M","R","?","T","R","B",null,"M","?","T","?","$","R","$","M","T","E","M","R","M","M","R","B",null,"M","M","?","M","M","E","R","?","T","M","?","?","R","M","R","B",null],"character_chosen":"THE_SILENT","items_purchased":["Quick Slash","Deadly Poison","Crippling Poison","Expertise"],"campfire_rested":5,"item_purchase_floors":[8,8,22,22],"current_hp_per_floor":[70,60,57,50,50,14,35,35,35,35,28,49,35,35,35,50,70,70,54,54,54,54,54,54,54,54,40,45,45,37,37,70,65,70,62,61,61,41,22,22,58,58,68,56,56,55,55,55,80,77],"gold":70,"neow_bonus":"BOSS_RELIC","is_prod":false,"is_daily":false,"chose_seed":false,"campfire_upgraded":2,"win_rate":0.0,"timestamp":1560626199,"path_taken":["M","?","?","?","?","E","R","?","T","R","M","R","?","?","R","BOSS","M","?","?","?","?","R","?","M","T","E","M","R","M","M","R","BOSS","M","M","?","?","M","E","R","?","T","M","?","?","R","M","R","BOSS"],"build_version":"2019-01-23","purchased_purges":1,"victory":true,"max_hp_per_floor":[70,70,70,70,70,70,70,70,70,70,70,70,70,70,70,70,70,70,70,70,70,70,70,70,70,70,70,70,70,70,70,70,70,70,70,70,70,70,70,70,70,70,80,80,80,80,80,80,80,80],"card_choices":[{"not_picked":["Backstab","Prepared"],"picked":"Poisoned Stab","floor":1},{"not_picked":["Deadly Poison","Escape Plan"],"picked":"Predator","floor":2},{"not_picked":["Endless Agony","Dagger Spray"],"picked":"Quick Slash","floor":6},{"not_picked":["Blade Dance","Choke+1"],"picked":"Eviscerate+1","floor":11},{"not_picked":["Unload+1","Wraith Form v2"],"picked":"Venomology","floor":16},{"not_picked":["Outmaneuver","Slice+1"],"picked":"Dagger Spray+1","floor":18},{"not_picked":["Heel Hook+1","Flying Knee+1"],"picked":"Infinite Blades+1","floor":25},{"not_picked":["Deflect","PiercingWail"],"picked":"Slice+1","floor":27},{"not_picked":["Sucker Punch+1","Crippling Poison"],"picked":"Backstab+1","floor":28},{"not_picked":["Deflect","Flying Knee+1"],"picked":"Predator+1","floor":30},{"not_picked":["PiercingWail","Calculated Gamble","Deflect"],"picked":"SKIP","floor":31},{"not_picked":["Poisoned Stab+1","Quick Slash+1"],"picked":"Night Terror","floor":32},{"not_picked":["Phantasmal Killer","Night Terror"],"picked":"Burst","floor":33},{"not_picked":["Outmaneuver+1","Flying Knee+1"],"picked":"Distraction+1","floor":35},{"not_picked":["Bouncing Flask+1","Slice+1"],"picked":"Skewer+1","floor":36},{"not_picked":["Acrobatics","Prepared"],"picked":"Underhanded Strike+1","floor":38},{"not_picked":["Acrobatics+1","PiercingWail"],"picked":"Reflex+1","floor":39},{"not_picked":["Prepared","All Out Attack+1"],"picked":"Choke+1","floor":40},{"not_picked":["Flechettes+1","Acrobatics+1"],"picked":"Dash+1","floor":41},{"not_picked":["Impatience","Dramatic Entrance+1"],"picked":"Apotheosis","floor":42},{"not_picked":["Blur+1","Heel Hook+1"],"picked":"Blade Dance+1","floor":44},{"not_picked":["Dodge and Roll","Masterful Stab+1"],"picked":"Distraction+1","floor":46},{"not_picked":["Terror+1","Quick Slash+1"],"picked":"Choke+1","floor":48},{"not_picked":["Dodge and Roll+1","Caltrops"],"picked":"Tactician+1","floor":49}],"player_experience":19518,"relics_obtained":[{"floor":6,"key":"Shuriken"},{"floor":9,"key":"Molten Egg 2"},{"floor":14,"key":"Shovel"},{"floor":15,"key":"Incense Burner"},{"floor":19,"key":"Necronomicon"},{"floor":20,"key":"Mercury Hourglass"},{"floor":23,"key":"Nunchaku"},{"floor":26,"key":"Centennial Puzzle"},{"floor":27,"key":"Dream Catcher"},{"floor":40,"key":"Matryoshka"},{"floor":43,"key":"Potion Belt"},{"floor":43,"key":"Pear"},{"floor":46,"key":"StoneCalendar"},{"floor":47,"key":"Bronze Scales"}],"event_choices":[{"damage_healed":0,"gold_gain":0,"player_choice":"Success","damage_taken":3,"relics_obtained":["Lantern"],"max_hp_gain":0,"max_hp_loss":0,"event_name":"Scrap Ooze","floor":3,"gold_loss":0},{"cards_removed":["Defend_G"],"damage_healed":0,"gold_gain":0,"player_choice":"Card Removal","damage_taken":7,"max_hp_gain":0,"max_hp_loss":0,"event_name":"Golden Wing","floor":4,"gold_loss":0},{"damage_healed":0,"gold_gain":0,"cards_transformed":["Strike_G"],"player_choice":"Change","damage_taken":0,"max_hp_gain":0,"max_hp_loss":0,"event_name":"Living Wall","floor":5,"gold_loss":0,"cards_obtained":["Calculated Gamble"]},{"damage_healed":0,"gold_gain":0,"player_choice":"Entered Light","damage_taken":14,"max_hp_gain":0,"max_hp_loss":0,"event_name":"Shining Light","floor":13,"gold_loss":0,"cards_upgraded":["Defend_G","Defend_G"]},{"damage_healed":0,"gold_gain":0,"player_choice":"Obtained Book","damage_taken":16,"max_hp_gain":0,"max_hp_loss":0,"event_name":"Cursed Tome","floor":19,"gold_loss":0},{"damage_healed":0,"gold_gain":0,"player_choice":"Obtained Relic","damage_taken":0,"relics_obtained":["Regal Pillow"],"max_hp_gain":0,"max_hp_loss":0,"event_name":"Addict","floor":21,"gold_loss":85},{"damage_healed":0,"gold_gain":0,"player_choice":"Gave Potion","damage_taken":0,"relics_obtained":["Bag of Preparation"],"max_hp_gain":0,"max_hp_loss":0,"event_name":"WeMeetAgain","floor":37,"gold_loss":0},{"damage_healed":0,"gold_gain":0,"player_choice":"Memory 1","damage_taken":0,"max_hp_gain":0,"max_hp_loss":0,"event_name":"SensoryStone","floor":42,"gold_loss":0},{"damage_healed":0,"gold_gain":0,"player_choice":"Paid","damage_taken":0,"relics_obtained":["Red Mask"],"max_hp_gain":0,"max_hp_loss":0,"event_name":"Tomb of Lord Red Mask","floor":45,"gold_loss":418},{"damage_healed":0,"gold_gain":0,"player_choice":"Fight","damage_taken":0,"max_hp_gain":0,"max_hp_loss":0,"event_name":"Mysterious Sphere","floor":46,"gold_loss":0}],"is_beta":false,"boss_relics":[{"not_picked":["Ectoplasm","Sozu"],"picked":"Cursed Key"},{"not_picked":["Busted Crown","Velvet Choker"],"picked":"Fusion Hammer"}],"items_purged_floors":[8],"is_endless":false,"potions_floor_spawned":[1,6,11,25,27,30,38,39,40,46],"ascension_level":0}