{"gold_per_floor":[111,111,36,55,5,5,41,60,112,112,18,34,73,103,115,127],"floor_reached":16,"playtime":692,"items_purged":["Injury"],"score":138,"play_id":"e125dcaa-2a6d-4894-ad2b-5a5686ac3f73","local_time":"20190613025457","is_ascension_mode":true,"campfire_choices":[{"floor":15,"key":"REST"}],"neow_cost":"NONE","seed_source_timestamp":111239598767300,"circlet_count":0,"master_deck":["Strike_B","Strike_B","Strike_B","Defend_B","Defend_B","Defend_B","Defend_B","Zap","Dualcast","Blind","White Noise","Gash","Self Repair","Self Repair","Good Instincts","Amplify","Leap","Fusion"],"relics":["Cracked Core","Golden Idol","Pen Nib","MawBank"],"potions_floor_usage":[12,13,16],"damage_taken":[{"damage":7,"enemies":"Small Slimes","floor":1,"turns":3},{"damage":4,"enemies":"Jaw Worm","floor":4,"turns":2},{"damage":28,"enemies":"Gremlin Nob","floor":7,"turns":4},{"damage":4,"enemies":"Cultist","floor":8,"turns":4},{"damage":14,"enemies":"Large Slime","floor":12,"turns":6},{"damage":25,"enemies":"Lagavulin","floor":13,"turns":7},{"damage":1,"enemies":"2 Fungi Beasts","floor":14,"turns":3},{"damage":58,"enemies":"Hexaghost","floor":16,"turns":14}],"seed_played":"-3825161184193037987","potions_obtained":[{"floor":8,"key":"GamblersBrew"},{"floor":12,"key":"FocusPotion"},{"floor":14,"key":"Block Potion"}],"is_trial":false,"path_per_floor":["M","?","$","M","?","$","E","M","T","?","$","M","E","M","R","B"],"character_chosen":"DEFECT","items_purchased":["Good Instincts"],"campfire_rested":1,"item_purchase_floors":[11],"current_hp_per_floor":[68,68,68,64,64,64,36,39,39,39,39,39,21,34,56,0],"gold":127,"neow_bonus":"RANDOM_COLORLESS","is_prod":false,"is_daily":false,"chose_seed":false,"campfire_upgraded":0,"win_rate":0,"timestamp":1560408897,"path_taken":["M","?","$","M","?","?","E","M","T","?","$","M","E","M","R","BOSS"],"build_version":"2019-06-11","purchased_purges":1,"victory":false,"max_hp_per_floor":[75,75,75,75,75,75,75,75,75,75,75,75,75,75,75,75],"card_choices":[{"not_picked":["Force Field","Gash"],"picked":"White Noise","floor":1},{"not_picked":["Stack","Cold Snap"],"picked":"Gash","floor":4},{"not_picked":["Double Energy","Beam Cell"],"picked":"Self Repair","floor":7},{"not_picked":["Heatsinks","Genetic Algorithm"],"picked":"Self Repair","floor":8},{"not_picked":["Cold Snap","Ball Lightning"],"picked":"Amplify","floor":12},{"not_picked":["Lockon","Streamline"],"picked":"Leap","floor":13},{"not_picked":["Steam","Rebound"],"picked":"Fusion","floor":14}],"player_experience":1040282,"relics_obtained":[{"floor":7,"key":"Pen Nib"},{"floor":13,"key":"MawBank"}],"event_choices":[{"damage_healed":0,"gold_gain":0,"player_choice":"Take Wound","damage_taken":0,"relics_obtained":["Golden Idol"],"max_hp_gain":0,"max_hp_loss":0,"event_name":"Golden Idol","floor":2,"gold_loss":0,"cards_obtained":["Injury"]},{"cards_removed":["Strike_B"],"damage_healed":0,"gold_gain":0,"player_choice":"Card Removal","damage_taken":0,"max_hp_gain":0,"max_hp_loss":0,"event_name":"The Cleric","floor":5,"gold_loss":50},{"damage_healed":0,"gold_gain":0,"player_choice":"Ignored","damage_taken":0,"max_hp_gain":0,"max_hp_loss":0,"event_name":"Golden Wing","floor":10,"gold_loss":0}],"is_beta":true,"boss_relics":[],"items_purged_floors":[3],"is_endless":false,"potions_floor_spawned":[8,12,14],"killed_by":"Hexaghost","ascension_level":5}