{"gold_per_floor":[111,111,211,230,245,245,272,272,321,333,345,165,178,195,195,298,348,359,378,303,303,318,318,331,346,346,346,363,14,14,25,25,25],"floor_reached":33,"playtime":3399,"items_purged":["Defend_G"],"score":316,"play_id":"d6e18fec-4ab3-4301-b39f-8c8e3cdee2c1","local_time":"20190707202308","is_ascension_mode":true,"campfire_choices":[{"data":"Deadly Poison","floor":6,"key":"SMITH"},{"floor":11,"key":"REST"},{"floor":15,"key":"REST"},{"data":"Blur","floor":23,"key":"SMITH"},{"floor":27,"key":"REST"},{"floor":32,"key":"REST"}],"neow_cost":"TEN_PERCENT_HP_LOSS","seed_source_timestamp":63871078422100,"circlet_count":0,"master_deck":["Strike_G","Strike_G","Strike_G","Strike_G+1","Defend_G","Defend_G","Defend_G","Defend_G","Survivor","Neutralize+1","Deadly Poison+1","Dagger Spray+1","Dagger Throw","Venomology","Blur+1","Well Laid Plans","Dodge and Roll","Leg Sweep","Malaise","Acrobatics","Deflect","Backflip","Escape Plan","Cloak And Dagger","Adrenaline","Unload","Tactician","Blur","Flying Knee"],"relics":["Ring of the Snake","Calipers","Happy Flower","Gremlin Horn","Tiny House","Nloth\u0027s Gift","Centennial Puzzle","TheAbacus"],"potions_floor_usage":[7,16,16,16,18,18,30,31,31,33,33,33],"damage_taken":[{"damage":5,"enemies":"Jaw Worm","floor":1,"turns":6},{"damage":0,"enemies":"Small Slimes","floor":4,"turns":3},{"damage":0,"enemies":"Cultist","floor":5,"turns":4},{"damage":34,"enemies":"3 Sentries","floor":7,"turns":7},{"damage":2,"enemies":"Blue Slaver","floor":13,"turns":4},{"damage":2,"enemies":"2 Fungi Beasts","floor":14,"turns":4},{"damage":0,"enemies":"Slime Boss","floor":16,"turns":8},{"damage":16,"enemies":"Spheric Guardian","floor":18,"turns":8},{"damage":5,"enemies":"Shell Parasite","floor":19,"turns":10},{"damage":11,"enemies":"Shelled Parasite and Fungi","floor":22,"turns":9},{"damage":2,"enemies":"Snecko","floor":24,"turns":10},{"damage":23,"enemies":"3 Cultists","floor":25,"turns":7},{"damage":4,"enemies":"Shelled Parasite and Fungi","floor":28,"turns":7},{"damage":0,"enemies":"Snecko","floor":30,"turns":1},{"damage":13,"enemies":"Cultist and Chosen","floor":31,"turns":11},{"damage":47,"enemies":"Automaton","floor":33,"turns":18}],"seed_played":"-5541989579904683603","potions_obtained":[{"floor":4,"key":"AttackPotion"},{"floor":13,"key":"LiquidBronze"},{"floor":17,"key":"FearPotion"},{"floor":18,"key":"EntropicBrew"},{"floor":31,"key":"Fire Potion"}],"is_trial":false,"path_per_floor":["M","?","?","M","M","R","E","?","T","?","R","$","M","M","R","B",null,"M","M","?","?","M","R","M","M","T","R","M","$","M","M","R","B"],"character_chosen":"THE_SILENT","items_purchased":["Blur","Well Laid Plans","Tactician","TheAbacus","Blur"],"campfire_rested":4,"item_purchase_floors":[12,12,29,29,29],"current_hp_per_floor":[58,45,45,45,45,45,11,11,11,11,29,29,27,25,43,43,68,52,47,47,47,36,36,34,11,11,31,27,27,27,14,34,0],"gold":25,"neow_bonus":"ONE_RARE_RELIC","is_prod":false,"is_daily":false,"chose_seed":false,"campfire_upgraded":2,"win_rate":0,"timestamp":1562556188,"path_taken":["M","?","?","?","M","R","E","?","T","?","R","?","?","?","R","BOSS","M","M","?","?","M","R","?","M","T","R","M","$","M","M","R","BOSS"],"build_version":"2019-07-05","purchased_purges":1,"victory":false,"max_hp_per_floor":[63,63,63,63,63,63,63,63,63,63,63,63,63,63,63,63,68,68,68,68,68,68,68,68,68,68,68,68,68,68,68,68,68],"card_choices":[{"not_picked":["Slice","Underhanded Strike"],"picked":"Deadly Poison","floor":1},{"not_picked":["Leg Sweep","Deflect"],"picked":"Dagger Spray","floor":4},{"not_picked":["Deadly Poison","Deflect"],"picked":"Dagger Throw","floor":5},{"not_picked":["Reflex","Blade Dance"],"picked":"Venomology","floor":7},{"not_picked":["Masterful Stab","Dagger Throw"],"picked":"Dodge and Roll","floor":13},{"not_picked":["Blade Dance","Dodge and Roll"],"picked":"Leg Sweep","floor":14},{"not_picked":["Die Die Die","Storm of Steel"],"picked":"Malaise","floor":16},{"not_picked":["Blade Dance","Expertise"],"picked":"Acrobatics","floor":17},{"not_picked":["Blade Dance","Sucker Punch"],"picked":"Deflect","floor":18},{"not_picked":["Flying Knee+1","Backstab"],"picked":"Backflip","floor":19},{"not_picked":["Expertise","All Out Attack+1"],"picked":"Escape Plan","floor":22},{"not_picked":["PiercingWail+1","Sucker Punch"],"picked":"Cloak And Dagger","floor":24},{"not_picked":["Dodge and Roll","Acrobatics+1"],"picked":"Adrenaline","floor":25},{"not_picked":["Cloak And Dagger+1","Blade Dance"],"picked":"Unload","floor":28},{"not_picked":["Catalyst+1","Acrobatics"],"picked":"Flying Knee","floor":31}],"player_experience":55953,"relics_obtained":[{"floor":7,"key":"Happy Flower"},{"floor":9,"key":"MawBank"},{"floor":26,"key":"Centennial Puzzle"}],"event_choices":[{"damage_healed":0,"gold_gain":0,"player_choice":"Entered Light","damage_taken":13,"max_hp_gain":0,"max_hp_loss":0,"event_name":"Shining Light","floor":2,"gold_loss":0,"cards_upgraded":["Strike_G","Neutralize"]},{"damage_healed":0,"gold_gain":100,"player_choice":"Pray","damage_taken":0,"max_hp_gain":0,"max_hp_loss":0,"event_name":"Golden Shrine","floor":3,"gold_loss":0},{"damage_healed":0,"gold_gain":0,"player_choice":"Searched \u00271\u0027 times","damage_taken":0,"relics_obtained":["Gremlin Horn"],"max_hp_gain":0,"max_hp_loss":0,"event_name":"Dead Adventurer","floor":8,"gold_loss":0},{"damage_healed":0,"gold_gain":0,"player_choice":"Ignored","damage_taken":0,"max_hp_gain":0,"max_hp_loss":0,"event_name":"Liars Game","floor":10,"gold_loss":0},{"cards_removed":["Strike_G"],"damage_healed":0,"gold_gain":0,"player_choice":"Gave Gold","damage_taken":0,"max_hp_gain":0,"max_hp_loss":0,"event_name":"Beggar","floor":20,"gold_loss":75},{"damage_healed":0,"gold_gain":0,"player_choice":"Traded Relic","damage_taken":0,"relics_obtained":["Nloth\u0027s Gift"],"max_hp_gain":0,"max_hp_loss":0,"event_name":"N\u0027loth","floor":21,"relics_lost":["MawBank"],"gold_loss":0}],"is_beta":false,"boss_relics":[{"not_picked":["Busted Crown","Black Star"],"picked":"Tiny House"}],"items_purged_floors":[12],"is_endless":false,"potions_floor_spawned":[4,13,18,19,31],"killed_by":"Automaton","ascension_level":1}