{"gold_per_floor":[111,129,143,68,79,79,105,119,174,192,206,216,216,233,233,335,335,347,366,25,38,56,56,73,6,30,46,46,58,75,75,75,177,177,189,200,211,211],"floor_reached":38,"playtime":3215,"items_purged":["Strike_R"],"score":390,"play_id":"f8c629a3-dde6-43cb-95d3-dfdce4f22625","local_time":"20190616130300","is_ascension_mode":false,"campfire_choices":[{"data":"Armaments","floor":6,"key":"SMITH"},{"data":"Seeing Red","floor":13,"key":"SMITH"},{"floor":15,"key":"REST"},{"floor":23,"key":"REST"},{"data":"Clothesline","floor":28,"key":"SMITH"},{"floor":32,"key":"REST"}],"neow_cost":"NONE","seed_source_timestamp":320826131332086,"circlet_count":0,"master_deck":["Strike_R","Strike_R","Strike_R","Strike_R","Defend_R","Defend_R","Defend_R","Defend_R","Bash+1","Cleave","Armaments+1","Flex","Cleave","Dropkick","Clothesline+1","Shrug It Off","Sentinel","Seeing Red+1","Whirlwind","Limit Break","Heavy Blade","Shrug It Off","Bludgeon","Whirlwind","True Grit+1","Whirlwind","Armaments+1","Double Tap","Flex+1"],"relics":["Burning Blood","Vajra","Boot","Sozu","Chemical X","Darkstone Periapt","Blood Vial","Philosopher\u0027s Stone"],"potions_floor_usage":[7,10,10,16,16,21],"damage_taken":[{"damage":0,"enemies":"Small Slimes","floor":1,"turns":3},{"damage":1,"enemies":"Cultist","floor":2,"turns":3},{"damage":8,"enemies":"Jaw Worm","floor":3,"turns":3},{"damage":0,"enemies":"3 Louse","floor":5,"turns":2},{"damage":35,"enemies":"Lagavulin","floor":7,"turns":7},{"damage":0,"enemies":"2 Fungi Beasts","floor":8,"turns":2},{"damage":13,"enemies":"Gremlin Gang","floor":10,"turns":2},{"damage":7,"enemies":"Looter","floor":11,"turns":3},{"damage":5,"enemies":"2 Fungi Beasts","floor":12,"turns":4},{"damage":12,"enemies":"Large Slime","floor":14,"turns":6},{"damage":26,"enemies":"The Guardian","floor":16,"turns":14},{"damage":20,"enemies":"Shell Parasite","floor":18,"turns":6},{"damage":14,"enemies":"Spheric Guardian","floor":19,"turns":4},{"damage":13,"enemies":"Snake Plant","floor":21,"turns":2},{"damage":25,"enemies":"Chosen and Byrds","floor":22,"turns":7},{"damage":0,"enemies":"3 Cultists","floor":24,"turns":2},{"damage":9,"enemies":"Snake Plant","floor":27,"turns":3},{"damage":1,"enemies":"Snecko","floor":29,"turns":3},{"damage":17,"enemies":"Sentry and Sphere","floor":30,"turns":4},{"damage":84,"enemies":"Automaton","floor":33,"turns":9},{"damage":11,"enemies":"Orb Walker","floor":35,"turns":4},{"damage":24,"enemies":"3 Shapes","floor":36,"turns":1},{"damage":8,"enemies":"Transient","floor":37,"turns":5},{"damage":73,"enemies":"Maw","floor":38,"turns":6}],"seed_played":"-8324037824424564971","potions_obtained":[{"floor":5,"key":"GamblersBrew"},{"floor":8,"key":"GamblersBrew"},{"floor":10,"key":"Fruit Juice"},{"floor":11,"key":"Strength Potion"},{"floor":12,"key":"Dexterity Potion"},{"floor":16,"key":"Strength Potion"}],"is_trial":false,"path_per_floor":["M","M","M","$","M","R","E","M","T","M","M","M","R","M","R","B",null,"M","M","$","M","M","R","M","?","T","M","R","M","M","$","R","B",null,"M","M","M","M"],"character_chosen":"IRONCLAD","items_purchased":["Chemical X","Bludgeon","Whirlwind"],"campfire_rested":3,"item_purchase_floors":[20,20,20],"current_hp_per_floor":[80,80,78,78,80,80,51,57,57,55,54,55,55,49,74,54,85,71,63,63,56,37,62,68,68,68,67,67,74,65,65,85,7,85,80,64,64,0],"gold":211,"neow_bonus":"UPGRADE_CARD","is_prod":false,"is_daily":false,"chose_seed":false,"campfire_upgraded":3,"win_rate":0,"timestamp":1560704580,"path_taken":["M","M","M","$","M","R","E","M","T","M","M","M","R","M","R","BOSS","M","M","$","M","M","R","M","?","T","M","R","M","?","$","R","BOSS","M","M","M","M"],"build_version":"2019-01-23","purchased_purges":1,"victory":false,"max_hp_per_floor":[80,80,80,80,80,80,80,80,80,85,85,85,85,85,85,85,85,85,85,85,85,85,85,85,85,85,85,85,85,85,85,85,85,85,85,85,85,85],"card_choices":[{"not_picked":["Heavy Blade","Second Wind"],"picked":"Cleave","floor":1},{"not_picked":["Carnage","Heavy Blade"],"picked":"Armaments","floor":2},{"not_picked":["Clash","Sever Soul"],"picked":"Flex","floor":3},{"not_picked":["Twin Strike","Wild Strike"],"picked":"Cleave","floor":5},{"not_picked":["Brutality","Seeing Red"],"picked":"Dropkick","floor":7},{"not_picked":["Havoc","Twin Strike"],"picked":"Clothesline","floor":8},{"not_picked":["Blood for Blood","Searing Blow"],"picked":"Shrug It Off","floor":10},{"not_picked":["Sword Boomerang","Clothesline"],"picked":"Sentinel","floor":11},{"not_picked":["Wild Strike","Warcry"],"picked":"Seeing Red","floor":12},{"not_picked":["Clash","Cleave"],"picked":"Whirlwind","floor":14},{"not_picked":["Exhume","Juggernaut"],"picked":"Limit Break","floor":16},{"not_picked":["Sword Boomerang","Flex+1"],"picked":"Heavy Blade","floor":18},{"not_picked":["Pommel Strike","Feel No Pain"],"picked":"Shrug It Off","floor":19},{"not_picked":["Bloodletting","Cleave+1"],"picked":"True Grit+1","floor":21},{"not_picked":["Shockwave","Wild Strike"],"picked":"Whirlwind","floor":22},{"not_picked":["Infernal Blade","Clash+1","Twin Strike"],"picked":"SKIP","floor":24},{"not_picked":["Power Through+1","Clash+1","Pommel Strike"],"picked":"SKIP","floor":27},{"not_picked":["Cleave","Thunderclap"],"picked":"Armaments+1","floor":29},{"not_picked":["Cleave","Disarm","Clash"],"picked":"SKIP","floor":30},{"not_picked":["Cleave","Disarm","Clash"],"picked":"SKIP","floor":30},{"not_picked":["Offering","Barricade"],"picked":"Double Tap","floor":33},{"not_picked":["Cleave+1","Feel No Pain+1","Pummel+1"],"picked":"SKIP","floor":35},{"not_picked":["Disarm+1","Wild Strike+1"],"picked":"Flex+1","floor":36},{"not_picked":["Twin Strike","Sever Soul","Rupture+1"],"picked":"SKIP","floor":37}],"player_experience":128292,"relics_obtained":[{"floor":7,"key":"Vajra"},{"floor":9,"key":"Boot"},{"floor":26,"key":"Blood Vial"}],"event_choices":[{"damage_healed":0,"gold_gain":0,"player_choice":"Paid Gold","damage_taken":0,"relics_obtained":["Darkstone Periapt"],"max_hp_gain":0,"max_hp_loss":0,"event_name":"WeMeetAgain","floor":25,"gold_loss":67}],"is_beta":false,"boss_relics":[{"not_picked":["Fusion Hammer","Cursed Key"],"picked":"Sozu"},{"not_picked":["Empty Cage","Runic Cube"],"picked":"Philosopher\u0027s Stone"}],"items_purged_floors":[4],"is_endless":false,"potions_floor_spawned":[5,8,10,11,12,16,19,21,22,29,33,35,36],"killed_by":"Maw","ascension_level":0}