{"path_per_floor":["M","M","$","M","M","R","E","R","T","M","?","M","M","T","R","B",null,"M","M","?","$","M","E","M","?","T","R","M","M","R","?","R","B",null,"M","?","M","M","M","E","T","?","T","$","R","M","R","M","R"],"character_chosen":"IRONCLAD","items_purchased":["Dark Shackles","Dramatic Entrance","Mummified Hand","Master of Strategy","Inflame"],"gold_per_floor":[114,129,23,38,53,53,83,83,108,123,73,88,103,103,103,203,203,218,233,148,50,65,95,110,10,35,35,50,65,65,65,65,165,165,180,180,195,210,225,255,255,505,530,39,39,54,54,69,69,69],"floor_reached":50,"campfire_rested":3,"playtime":1907,"current_hp_per_floor":[75,73,73,80,78,78,83,83,83,89,89,100,108,108,108,89,108,108,108,108,108,108,89,87,87,87,112,111,87,116,116,116,105,116,103,103,105,107,106,87,87,87,87,87,116,105,105,100,100,0],"items_purged":[],"gold":69,"score":623,"play_id":"4d6218f8-3561-47d7-8ec6-893e7ec3a6b5","local_time":"20180415203852","daily_mods":["Shiny","Time Dilation","Uncertain Future"],"is_prod":false,"is_daily":true,"chose_seed":false,"is_ascension_mode":false,"campfire_upgraded":6,"timestamp":1523839132,"path_taken":["M","M","$","M","M","R","E","R","T","M","?","?","M","?","R","BOSS","M","M","?","$","M","E","M","?","T","R","M","M","R","?","R","BOSS","M","?","M","M","M","E","?","?","T","$","R","M","R","M","R","BOSS"],"build_version":"2018-04-12","seed_source_timestamp":7128411788509,"purchased_purges":0,"victory":false,"master_deck":["Double Tap","Berserk","Bludgeon","Impervious","Feed+1","Juggernaut","Brutality","Limit Break+1","Reaper","Exhume+1","Offering+1","Fiend Fire+1","Dark Embrace","Immolate","Battle Trance","Dark Shackles","Whirlwind","Limit Break+1","Ghostly Armor+1","Dramatic Entrance+1","Rage+1","J.A.X.","Hemokinesis+1","Exhume","Bludgeon+1","Flex+1","Heavy Blade+1","Fiend Fire+1","Regret","Master of Strategy","Inflame+1"],"max_hp_per_floor":[80,83,83,86,89,89,100,100,100,104,104,104,108,108,108,108,108,108,108,108,108,112,112,112,112,112,112,112,116,116,116,116,116,116,116,116,116,116,116,116,116,116,116,116,116,120,120,120,120,120],"relics":["Burning Blood","Strawberry","Oddly Smooth Stone","Mercury Hourglass","White Beast Statue","Molten Egg 2","Frozen Egg 2","Juzu Bracelet","Mark of Pain","Ancient Tea Set","Bottled Lightning","Bag of Marbles","Mummified Hand"],"card_choices":[{"not_picked":["Flame Barrier","Reckless Charge"],"picked":"Battle Trance","floor":1},{"not_picked":["Sentinel","Combust"],"picked":"Whirlwind","floor":12},{"not_picked":["Demon Form","Impervious"],"picked":"Limit Break","floor":16},{"not_picked":["Pommel Strike","Intimidate"],"picked":"Ghostly Armor","floor":19},{"not_picked":["Perfected Strike","Body Slam"],"picked":"Rage","floor":22},{"not_picked":["Blood for Blood","Flex"],"picked":"Hemokinesis","floor":29},{"not_picked":["Immolate","Brutality"],"picked":"Bludgeon","floor":33},{"not_picked":["Clothesline","Feel No Pain"],"picked":"Flex","floor":35},{"not_picked":["Armaments","Reckless Charge"],"picked":"Heavy Blade","floor":38},{"not_picked":["Second Wind","Dropkick"],"picked":"Fiend Fire","floor":40}],"player_experience":647250,"potions_floor_usage":[7,13,13,16,16,22,23,33,33,35,39,39,40,40,48,50,50],"damage_taken":[{"damage":11,"enemies":"Cultist","floor":1,"turns":3},{"damage":19,"enemies":"Small Slimes","floor":2,"turns":3},{"damage":2,"enemies":"Jaw Worm","floor":4,"turns":2},{"damage":11,"enemies":"2 Fungi Beasts","floor":5,"turns":2},{"damage":12,"enemies":"3 Sentries","floor":7,"turns":4},{"damage":4,"enemies":"Looter","floor":10,"turns":1},{"damage":4,"enemies":"Blue Slaver","floor":12,"turns":1},{"damage":0,"enemies":"3 Louse","floor":13,"turns":1},{"damage":53,"enemies":"The Guardian","floor":16,"turns":7},{"damage":4,"enemies":"Spheric Guardian","floor":18,"turns":1},{"damage":4,"enemies":"Shell Parasite","floor":19,"turns":2},{"damage":28,"enemies":"Centurion and Healer","floor":22,"turns":3},{"damage":31,"enemies":"Book of Stabbing","floor":23,"turns":3},{"damage":8,"enemies":"Chosen and Byrds","floor":24,"turns":2},{"damage":7,"enemies":"Snake Plant","floor":28,"turns":2},{"damage":34,"enemies":"Slaver and Parasite","floor":29,"turns":3},{"damage":22,"enemies":"Automaton","floor":33,"turns":6},{"damage":19,"enemies":"3 Shapes","floor":35,"turns":3},{"damage":4,"enemies":"Orb Walker","floor":37,"turns":1},{"damage":4,"enemies":"3 Darklings","floor":38,"turns":1},{"damage":11,"enemies":"Maw","floor":39,"turns":5},{"damage":35,"enemies":"2 Orb Walkers","floor":40,"turns":4},{"damage":21,"enemies":"4 Shapes","floor":46,"turns":3},{"damage":11,"enemies":"Sphere and 2 Shapes","floor":48,"turns":3},{"damage":105,"enemies":"Awakened One","floor":50,"turns":4}],"event_choices":[{"event_name":"The Cleric","player_choice":"Card Removal","floor":11,"damage_taken":0},{"event_name":"Addict","player_choice":"Obtained Relic","floor":20,"damage_taken":0},{"event_name":"Drug Dealer","player_choice":"Got JAXXED","floor":25,"damage_taken":0},{"event_name":"The Library","player_choice":"Read","floor":31,"damage_taken":0},{"event_name":"Golden Shrine","player_choice":"Desecrate","floor":42,"damage_taken":0}],"boss_relics":[{"not_picked":["Black Star","Tiny House"],"picked":"White Beast Statue"},{"not_picked":["Snecko Eye","Orrery"],"picked":"Mark of Pain"}],"potions_floor_spawned":[1,2,7,12,13,18,19,22,23,24,28,29,33,35,37,38,39,40,46,48],"seed_played":"-1844585125611022648","killed_by":"Awakened One","ascension_level":0,"is_trial":false}