{"gold_per_floor":[109,109,109,109,34,59,59,92,119,137,137,169,169,185,185,311,311,331,331,354,16,16,16,32,67,138,263,263,304,322,343,343,466,466,482,502,567,567,567,567,591,58,58,76,76,95,133,60,60,60,60,60,12,47,47],"floor_reached":56,"playtime":2383,"items_purged":["Regret"],"score":1331,"play_id":"8c9e403b-4437-4bda-8e81-d2a998f38c71","local_time":"20190619170120","is_ascension_mode":false,"campfire_choices":[{"floor":7,"key":"REST"},{"floor":15,"key":"RECALL"},{"data":"Bandage Up","floor":23,"key":"SMITH"},{"data":"Rampage","floor":28,"key":"SMITH"},{"data":"Dual Wield","floor":32,"key":"SMITH"},{"data":"Barricade","floor":40,"key":"SMITH"},{"floor":45,"key":"REST"},{"floor":49,"key":"REST"},{"data":"The Bomb","floor":52,"key":"SMITH"}],"neow_cost":"NONE","seed_source_timestamp":30627914099400,"circlet_count":0,"master_deck":["Strike_R","Strike_R+1","Defend_R+1","Bash","Inflame","Immolate","Pummel+1","Double Tap","Rampage+1","Cleave","Rage+1","Immolate","Feed+1","Second Wind+1","Brutality+1","Burning Pact","Shrug It Off+1","Bandage Up+1","Barricade+1","Shockwave","Dual Wield+1","Rupture+1","Juggernaut+1","Infernal Blade+1","Dual Wield","Blood for Blood","Madness","Madness+1","Body Slam+1","The Bomb+1","Inflame+1","Thunderclap+1","Heavy Blade","Inflame+1","Combust+1"],"relics":["Burning Blood","Dodecahedron","Thread and Needle","Bag of Marbles","Ornamental Fan","Golden Idol","Astrolabe","Self Forming Clay","Bronze Scales","Pantograph","Turnip","Mummified Hand","Frozen Egg 2","Mark of Pain","Mango","War Paint","StoneCalendar","Pear","Blood Vial","Du-Vu Doll"],"potions_floor_usage":[10,12,16,16,20,24,25,25,25,30,31,33,37,46,50],"damage_taken":[{"damage":4,"enemies":"2 Louse","floor":1,"turns":4},{"damage":36,"enemies":"Lagavulin","floor":6,"turns":5},{"damage":24,"enemies":"3 Sentries","floor":8,"turns":5},{"damage":0,"enemies":"Small Slimes","floor":10,"turns":2},{"damage":0,"enemies":"Gremlin Nob","floor":12,"turns":2},{"damage":0,"enemies":"Cultist","floor":14,"turns":2},{"damage":39,"enemies":"Hexaghost","floor":16,"turns":6},{"damage":14,"enemies":"2 Thieves","floor":18,"turns":2},{"damage":0,"enemies":"Chosen","floor":20,"turns":4},{"damage":17,"enemies":"Snake Plant","floor":24,"turns":4},{"damage":33,"enemies":"Book of Stabbing","floor":25,"turns":6},{"damage":23,"enemies":"Colosseum Slavers","floor":27,"turns":3},{"damage":1,"enemies":"Colosseum Nobs","floor":27,"turns":2},{"damage":12,"enemies":"Slavers","floor":29,"turns":2},{"damage":3,"enemies":"Sentry and Sphere","floor":30,"turns":4},{"damage":2,"enemies":"Centurion and Healer","floor":31,"turns":3},{"damage":45,"enemies":"Collector","floor":33,"turns":7},{"damage":12,"enemies":"3 Darklings","floor":35,"turns":3},{"damage":10,"enemies":"Orb Walker","floor":36,"turns":3},{"damage":34,"enemies":"2 Orb Walkers","floor":37,"turns":4},{"damage":38,"enemies":"Maw","floor":41,"turns":6},{"damage":0,"enemies":"3 Darklings","floor":44,"turns":1},{"damage":29,"enemies":"Jaw Worm Horde","floor":46,"turns":3},{"damage":19,"enemies":"Giant Head","floor":47,"turns":6},{"damage":53,"enemies":"Donu and Deca","floor":50,"turns":6},{"damage":82,"enemies":"Shield and Spear","floor":54,"turns":6},{"damage":81,"enemies":"The Heart","floor":55,"turns":8}],"seed_played":"5632465557099115673","potions_obtained":[{"floor":8,"key":"BloodPotion"},{"floor":10,"key":"AttackPotion"},{"floor":12,"key":"Explosive Potion"},{"floor":14,"key":"FearPotion"},{"floor":18,"key":"Weak Potion"},{"floor":20,"key":"Poison Potion"},{"floor":24,"key":"EntropicBrew"},{"floor":30,"key":"Weak Potion"},{"floor":31,"key":"Block Potion"},{"floor":33,"key":"FearPotion"},{"floor":36,"key":"Block Potion"},{"floor":41,"key":"Block Potion"},{"floor":47,"key":"EssenceOfSteel"}],"is_trial":false,"path_per_floor":["M","?","?","?","$","E","R","E","T","M","?","E","?","M","R","B",null,"M","?","M","$","?","R","M","E","T","?","R","E","M","M","R","B",null,"M","M","?","?","?","R","M","$","T","M","R","M","E","$","R","B",null,"R","$","E","B",null],"character_chosen":"IRONCLAD","items_purchased":["Self Forming Clay","Bandage Up","StoneCalendar","The Bomb","Inflame+1","Inflame+1","SpeedPotion"],"campfire_rested":3,"item_purchase_floors":[21,21,42,42,42,48,53],"current_hp_per_floor":[88,81,81,81,81,51,77,59,59,87,69,75,75,81,81,48,81,77,77,83,83,83,83,76,81,81,85,85,89,102,105,105,76,109,103,105,101,85,85,85,59,59,69,75,116,103,96,96,138,100,141,141,141,65,23],"gold":47,"neow_bonus":"TEN_PERCENT_HP_BONUS","is_prod":false,"is_daily":false,"chose_seed":false,"campfire_upgraded":5,"win_rate":0,"timestamp":1560978080,"path_taken":["M","?","?","?","$","E","R","E","T","M","?","E","?","M","R","BOSS","M","?","M","$","?","R","?","E","T","?","R","E","M","M","R","BOSS","M","M","?","?","?","R","M","$","T","M","R","?","E","$","R","BOSS","R","$","E","BOSS"],"build_version":"2019-06-18","purchased_purges":1,"victory":true,"max_hp_per_floor":[88,88,88,88,88,88,88,88,88,88,88,88,81,81,81,81,81,85,85,85,85,85,85,89,93,93,97,97,101,105,105,105,109,109,109,109,127,127,127,127,127,127,137,137,137,141,141,141,141,141,141,141,141,141,141],"card_choices":[{"not_picked":["Wild Strike","Twin Strike"],"picked":"Inflame","floor":1},{"not_picked":["Infernal Blade","Combust"],"picked":"Pummel","floor":6},{"not_picked":["Havoc","Headbutt"],"picked":"Double Tap","floor":8},{"not_picked":["Body Slam","Clash"],"picked":"Rampage","floor":10},{"not_picked":["Thunderclap","Body Slam"],"picked":"Cleave","floor":12},{"not_picked":["Warcry","Body Slam"],"picked":"Rage","floor":14},{"not_picked":["Brutality","Limit Break"],"picked":"Immolate","floor":16},{"not_picked":["Rage","Body Slam"],"picked":"Burning Pact","floor":18},{"not_picked":["Cleave","Twin Strike"],"picked":"Shrug It Off+1","floor":20},{"not_picked":["Body Slam","Twin Strike","Armaments"],"picked":"SKIP","floor":24},{"not_picked":["Fiend Fire","Armaments"],"picked":"Barricade","floor":25},{"not_picked":["Perfected Strike+1","Warcry"],"picked":"Shockwave","floor":27},{"not_picked":["Searing Blow","Warcry","Wild Strike"],"picked":"SKIP","floor":29},{"not_picked":["Headbutt","Hemokinesis"],"picked":"Dual Wield","floor":30},{"not_picked":["Seeing Red","Sword Boomerang"],"picked":"Rupture+1","floor":31},{"not_picked":["Barricade+1","Dark Embrace+1"],"picked":"Juggernaut+1","floor":33},{"not_picked":["Heavy Blade","Clash+1"],"picked":"Infernal Blade+1","floor":35},{"not_picked":["Clash","Evolve+1"],"picked":"Dual Wield","floor":36},{"not_picked":["Wild Strike+1","Clothesline+1"],"picked":"Blood for Blood","floor":37},{"not_picked":["Disarm+1","Blood for Blood+1"],"picked":"Body Slam+1","floor":41},{"not_picked":["Anger","Reckless Charge"],"picked":"Thunderclap+1","floor":44},{"not_picked":["Warcry+1","Flex","Second Wind+1"],"picked":"SKIP","floor":46},{"not_picked":["Cleave+1","Flex+1"],"picked":"Heavy Blade","floor":47},{"not_picked":["Headbutt","Intimidate+1"],"picked":"Combust+1","floor":54}],"player_experience":1080330,"relics_obtained":[{"floor":6,"key":"Thread and Needle"},{"floor":8,"key":"Bag of Marbles"},{"floor":12,"key":"Ornamental Fan"},{"floor":25,"key":"Bronze Scales"},{"floor":26,"key":"Pantograph"},{"floor":27,"key":"Turnip"},{"floor":27,"key":"Mummified Hand"},{"floor":29,"key":"Frozen Egg 2"},{"floor":37,"key":"Mango"},{"floor":43,"key":"Pear"},{"floor":47,"key":"Blood Vial"},{"floor":54,"key":"Du-Vu Doll"}],"event_choices":[{"cards_removed":["Defend_R"],"damage_healed":0,"gold_gain":0,"player_choice":"Card Removal","damage_taken":7,"max_hp_gain":0,"max_hp_loss":0,"event_name":"Golden Wing","floor":2,"gold_loss":0},{"damage_healed":0,"gold_gain":0,"cards_transformed":["Defend_R"],"player_choice":"Change","damage_taken":0,"max_hp_gain":0,"max_hp_loss":0,"event_name":"Living Wall","floor":3,"gold_loss":0,"cards_obtained":["Immolate"]},{"damage_healed":0,"gold_gain":0,"player_choice":"Box","damage_taken":0,"relics_obtained":["Dodecahedron"],"max_hp_gain":0,"max_hp_loss":0,"event_name":"Big Fish","floor":4,"gold_loss":0,"cards_obtained":["Regret"]},{"damage_healed":0,"gold_gain":0,"player_choice":"Entered Light","damage_taken":18,"max_hp_gain":0,"max_hp_loss":0,"event_name":"Shining Light","floor":11,"gold_loss":0,"cards_upgraded":["Strike_R","Defend_R"]},{"damage_healed":0,"gold_gain":0,"player_choice":"Lose Max HP","damage_taken":0,"relics_obtained":["Golden Idol"],"max_hp_gain":0,"max_hp_loss":7,"event_name":"Golden Idol","floor":13,"gold_loss":0},{"cards_removed":["Strike_R"],"damage_healed":0,"gold_gain":0,"player_choice":"Elegance","damage_taken":0,"max_hp_gain":0,"max_hp_loss":0,"event_name":"Back to Basics","floor":19,"gold_loss":0},{"damage_healed":0,"gold_gain":0,"player_choice":"Upgraded","damage_taken":0,"max_hp_gain":0,"max_hp_loss":0,"event_name":"Upgrade Shrine","floor":22,"gold_loss":0,"cards_upgraded":["Pummel"]},{"damage_healed":0,"gold_gain":0,"player_choice":"Fight","damage_taken":0,"max_hp_gain":0,"max_hp_loss":0,"event_name":"Colosseum","floor":27,"gold_loss":0},{"damage_healed":0,"gold_gain":0,"player_choice":"Fought Nobs","damage_taken":0,"max_hp_gain":0,"max_hp_loss":0,"event_name":"Colosseum","floor":27,"gold_loss":0},{"damage_healed":0,"gold_gain":0,"player_choice":"Fight","damage_taken":0,"max_hp_gain":0,"max_hp_loss":0,"event_name":"Mysterious Sphere","floor":37,"gold_loss":0},{"damage_healed":0,"gold_gain":0,"player_choice":"Embrace Madness","damage_taken":16,"max_hp_gain":0,"max_hp_loss":0,"event_name":"Winding Halls","floor":38,"gold_loss":0,"cards_obtained":["Madness","Madness"]},{"damage_healed":0,"gold_gain":0,"player_choice":"Gave Potion","damage_taken":0,"relics_obtained":["War Paint"],"max_hp_gain":0,"max_hp_loss":0,"event_name":"WeMeetAgain","floor":39,"gold_loss":0}],"is_beta":true,"boss_relics":[{"not_picked":["Tiny House","Coffee Dripper"],"picked":"Astrolabe"},{"not_picked":["Eternal Feather","Velvet Choker"],"picked":"Mark of Pain"}],"items_purged_floors":[5],"is_endless":false,"potions_floor_spawned":[8,10,12,14,18,20,24,30,31,33,36,41,47],"ascension_level":0}