{"gold_per_floor":[368,25,200,214,214,214,229,229,229,146,156,156,15,26,26,128,128,141,141,141,160,60,60,77,104,104,135,135,147,164,177,177,273,273,293,99,117,117,0,0,16,32,101,101,101,101,153,165,165,165],"floor_reached":50,"playtime":1736,"items_purged":["Doubt","Strike_B"],"score":522,"play_id":"e1e35092-229f-4ae2-9e9c-83fc762fae47","local_time":"20190116004033","is_ascension_mode":false,"campfire_choices":[{"data":"Gash","floor":6,"key":"SMITH"},{"data":"Zap","floor":8,"key":"SMITH"},{"data":"Dualcast","floor":12,"key":"SMITH"},{"data":"Go for the Eyes","floor":15,"key":"SMITH"},{"data":"Panache","floor":23,"key":"SMITH"},{"floor":28,"key":"REST"},{"floor":32,"key":"REST"},{"data":"Creative AI","floor":40,"key":"SMITH"},{"data":"Core Surge","floor":44,"key":"SMITH"},{"floor":46,"key":"REST"},{"floor":49,"key":"REST"}],"neow_cost":"CURSE","seed_source_timestamp":15571789951217,"circlet_count":0,"master_deck":["Strike_B","Strike_B","Strike_B","Defend_B","Defend_B","Defend_B","Defend_B","Zap+1","Dualcast+1","Beam Cell","Gash+1","Go for the Eyes+1","Panache+1","Steam Power","Flash of Steel","Turbo","All For One","Beam Cell","Core Surge+1","Hologram+1","Tempest","Beam Cell","Steam+1","Reprogram","Creative AI+1","Gash","All For One","Steam","FTL+1","Madness","Madness"],"relics":["FrozenCore","Mummified Hand","Sozu","Centennial Puzzle","Cables","Meat on the Bone","Red Mask","Mercury Hourglass","Unceasing Top"],"potions_floor_usage":[27,27],"damage_taken":[{"damage":0,"enemies":"2 Louse","floor":1,"turns":2},{"damage":8,"enemies":"Jaw Worm","floor":4,"turns":2},{"damage":2,"enemies":"Small Slimes","floor":7,"turns":2},{"damage":4,"enemies":"Blue Slaver","floor":11,"turns":2},{"damage":2,"enemies":"3 Louse","floor":14,"turns":2},{"damage":10,"enemies":"Hexaghost","floor":16,"turns":6},{"damage":1,"enemies":"Chosen","floor":18,"turns":3},{"damage":10,"enemies":"2 Thieves","floor":21,"turns":3},{"damage":5,"enemies":"Snake Plant","floor":24,"turns":3},{"damage":31,"enemies":"Book of Stabbing","floor":25,"turns":5},{"damage":16,"enemies":"Slavers","floor":27,"turns":3},{"damage":10,"enemies":"Cultist and Chosen","floor":29,"turns":3},{"damage":11,"enemies":"Snecko","floor":30,"turns":3},{"damage":16,"enemies":"Snake Plant","floor":31,"turns":3},{"damage":30,"enemies":"Champ","floor":33,"turns":6},{"damage":25,"enemies":"3 Darklings","floor":35,"turns":5},{"damage":0,"enemies":"3 Shapes","floor":37,"turns":9},{"damage":5,"enemies":"Sphere and 2 Shapes","floor":41,"turns":7},{"damage":10,"enemies":"3 Darklings","floor":42,"turns":3},{"damage":18,"enemies":"2 Orb Walkers","floor":47,"turns":4},{"damage":4,"enemies":"Transient","floor":48,"turns":5},{"damage":71,"enemies":"Time Eater","floor":50,"turns":5}],"seed_played":"-8326486793062693551","potions_obtained":[{"floor":7,"key":"Weak Potion"},{"floor":11,"key":"SpeedPotion"},{"floor":14,"key":"Energy Potion"},{"floor":16,"key":"Strength Potion"}],"is_trial":false,"path_per_floor":["M","$","?","M","?","R","M","R","T","$","M","R","$","M","R","B",null,"M","?","?","M","$","R","M","E","T","E","R","M","M","M","R","B",null,"M","$","M","$","?","R","M","M","T","R","?","R","?","M","R","B"],"character_chosen":"DEFECT","items_purchased":["Gash","Go for the Eyes","Panache","Flash of Steel","All For One","All For One","Steam"],"campfire_rested":4,"item_purchase_floors":[2,2,2,10,13,36,36],"current_hp_per_floor":[75,75,75,67,67,67,65,65,65,65,61,61,61,59,59,49,75,74,74,74,64,64,64,59,28,28,12,34,36,37,33,55,37,75,50,50,50,50,50,50,45,47,47,47,38,60,42,38,60,0],"gold":165,"neow_bonus":"TWO_FIFTY_GOLD","is_prod":false,"is_daily":false,"chose_seed":false,"campfire_upgraded":7,"win_rate":0,"timestamp":1547595633,"path_taken":["M","$","?","M","?","R","M","R","T","?","M","R","$","M","R","BOSS","M","?","?","M","$","R","M","E","T","E","R","M","M","M","R","BOSS","M","$","M","$","?","R","M","M","T","R","?","R","?","M","R","BOSS"],"build_version":"2019-01-10","purchased_purges":2,"victory":false,"max_hp_per_floor":[75,75,75,75,75,75,75,75,75,75,75,75,75,75,75,75,75,75,75,75,75,75,75,75,75,75,75,75,75,75,75,75,75,75,75,75,75,75,75,75,75,75,75,75,75,75,75,75,75,75],"card_choices":[{"not_picked":["Barrage","Cold Snap"],"picked":"Beam Cell","floor":1},{"not_picked":["Streamline","Undo"],"picked":"Steam Power","floor":4},{"not_picked":["Loop","Compile Driver","Lockon"],"picked":"SKIP","floor":7},{"not_picked":["Melter","Steam"],"picked":"Turbo","floor":11},{"not_picked":["Sweeping Beam","Glacier"],"picked":"Beam Cell","floor":14},{"not_picked":["Amplify","Buffer"],"picked":"Core Surge","floor":16},{"not_picked":["Reinforced Body","Blizzard","Conserve Battery"],"picked":"SKIP","floor":18},{"not_picked":["Storm","Self Repair","Stack+1"],"picked":"SKIP","floor":21},{"not_picked":["Melter","Cold Snap+1","Rebound"],"picked":"SKIP","floor":24},{"not_picked":["Turbo","Chaos"],"picked":"Hologram+1","floor":25},{"not_picked":["Compile Driver","Aggregate+1"],"picked":"Tempest","floor":27},{"not_picked":["Static Discharge","Turbo"],"picked":"Beam Cell","floor":29},{"not_picked":["Skim","Double Energy"],"picked":"Steam+1","floor":30},{"not_picked":["Ball Lightning","Cold Snap"],"picked":"Reprogram","floor":31},{"not_picked":["Reboot","Amplify"],"picked":"Creative AI","floor":33},{"not_picked":["Beam Cell","Auto Shields"],"picked":"Gash","floor":35},{"not_picked":["Compile Driver","Hologram+1"],"picked":"FTL+1","floor":37},{"not_picked":["Coolheaded","Hologram+1","Lockon+1"],"picked":"SKIP","floor":41},{"not_picked":["Reprogram+1","Amplify","Stack"],"picked":"SKIP","floor":42},{"not_picked":["Cold Snap","Sweeping Beam","Streamline+1"],"picked":"SKIP","floor":48}],"player_experience":463926,"relics_obtained":[{"floor":9,"key":"Mummified Hand"},{"floor":25,"key":"Centennial Puzzle"},{"floor":26,"key":"Cables"},{"floor":27,"key":"Meat on the Bone"},{"floor":43,"key":"Mercury Hourglass"},{"floor":47,"key":"Unceasing Top"}],"event_choices":[{"damage_healed":0,"gold_gain":175,"player_choice":"AGREE","damage_taken":0,"max_hp_gain":0,"max_hp_loss":0,"event_name":"Liars Game","floor":3,"gold_loss":0,"cards_obtained":["Doubt"]},{"cards_removed":["Doubt"],"damage_healed":0,"gold_gain":0,"player_choice":"Forget","damage_taken":0,"max_hp_gain":0,"max_hp_loss":0,"event_name":"Living Wall","floor":5,"gold_loss":0},{"damage_healed":0,"gold_gain":0,"player_choice":"Ignored","damage_taken":0,"max_hp_gain":0,"max_hp_loss":0,"event_name":"Ghosts","floor":19,"gold_loss":0},{"damage_healed":0,"gold_gain":0,"player_choice":"Ignored","damage_taken":0,"max_hp_gain":0,"max_hp_loss":0,"event_name":"Vampires","floor":20,"gold_loss":0},{"damage_healed":0,"gold_gain":0,"player_choice":"Paid","damage_taken":0,"relics_obtained":["Red Mask"],"max_hp_gain":0,"max_hp_loss":0,"event_name":"Tomb of Lord Red Mask","floor":39,"gold_loss":117},{"damage_healed":0,"gold_gain":0,"player_choice":"Embrace Madness","damage_taken":9,"max_hp_gain":0,"max_hp_loss":0,"event_name":"Winding Halls","floor":45,"gold_loss":0,"cards_obtained":["Madness","Madness"]},{"damage_healed":0,"gold_gain":0,"player_choice":"Fight","damage_taken":0,"max_hp_gain":0,"max_hp_loss":0,"event_name":"Mysterious Sphere","floor":47,"gold_loss":0}],"is_beta":false,"boss_relics":[{"not_picked":["Busted Crown","Calling Bell"],"picked":"Sozu"},{"not_picked":["Philosopher\u0027s Stone","Runic Dome"],"picked":"FrozenCore"}],"items_purged_floors":[2,22],"is_endless":false,"potions_floor_spawned":[7,11,14,16,25,27,30,31,37,41],"killed_by":"Time Eater","ascension_level":0}