{"gold_per_floor":[369,319,569,744,760,760,773,277,358,8,8,41,41,17,17,17],"floor_reached":16,"playtime":555,"items_purged":[],"score":101,"play_id":"848334f1-37a2-4ae3-a2c8-23eb996ac04a","local_time":"20180712135312","is_ascension_mode":true,"campfire_choices":[{"data":"Bash","floor":6,"key":"SMITH"},{"floor":13,"key":"REST"},{"data":"Twin Strike","floor":15,"key":"SMITH"}],"neow_cost":"TEN_PERCENT_HP_LOSS","seed_source_timestamp":296927983708543,"circlet_count":0,"master_deck":["Strike_R","Strike_R","Strike_R","Strike_R","Strike_R","Defend_R","Defend_R","Defend_R","Bash+1","Perfected Strike","Regret","Doubt","Perfected Strike","Twin Strike+1","HandOfGreed+1","Feed+1","Headbutt+1"],"relics":["Burning Blood","TheAbacus","Art of War","Strawberry","Question Card","Molten Egg 2","CultistMask"],"potions_floor_usage":[],"damage_taken":[{"damage":14,"enemies":"Cultist","floor":1,"turns":5},{"damage":29,"enemies":"Small Slimes","floor":5,"turns":4},{"damage":12,"enemies":"Jaw Worm","floor":7,"turns":2},{"damage":8,"enemies":"3 Louse","floor":12,"turns":3},{"damage":63,"enemies":"Hexaghost","floor":16,"turns":8}],"seed_played":"2849146360748699789","potions_obtained":[],"is_trial":false,"path_per_floor":["M","?","?","?","M","R","M","$","T","$","?","M","R","$","R"],"character_chosen":"IRONCLAD","items_purchased":["TheAbacus","Art of War","Strawberry","Molten Egg 2","HandOfGreed+1","Headbutt+1"],"campfire_rested":1,"item_purchase_floors":[8,8,8,10,10,14],"current_hp_per_floor":[64,64,64,64,41,41,35,42,42,42,42,40,63,63,63,0],"gold":17,"neow_bonus":"TWO_FIFTY_GOLD","is_prod":false,"is_daily":false,"chose_seed":false,"campfire_upgraded":2,"win_rate":0,"timestamp":1531417992,"path_taken":["M","?","?","?","?","R","M","$","T","$","?","M","R","?","R","BOSS"],"build_version":"2018-07-11","purchased_purges":0,"victory":false,"max_hp_per_floor":[72,72,72,72,72,72,72,79,79,79,79,79,79,79,79,79],"card_choices":[{"not_picked":["Havoc","Power Through"],"picked":"Perfected Strike","floor":1},{"not_picked":["Warcry","Havoc"],"picked":"Perfected Strike","floor":5},{"not_picked":["Hemokinesis","Whirlwind"],"picked":"Twin Strike","floor":7},{"not_picked":["Clothesline+1","Thunderclap+1","True Grit"],"picked":"Feed+1","floor":12}],"player_experience":395228,"relics_obtained":[{"floor":9,"key":"Question Card"}],"event_choices":[{"event_name":"The Cleric","player_choice":"Card Removal","floor":2,"damage_taken":0},{"event_name":"Golden Shrine","player_choice":"Desecrate","floor":3,"damage_taken":0},{"event_name":"Liars Game","player_choice":"agreed","floor":4,"damage_taken":0},{"event_name":"FaceTrader","player_choice":"Trade","floor":11,"damage_taken":0}],"boss_relics":[],"items_purged_floors":[],"is_endless":false,"potions_floor_spawned":[],"killed_by":"Hexaghost","ascension_level":3}