{"gold_per_floor":[15,15,15,25,43,43,73,73,98,98,63,116,174,16,16,117,117,128,128,128,128,141,165,165,177,177,177,194,223,237,187,187,288,288,307,327,378,388,408,434,434,63,63,77,77,77,43,58,58,58,58,58,17,50,50],"floor_reached":56,"playtime":2901,"items_purged":[],"score":1218,"play_id":"19d23727-fb9e-4de5-a9f4-55900968b9c6","local_time":"20190624175618","is_ascension_mode":false,"campfire_choices":[{"data":"Hyperbeam","floor":6,"key":"SMITH"},{"floor":8,"key":"RECALL"},{"data":"Fusion","floor":10,"key":"SMITH"},{"floor":15,"key":"REST"},{"floor":24,"key":"REST"},{"data":"Echo Form","floor":27,"key":"SMITH"},{"floor":32,"key":"REST"},{"data":"Seek","floor":41,"key":"SMITH"},{"floor":46,"key":"REST"},{"data":"Loop","floor":49,"key":"SMITH"},{"data":"Static Discharge","floor":52,"key":"SMITH"}],"neow_cost":"NO_GOLD","seed_source_timestamp":275477171750299,"circlet_count":0,"master_deck":["Strike_B+1","Strike_B+1","Strike_B+1","Defend_B+1","Defend_B+1","Defend_B+1","Zap","Dualcast","Hyperbeam+1","Gash","Fusion+1","Hologram","Gash","Glacier","White Noise","Hologram","Self Repair","Blizzard","Echo Form","Chill","Rebound","Conserve Battery","Self Repair","Echo Form+1","Redo+1","Melter","Creative AI","Static Discharge+1","Defragment+1","Heatsinks","Hello World","Seek+1","Sunder","Streamline+1","Defragment+1","Core Surge","Loop+1","Stack+1","Loop","Tempest","Rainbow"],"relics":["Cracked Core","Mercury Hourglass","CultistMask","Mummified Hand","Boot","Lantern","Orrery","Happy Flower","Smiling Mask","Snecko Eye","Oddly Smooth Stone","Pen Nib","PreservedInsect","Regal Pillow","Anchor"],"potions_floor_usage":[7,13,16,22,25,28,33,44,50],"damage_taken":[{"damage":0,"enemies":"Cultist","floor":1,"turns":3},{"damage":0,"enemies":"Small Slimes","floor":4,"turns":2},{"damage":1,"enemies":"Jaw Worm","floor":5,"turns":2},{"damage":9,"enemies":"3 Sentries","floor":7,"turns":2},{"damage":9,"enemies":"Lagavulin Event","floor":13,"turns":5},{"damage":18,"enemies":"Slime Boss","floor":16,"turns":8},{"damage":5,"enemies":"Chosen","floor":18,"turns":3},{"damage":8,"enemies":"3 Byrds","floor":22,"turns":3},{"damage":9,"enemies":"Snake Plant","floor":25,"turns":4},{"damage":15,"enemies":"Snecko","floor":28,"turns":6},{"damage":36,"enemies":"Slavers","floor":29,"turns":3},{"damage":10,"enemies":"Chosen and Byrds","floor":30,"turns":5},{"damage":40,"enemies":"Collector","floor":33,"turns":9},{"damage":7,"enemies":"3 Darklings","floor":35,"turns":3},{"damage":6,"enemies":"Orb Walker","floor":36,"turns":3},{"damage":10,"enemies":"Maw","floor":38,"turns":7},{"damage":0,"enemies":"4 Shapes","floor":39,"turns":3},{"damage":30,"enemies":"Nemesis","floor":40,"turns":7},{"damage":38,"enemies":"Jaw Worm Horde","floor":44,"turns":2},{"damage":10,"enemies":"3 Darklings","floor":48,"turns":4},{"damage":33,"enemies":"Time Eater","floor":50,"turns":8},{"damage":39,"enemies":"Shield and Spear","floor":54,"turns":6},{"damage":31,"enemies":"The Heart","floor":55,"turns":8}],"seed_played":"-3453449815563671607","potions_obtained":[{"floor":4,"key":"GamblersBrew"},{"floor":5,"key":"SteroidPotion"},{"floor":7,"key":"SpeedPotion"},{"floor":18,"key":"Explosive Potion"},{"floor":22,"key":"Energy Potion"},{"floor":25,"key":"GamblersBrew"},{"floor":30,"key":"SteroidPotion"},{"floor":40,"key":"GamblersBrew"},{"floor":48,"key":"SpeedPotion"}],"is_trial":false,"path_per_floor":["M","T","?","M","M","R","E","R","T","R","$","?","?","$","R","B",null,"M","?","?","?","M","T","R","M","T","R","M","E","M","?","R","B",null,"M","M","T","M","M","E","R","$","T","M","?","R","$","M","R","B",null,"R","$","E","B",null],"character_chosen":"DEFECT","items_purchased":["Glacier","Hologram","Self Repair","Blizzard","PreservedInsect","Core Surge","Loop","Loop","Tempest"],"campfire_rested":4,"item_purchase_floors":[11,14,14,14,42,42,42,47,53],"current_hp_per_floor":[75,75,75,75,74,74,65,65,65,65,65,65,56,56,75,64,75,75,61,61,61,53,53,77,75,75,75,74,52,49,49,73,47,80,73,74,74,78,80,71,71,71,71,47,47,80,80,80,80,61,80,80,80,55,45],"gold":50,"neow_bonus":"THREE_RARE_CARDS","is_prod":false,"is_daily":false,"chose_seed":false,"campfire_upgraded":6,"win_rate":0,"timestamp":1561413378,"path_taken":["M","?","?","M","?","R","E","R","T","R","?","?","?","$","R","BOSS","M","?","?","?","M","?","R","M","T","R","?","E","M","?","R","BOSS","M","M","?","M","M","E","R","?","T","?","?","R","$","M","R","BOSS","R","$","E","BOSS"],"build_version":"2019-06-21","purchased_purges":0,"victory":true,"max_hp_per_floor":[75,75,75,75,75,75,75,75,75,75,75,75,75,75,75,75,75,75,80,80,80,80,80,80,80,80,80,80,80,80,80,80,80,80,80,80,80,80,80,80,80,80,80,80,80,80,80,80,80,80,80,80,80,80,80],"card_choices":[{"not_picked":["Meteor Strike","Fission"],"picked":"Hyperbeam","floor":0},{"not_picked":["Coolheaded","Hologram"],"picked":"Gash","floor":1},{"not_picked":["Reinforced Body","Steam Power"],"picked":"Fusion","floor":4},{"not_picked":["Conserve Battery","Chaos"],"picked":"Hologram","floor":5},{"not_picked":["Cold Snap","Coolheaded"],"picked":"Gash","floor":7},{"not_picked":["Heatsinks","Capacitor"],"picked":"White Noise","floor":13},{"not_picked":["Creative AI","Reboot"],"picked":"Echo Form","floor":16},{"not_picked":["Hello World","Stack"],"picked":"Chill","floor":17},{"not_picked":["Doom and Gloom","Streamline"],"picked":"Rebound","floor":17},{"not_picked":["Barrage","Compile Driver"],"picked":"Conserve Battery","floor":17},{"not_picked":["Darkness","Leap"],"picked":"Self Repair","floor":17},{"not_picked":["Go for the Eyes","BootSequence"],"picked":"Echo Form","floor":17},{"not_picked":["Coolheaded","Go for the Eyes+1"],"picked":"Redo+1","floor":18},{"not_picked":["Redo","Ball Lightning"],"picked":"Static Discharge","floor":22},{"not_picked":["Steam","Redo","Go for the Eyes"],"picked":"SKIP","floor":25},{"not_picked":["Cold Snap","White Noise"],"picked":"Defragment+1","floor":28},{"not_picked":["Darkness+1","Sweeping Beam"],"picked":"Heatsinks","floor":29},{"not_picked":["Tempest+1","FTL"],"picked":"Hello World","floor":30},{"not_picked":["Core Surge","Biased Cognition"],"picked":"Seek","floor":33},{"not_picked":["Beam Cell","Streamline","Go for the Eyes"],"picked":"SKIP","floor":35},{"not_picked":["Beam Cell+1","Sweeping Beam"],"picked":"Sunder","floor":36},{"not_picked":["Ball Lightning","Rip and Tear+1"],"picked":"Streamline+1","floor":38},{"not_picked":["Doom and Gloom+1","Leap","Steam+1"],"picked":"SKIP","floor":39},{"not_picked":["Melter+1","Amplify"],"picked":"Defragment","floor":40},{"not_picked":["Rebound","Coolheaded"],"picked":"Stack+1","floor":44},{"not_picked":["Doom and Gloom","Coolheaded","Go for the Eyes+1"],"picked":"SKIP","floor":48},{"not_picked":["Skim","Auto Shields"],"picked":"Rainbow","floor":54}],"player_experience":1124945,"relics_obtained":[{"floor":2,"key":"Mercury Hourglass"},{"floor":7,"key":"Mummified Hand"},{"floor":9,"key":"Boot"},{"floor":13,"key":"Lantern"},{"floor":26,"key":"Happy Flower"},{"floor":29,"key":"Smiling Mask"},{"floor":37,"key":"Oddly Smooth Stone"},{"floor":40,"key":"Pen Nib"},{"floor":43,"key":"Regal Pillow"},{"floor":54,"key":"Anchor"}],"event_choices":[{"damage_healed":0,"gold_gain":0,"player_choice":"Trade","damage_taken":0,"relics_obtained":["CultistMask"],"max_hp_gain":0,"max_hp_loss":0,"event_name":"FaceTrader","floor":3,"gold_loss":0},{"damage_healed":0,"gold_gain":53,"player_choice":"Gained Gold","damage_taken":0,"max_hp_gain":0,"max_hp_loss":0,"event_name":"Golden Wing","floor":12,"gold_loss":0},{"damage_healed":0,"gold_gain":30,"player_choice":"Searched \u00273\u0027 times","damage_taken":0,"max_hp_gain":0,"max_hp_loss":0,"event_name":"Dead Adventurer","floor":13,"gold_loss":0},{"damage_healed":0,"gold_gain":0,"player_choice":"Shed Blood","damage_taken":19,"max_hp_gain":5,"max_hp_loss":0,"event_name":"Forgotten Altar","floor":19,"gold_loss":0},{"damage_healed":0,"gold_gain":0,"player_choice":"Simplicity","damage_taken":0,"max_hp_gain":0,"max_hp_loss":0,"event_name":"Back to Basics","floor":20,"gold_loss":0,"cards_upgraded":["Strike_B","Strike_B","Strike_B","Strike_B","Defend_B","Defend_B","Defend_B","Defend_B"]},{"damage_healed":0,"gold_gain":0,"cards_transformed":["Strike_B","Defend_B"],"player_choice":"Became Test Subject","damage_taken":0,"max_hp_gain":0,"max_hp_loss":0,"event_name":"Drug Dealer","floor":21,"gold_loss":0,"cards_obtained":["Melter","Creative AI"]},{"damage_healed":0,"gold_gain":0,"player_choice":"Bet on Murderer","damage_taken":0,"max_hp_gain":0,"max_hp_loss":0,"event_name":"The Joust","floor":31,"gold_loss":50},{"damage_healed":0,"gold_gain":0,"player_choice":"Upgraded","damage_taken":0,"max_hp_gain":0,"max_hp_loss":0,"event_name":"Upgrade Shrine","floor":45,"gold_loss":0,"cards_upgraded":["Defragment"]}],"is_beta":true,"boss_relics":[{"not_picked":["Philosopher\u0027s Stone","Fusion Hammer"],"picked":"Orrery"},{"not_picked":["Nuclear Battery","Coffee Dripper"],"picked":"Snecko Eye"}],"items_purged_floors":[],"is_endless":false,"potions_floor_spawned":[4,5,7,18,22,25,30,40,48],"ascension_level":0}