{"path_per_floor":["M","?","M","$","T","R","$","M","T","T","M","E","M","M","R","B",null,"M","?","M","T","$","M","R","E","T","E","?","M","R","M","R"],"character_chosen":"IRONCLAD","items_purchased":["Apotheosis","Bag of Preparation"],"gold_per_floor":[114,114,128,53,76,76,76,87,156,156,175,203,216,233,233,331,331,348,348,361,415,63,78,78,110,133,167,167,184,184,196,196,196],"floor_reached":33,"campfire_rested":2,"playtime":2910,"item_purchase_floors":[22,22],"current_hp_per_floor":[80,73,69,69,69,69,69,76,76,76,79,80,78,65,65,47,80,76,76,78,78,78,49,73,94,94,70,51,38,67,79,79,0],"items_purged":["Strike_R"],"gold":196,"score":353,"play_id":"670ff7c3-4b9c-494f-9108-3c062a22403f","local_time":"20180520215111","is_prod":false,"is_daily":false,"chose_seed":false,"is_ascension_mode":true,"campfire_upgraded":3,"timestamp":1526867471,"campfire_choices":[{"data":"Whirlwind","floor":6,"key":"SMITH"},{"data":"Pummel","floor":15,"key":"SMITH"},{"floor":24,"key":"REST"},{"floor":30,"key":"REST"},{"data":"Apotheosis","floor":32,"key":"SMITH"}],"path_taken":["M","?","?","$","?","R","?","M","T","?","M","E","M","?","R","BOSS","M","?","?","?","$","M","R","E","T","E","?","?","R","M","R","BOSS"],"build_version":"2018-05-18","seed_source_timestamp":627551894650856,"purchased_purges":1,"victory":false,"master_deck":["Strike_R","Strike_R","Strike_R","Defend_R","Defend_R","Defend_R","Defend_R","Bash","Double Tap","Whirlwind+1","Twin Strike","Flame Barrier","Thunderclap","Rampage","Shrug It Off","Pummel+1","Reaper","Disarm","Seeing Red","Doubt","Apotheosis+1","Burning Pact+1","Flex+1","Regret","Exhume","Rupture","Power Through","Dropkick"],"max_hp_per_floor":[80,80,80,80,80,80,80,80,80,80,80,80,80,80,80,80,80,80,80,80,80,80,80,80,94,94,94,99,99,99,99,99,99],"relics":["Burning Blood","Blood Vial","Mummified Hand","Mercury Hourglass","Boot","Cursed Key","Art of War","Bag of Preparation","Mango","Dream Catcher","Bag of Marbles"],"card_choices":[{"not_picked":["Burning Pact","Headbutt"],"picked":"Whirlwind","floor":1},{"not_picked":["Iron Wave","Thunderclap"],"picked":"Twin Strike","floor":3},{"not_picked":["Sword Boomerang","Thunderclap"],"picked":"Flame Barrier","floor":8},{"not_picked":["Headbutt","Hemokinesis"],"picked":"Thunderclap","floor":11},{"not_picked":["Warcry","Cleave"],"picked":"Rampage","floor":12},{"not_picked":["Sever Soul","Second Wind"],"picked":"Shrug It Off","floor":13},{"not_picked":["Shrug It Off","Rupture"],"picked":"Pummel","floor":14},{"not_picked":["Feed","Juggernaut"],"picked":"Reaper","floor":16},{"not_picked":["Sword Boomerang","Warcry","Heavy Blade"],"picked":"SKIP","floor":18},{"not_picked":["True Grit+1","Sword Boomerang+1"],"picked":"Seeing Red","floor":20},{"not_picked":["Wild Strike","Pommel Strike"],"picked":"Burning Pact+1","floor":23},{"not_picked":["Body Slam+1","Wild Strike"],"picked":"Flex+1","floor":25},{"not_picked":["Clothesline+1","Wild Strike"],"picked":"Exhume","floor":27},{"not_picked":["Searing Blow","Armaments"],"picked":"Rupture","floor":29},{"not_picked":["Reckless Charge","Sentinel+1"],"picked":"Power Through","floor":30},{"not_picked":["Shrug It Off+1","True Grit+1"],"picked":"Dropkick","floor":31}],"player_experience":317248,"potions_floor_usage":[12,14,16,18,31,33],"damage_taken":[{"damage":0,"enemies":"2 Louse","floor":1,"turns":3},{"damage":10,"enemies":"Small Slimes","floor":3,"turns":3},{"damage":1,"enemies":"Cultist","floor":8,"turns":3},{"damage":5,"enemies":"Gremlin Gang","floor":11,"turns":2},{"damage":0,"enemies":"Gremlin Nob","floor":12,"turns":2},{"damage":8,"enemies":"Lots of Slimes","floor":13,"turns":2},{"damage":21,"enemies":"Exordium Thugs","floor":14,"turns":3},{"damage":26,"enemies":"Slime Boss","floor":16,"turns":9},{"damage":10,"enemies":"2 Thieves","floor":18,"turns":2},{"damage":6,"enemies":"Chosen","floor":20,"turns":4},{"damage":37,"enemies":"Snake Plant","floor":23,"turns":3},{"damage":17,"enemies":"Gremlin Leader","floor":25,"turns":7},{"damage":30,"enemies":"Book of Stabbing","floor":27,"turns":5},{"damage":21,"enemies":"Snecko","floor":29,"turns":4},{"damage":14,"enemies":"Chosen and Byrds","floor":31,"turns":7},{"damage":90,"enemies":"Collector","floor":33,"turns":8}],"relics_obtained":[{"floor":5,"key":"Blood Vial"},{"floor":9,"key":"Mummified Hand"},{"floor":10,"key":"Mercury Hourglass"},{"floor":12,"key":"Boot"},{"floor":21,"key":"Art of War"},{"floor":25,"key":"Mango"},{"floor":26,"key":"Dream Catcher"},{"floor":27,"key":"Bag of Marbles"}],"event_choices":[{"event_name":"Golden Wing","player_choice":"Card Removal","floor":2,"damage_taken":0},{"event_name":"The Library","player_choice":"Read","floor":19,"damage_taken":0},{"event_name":"Forgotten Altar","player_choice":"Shed Blood","floor":28,"damage_taken":0}],"boss_relics":[{"not_picked":["Black Star","Snecko Eye"],"picked":"Cursed Key"}],"items_purged_floors":[4],"potions_floor_spawned":[1,8,13,16,27,31],"seed_played":"6308633762547567300","killed_by":"Collector","ascension_level":1,"potions_obtained":[{"floor":1,"key":"Weak Potion"},{"floor":8,"key":"FearPotion"},{"floor":13,"key":"FearPotion"},{"floor":16,"key":"AttackPotion"},{"floor":27,"key":"Dexterity Potion"},{"floor":31,"key":"Ancient Potion"}],"is_trial":false}