{"gold_per_floor":[112,126,144,162,162,162,173,173,173,138,138,313,0,19,19,115,115,126,126,126,146,54,54,54,110,110,31,31,61,61],"floor_reached":30,"playtime":726,"items_purged":[],"score":271,"play_id":"11c76ecc-7d2d-4cc9-9bb1-0d642621ab0e","local_time":"20180705014313","is_ascension_mode":true,"campfire_choices":[{"data":"Immolate","floor":6,"key":"SMITH"},{"floor":8,"key":"REST"},{"data":"Carnage","floor":15,"key":"SMITH"},{"floor":23,"key":"REST"},{"data":"RitualDagger","floor":28,"key":"SMITH"}],"neow_cost":"TEN_PERCENT_HP_LOSS","seed_source_timestamp":266011181885546,"circlet_count":0,"master_deck":["Strike_R+1","Strike_R+1","Strike_R+1","Strike_R+1","Strike_R+1","Defend_R+1","Defend_R+1","Defend_R+1","Defend_R+1","Bash","Immolate+1","Flex","Thunderclap","Dual Wield","Infernal Blade","Seeing Red","Doubt","Carnage","Carnage+1","Reaper","Flex","RitualDagger+1","Dual Wield+1","Finesse","Reaper","Exhume"],"relics":["Burning Blood","Potion Belt","Gremlin Horn","Eternal Feather","Tiny Chest","Champion Belt","Regal Pillow"],"potions_floor_usage":[3,16,16,18,29,30],"damage_taken":[{"damage":3,"enemies":"Small Slimes","floor":1,"turns":2},{"damage":0,"enemies":"Cultist","floor":2,"turns":3},{"damage":12,"enemies":"Jaw Worm","floor":3,"turns":2},{"damage":26,"enemies":"3 Louse","floor":4,"turns":3},{"damage":14,"enemies":"Blue Slaver","floor":7,"turns":4},{"damage":11,"enemies":"Looter","floor":14,"turns":2},{"damage":9,"enemies":"Slime Boss","floor":16,"turns":7},{"damage":19,"enemies":"Chosen","floor":18,"turns":4},{"damage":20,"enemies":"2 Thieves","floor":21,"turns":4},{"damage":74,"enemies":"Book of Stabbing","floor":29,"turns":6},{"damage":18,"enemies":"Centurion and Healer","floor":30,"turns":2}],"seed_played":"-4784174955884584446","potions_obtained":[{"floor":2,"key":"Fruit Juice"},{"floor":4,"key":"GamblersBrew"},{"floor":5,"key":"PowerPotion"},{"floor":5,"key":"SneckoOil"},{"floor":16,"key":"GamblersBrew"},{"floor":29,"key":"SteroidPotion"}],"is_trial":false,"path_per_floor":["M","M","M","M","?","R","M","R","T","?","?","?","$","M","R","B",null,"M","?","?","M","$","R","?","T","T","$","R","E"],"character_chosen":"IRONCLAD","items_purchased":["Gremlin Horn","Carnage","Finesse","Reaper"],"campfire_rested":2,"item_purchase_floors":[13,13,22,27],"current_hp_per_floor":[72,72,71,51,51,51,43,66,66,77,82,82,82,77,77,74,82,69,63,63,49,49,81,65,65,65,65,75,7,0],"gold":61,"neow_bonus":"THREE_RARE_CARDS","is_prod":false,"is_daily":false,"chose_seed":false,"campfire_upgraded":3,"win_rate":0,"timestamp":1530769393,"path_taken":["M","M","M","M","?","R","M","R","T","?","?","?","?","M","R","BOSS","M","?","?","?","$","R","?","?","T","$","R","E","M"],"build_version":"2018-07-03","purchased_purges":0,"victory":false,"max_hp_per_floor":[72,72,77,77,77,77,77,77,77,77,82,82,82,82,82,82,82,82,82,82,82,82,82,87,87,87,87,87,87,87],"card_choices":[{"not_picked":["Brutality","Fiend Fire"],"picked":"Immolate","floor":0},{"not_picked":["Clothesline","Body Slam"],"picked":"Flex","floor":1},{"not_picked":["Evolve","True Grit"],"picked":"Thunderclap","floor":2},{"not_picked":["Shrug It Off","Battle Trance"],"picked":"Dual Wield","floor":3},{"not_picked":["Clothesline","Body Slam"],"picked":"Infernal Blade","floor":4},{"not_picked":["Entrench","Body Slam"],"picked":"Seeing Red","floor":7},{"not_picked":["Clothesline","Perfected Strike"],"picked":"Carnage","floor":14},{"not_picked":["Offering","Immolate"],"picked":"Reaper","floor":16},{"not_picked":["Body Slam","Armaments"],"picked":"Flex","floor":18},{"not_picked":["Perfected Strike+1","Iron Wave+1"],"picked":"Dual Wield+1","floor":21},{"not_picked":["Disarm","Iron Wave"],"picked":"Exhume","floor":29}],"player_experience":379980,"relics_obtained":[{"floor":9,"key":"Potion Belt"},{"floor":25,"key":"Tiny Chest"},{"floor":26,"key":"Champion Belt"},{"floor":29,"key":"Regal Pillow"}],"event_choices":[{"event_name":"The Lab","player_choice":"Got Potions","floor":5,"damage_taken":0},{"event_name":"The Cleric","player_choice":"Healed","floor":10,"damage_taken":0},{"event_name":"Big Fish","player_choice":"Donut","floor":11,"damage_taken":0},{"event_name":"Liars Game","player_choice":"agreed","floor":12,"damage_taken":0},{"event_name":"Nest","player_choice":"Joined the Cult","floor":19,"damage_taken":0},{"event_name":"Back to Basics","player_choice":"Simplicity","floor":20,"damage_taken":0},{"event_name":"Forgotten Altar","player_choice":"Shed Blood","floor":24,"damage_taken":0}],"boss_relics":[{"not_picked":["Black Star","Busted Crown"],"picked":"Eternal Feather"}],"items_purged_floors":[],"is_endless":false,"potions_floor_spawned":[2,4,16,29],"killed_by":"Centurion and Healer","ascension_level":3}