{"gold_per_floor":[117,129,145,157,157,157,198,198,198,211,211,235,235],"floor_reached":13,"playtime":469,"items_purged":[],"score":174,"play_id":"181ea21a-8112-4ad1-b818-555aedb472fc","local_time":"20181104151258","is_ascension_mode":true,"campfire_choices":[{"data":"Neutralize","floor":6,"key":"SMITH"},{"floor":8,"key":"REST"}],"neow_cost":"NONE","seed_source_timestamp":2132588703344728,"circlet_count":0,"master_deck":["AscendersBane","Defend_G","Defend_G","Defend_G","Defend_G","Defend_G","Strike_G","Strike_G","Strike_G","Strike_G","Survivor","Neutralize+1","Venomology","Flying Knee","Cloak And Dagger","Dagger Throw","Backstab"],"relics":["Ring of the Snake","Golden Idol","Frozen Egg 2","Incense Burner"],"potions_floor_usage":[3,4,4,4,7,7,12,12,13,13,13],"damage_taken":[{"damage":1,"enemies":"Cultist","floor":1,"turns":4},{"damage":0,"enemies":"2 Louse","floor":2,"turns":3},{"damage":4,"enemies":"Jaw Worm","floor":3,"turns":2},{"damage":23,"enemies":"Lots of Slimes","floor":4,"turns":7},{"damage":30,"enemies":"Lagavulin","floor":7,"turns":10},{"damage":11,"enemies":"3 Louse","floor":10,"turns":5},{"damage":16,"enemies":"Exordium Thugs","floor":12,"turns":6},{"damage":27,"enemies":"Gremlin Nob","floor":13,"turns":3}],"seed_played":"4232012172052368477","potions_obtained":[{"floor":3,"key":"Regen Potion"},{"floor":12,"key":"AttackPotion"}],"is_trial":false,"path_per_floor":["M","M","M","M","?","R","E","R","T","M","?","M","E"],"character_chosen":"THE_SILENT","items_purchased":[],"campfire_rested":1,"item_purchase_floors":[],"current_hp_per_floor":[58,58,54,46,46,46,16,34,34,23,23,7,0],"gold":235,"neow_bonus":"ONE_RANDOM_RARE_CARD","is_prod":false,"is_daily":false,"chose_seed":false,"campfire_upgraded":1,"win_rate":0,"timestamp":1541369578,"path_taken":["M","?","?","M","?","R","E","R","T","M","?","?","E"],"build_version":"2018-11-01","purchased_purges":0,"victory":false,"max_hp_per_floor":[66,66,66,66,60,60,60,60,60,60,60,60,60],"card_choices":[{"not_picked":["Deadly Poison","Catalyst"],"picked":"Flying Knee","floor":1},{"not_picked":["Catalyst","Terror"],"picked":"Cloak And Dagger","floor":2},{"not_picked":["Eviscerate","Backflip","Acrobatics"],"picked":"SKIP","floor":3},{"not_picked":["PiercingWail","Setup"],"picked":"Dagger Throw","floor":4},{"not_picked":["Eviscerate","Dagger Spray"],"picked":"Backstab","floor":7},{"not_picked":["Reflex","Flechettes","Catalyst"],"picked":"SKIP","floor":10},{"not_picked":["Bane","Quick Slash","Reflex"],"picked":"SKIP","floor":12}],"player_experience":587135,"relics_obtained":[{"floor":7,"key":"Frozen Egg 2"},{"floor":9,"key":"Incense Burner"}],"event_choices":[{"damage_healed":0,"gold_gain":0,"player_choice":"Lose Max HP","damage_taken":0,"relics_obtained":["Golden Idol"],"max_hp_gain":0,"max_hp_loss":6,"event_name":"Golden Idol","floor":5,"gold_loss":0},{"cards_removed":["Strike_G"],"damage_healed":0,"gold_gain":0,"player_choice":"Purged","damage_taken":0,"max_hp_gain":0,"max_hp_loss":0,"event_name":"Purifier","floor":11,"gold_loss":0}],"is_beta":false,"boss_relics":[],"items_purged_floors":[],"is_endless":false,"potions_floor_spawned":[2,3,10,12],"killed_by":"Gremlin Nob","ascension_level":20}