{"path_per_floor":["M","M","$","M","M","?","?","M","T","R","$","E","R","M","R","B",null,"M","M","$","M","M","R","$","M","T","M","M","?","R","M","R"],"character_chosen":"IRONCLAD","items_purchased":["Searing Blow","Perfected Strike","Battle Trance","Mind Blast","Inflame"],"gold_per_floor":[113,125,57,68,81,31,106,122,145,145,15,44,44,55,55,155,155,166,176,10,23,39,39,39,53,53,63,63,63,63,80,80,80],"floor_reached":33,"campfire_rested":6,"playtime":1478,"current_hp_per_floor":[73,77,77,79,66,66,55,26,26,50,50,32,56,57,80,11,94,84,64,64,55,22,50,50,35,35,27,33,33,61,66,94,0],"items_purged":[],"gold":80,"score":278,"play_id":"eec4ef52-7328-4b35-bb49-096c04ee6927","local_time":"20180508185459","is_prod":false,"is_daily":false,"chose_seed":false,"is_ascension_mode":false,"campfire_upgraded":0,"timestamp":1525820099,"path_taken":["M","?","$","M","M","?","?","M","T","R","$","E","R","M","R","BOSS","M","M","$","M","?","R","?","M","T","M","M","?","R","M","R","BOSS"],"build_version":"2018-05-07","seed_source_timestamp":7595635884449,"purchased_purges":0,"victory":false,"master_deck":["Strike_R","Strike_R","Strike_R","Strike_R","Strike_R","Defend_R","Defend_R","Defend_R","Bash","Dual Wield+1","Perfected Strike","Dual Wield","Searing Blow","Cleave","Perfected Strike","Battle Trance+1","Pommel Strike","Reaper","Injury","Writhe","Pain","Inflame+1","Pommel Strike","Mind Blast","Inflame","Perfected Strike","Perfected Strike"],"max_hp_per_floor":[80,80,80,80,80,80,80,80,80,80,80,80,80,80,80,80,94,94,94,94,94,94,94,94,94,94,94,94,94,94,94,94,94],"relics":["Burning Blood","Bronze Scales","War Paint","Calling Bell","Ancient Tea Set","Paper Frog","Mango","Orichalcum"],"card_choices":[{"not_picked":["Iron Wave","Flex"],"picked":"Dual Wield","floor":0},{"not_picked":["Warcry","Inflame"],"picked":"Perfected Strike","floor":1},{"not_picked":["Flex","Sword Boomerang"],"picked":"Dual Wield","floor":2},{"not_picked":["Ghostly Armor","Evolve"],"picked":"Cleave","floor":5},{"not_picked":["Sword Boomerang","Flex"],"picked":"Pommel Strike","floor":14},{"not_picked":["Offering","Dark Embrace"],"picked":"Reaper","floor":16},{"not_picked":["Iron Wave","Clash"],"picked":"Inflame","floor":18},{"not_picked":["Combust","Warcry"],"picked":"Pommel Strike","floor":19},{"not_picked":["Armaments","Cleave"],"picked":"Perfected Strike","floor":22},{"not_picked":["Havoc","Armaments"],"picked":"Perfected Strike","floor":27}],"player_experience":211578,"potions_floor_usage":[12,14,18,19,27,28,31],"damage_taken":[{"damage":13,"enemies":"Cultist","floor":1,"turns":5},{"damage":2,"enemies":"Small Slimes","floor":2,"turns":4},{"damage":4,"enemies":"2 Louse","floor":4,"turns":3},{"damage":19,"enemies":"Blue Slaver","floor":5,"turns":3},{"damage":35,"enemies":"Large Slime","floor":8,"turns":5},{"damage":24,"enemies":"Lagavulin","floor":12,"turns":6},{"damage":5,"enemies":"Looter","floor":14,"turns":2},{"damage":75,"enemies":"Hexaghost","floor":16,"turns":8},{"damage":16,"enemies":"3 Byrds","floor":18,"turns":4},{"damage":33,"enemies":"Spheric Guardian","floor":19,"turns":4},{"damage":29,"enemies":"Snecko","floor":21,"turns":4},{"damage":39,"enemies":"Snake Plant","floor":22,"turns":3},{"damage":28,"enemies":"Cultist and Chosen","floor":25,"turns":5},{"damage":33,"enemies":"Centurion and Healer","floor":27,"turns":5},{"damage":0,"enemies":"Slaver and Parasite","floor":28,"turns":1},{"damage":1,"enemies":"Snake Plant","floor":31,"turns":2},{"damage":108,"enemies":"Collector","floor":33,"turns":9}],"event_choices":[{"event_name":"The Cleric","player_choice":"Card Removal","floor":6,"damage_taken":0},{"event_name":"World of Goop","player_choice":"Gather Gold","floor":7,"damage_taken":0},{"event_name":"Addict","player_choice":"Ignored","floor":29,"damage_taken":0}],"boss_relics":[{"not_picked":["Black Star","Runic Dome"],"picked":"Calling Bell"}],"potions_floor_spawned":[8,12,16,18,22,25,27],"seed_played":"-2877517524756081547","killed_by":"Collector","ascension_level":0,"is_trial":false}