{"gold_per_floor":[110,129,142,122,139,139,170,45,45,77,77,94,106,140,140,140],"floor_reached":16,"playtime":452,"items_purged":[],"score":294,"play_id":"2af80635-e58d-4842-a029-6f2586fb21e1","local_time":"20181107183137","is_ascension_mode":true,"campfire_choices":[{"data":"Zap","floor":6.0,"key":"SMITH"},{"floor":11.0,"key":"REST"},{"floor":15,"key":"REST"}],"neow_cost":"PERCENT_DAMAGE","seed_source_timestamp":2403702283656054,"circlet_count":0,"master_deck":["AscendersBane","Strike_B","Strike_B","Strike_B","Strike_B","Defend_B","Defend_B","Defend_B","Defend_B","Zap+1","Dualcast","Ball Lightning","Capacitor","Ball Lightning","White Noise","Cold Snap","Chill","Cold Snap","Hologram","Glacier"],"special_seed":0,"relics":["Cracked Core","Question Card","Gremlin Horn","Anchor","Pen Nib"],"potions_floor_usage":[],"damage_taken":[{"damage":7.0,"enemies":"Small Slimes","floor":1.0,"turns":3.0},{"damage":1.0,"enemies":"Cultist","floor":2.0,"turns":3.0},{"damage":8.0,"enemies":"2 Louse","floor":3.0,"turns":2.0},{"damage":7.0,"enemies":"Looter","floor":5.0,"turns":3.0},{"damage":0.0,"enemies":"Gremlin Nob","floor":7.0,"turns":2.0},{"damage":26.0,"enemies":"Lagavulin","floor":10.0,"turns":7.0},{"damage":0.0,"enemies":"Lots of Slimes","floor":12.0,"turns":4.0},{"damage":11.0,"enemies":"Exordium Thugs","floor":13.0,"turns":5.0},{"damage":17,"enemies":"Gremlin Nob","floor":14,"turns":5},{"damage":50,"enemies":"Slime Boss","floor":16,"turns":6}],"seed_played":"8674547929735018941","potions_obtained":[{"floor":1.0,"key":"Fire Potion"},{"floor":4.0,"key":"SmokeBomb"},{"floor":5.0,"key":"SteroidPotion"}],"is_trial":false,"path_per_floor":["M","M","M","?","M","R","E","$","T","E","R","M","M","E","R","B"],"character_chosen":"DEFECT","items_purchased":["Chill","Cold Snap"],"campfire_rested":2,"item_purchase_floors":[8,8],"current_hp_per_floor":[53,52,44,44,37,37,37,37,37,11,36,36,25,8,33,0],"gold":140,"neow_bonus":"TWENTY_PERCENT_HP_BONUS","is_prod":false,"is_daily":false,"chose_seed":false,"campfire_upgraded":1,"win_rate":0,"timestamp":1541640697,"path_taken":["M","M","M","?","?","R","E","$","T","E","R","M","M","E","R","BOSS"],"build_version":"2018-11-01","purchased_purges":0,"victory":false,"max_hp_per_floor":[85,85,85,85,85,85,85,85,85,85,85,85,85,85,85,85],"card_choices":[{"not_picked":["Consume","Hologram"],"picked":"Ball Lightning","floor":1.0},{"not_picked":["Consume","Hologram"],"picked":"Capacitor","floor":2.0},{"not_picked":["Streamline","Doom and Gloom"],"picked":"Ball Lightning","floor":3.0},{"not_picked":["Sweeping Beam","Double Energy"],"picked":"White Noise","floor":5.0},{"not_picked":["Chaos","Hologram"],"picked":"Cold Snap","floor":7.0},{"not_picked":["Turbo","Beam Cell","Steam"],"picked":"Hologram","floor":10.0},{"not_picked":["Chaos","Gash","Steam","Stack"],"picked":"SKIP","floor":12.0},{"not_picked":["Cold Snap","Scrape","Compile Driver"],"picked":"Glacier","floor":13.0},{"not_picked":["Chill","Beam Cell","Hyperbeam","Turbo"],"picked":"SKIP","floor":14}],"player_experience":599203,"relics_obtained":[{"floor":7.0,"key":"Question Card"},{"floor":9.0,"key":"Gremlin Horn"},{"floor":10.0,"key":"Anchor"},{"floor":14,"key":"Pen Nib"}],"event_choices":[{"damage_healed":0.0,"max_hp_gain":0.0,"max_hp_loss":0.0,"gold_gain":0.0,"event_name":"The Woman in Blue","player_choice":"Bought 1 Potion","floor":4.0,"gold_loss":0.0,"damage_taken":0.0}],"is_beta":false,"boss_relics":[],"items_purged_floors":[],"is_endless":false,"potions_floor_spawned":[1,5],"killed_by":"Slime Boss","ascension_level":20}