{"path_per_floor":["M","?","?","M","$","R","E","M","T","R","?","M","M","M","R","B",null,"M","$","?","M","?","R","$","E","T","T","?","R","M"],"character_chosen":"DEFECT","items_purchased":["Melter","Turnip","Reinforced Body"],"gold_per_floor":[109,59,59,73,73,73,109,134,134,134,215,229,244,268,268,389,389,410,5,5,15,0,0,0,33,33,80,80,80,104,104],"floor_reached":31,"campfire_rested":5,"playtime":1223,"current_hp_per_floor":[75,75,57,53,53,75,58,52,52,74,50,53,39,33,55,20,75,48,48,48,37,37,59,59,8,8,15,15,32,26,0],"items_purged":[],"gold":104,"score":278,"play_id":"396d0407-fe88-426b-8663-dadc4da2bdbc","local_time":"20180430122245","is_prod":false,"is_daily":false,"chose_seed":false,"is_ascension_mode":false,"campfire_upgraded":0,"timestamp":1525105365,"path_taken":["M","?","?","M","$","R","E","M","T","R","?","M","M","M","R","BOSS","M","$","?","?","?","R","?","E","T","?","?","R","?","E"],"build_version":"2018-04-27v3","seed_source_timestamp":1275413512623252,"purchased_purges":0,"victory":false,"master_deck":["Defend_B","Defend_B","Zap","Dualcast","Injury","Scrape","Meteor Strike","Cold Snap","Cold Snap","Machine Learning","Cold Snap","Storm","Chaos","Chill","Ball Lightning","Echo Form","Rebound","Melter","Reinforced Body","Coolheaded","Coolheaded","Reboot","Bite","Bite","Bite","Bite","Bite","Go for the Eyes","Double Energy+1"],"max_hp_per_floor":[75,75,75,75,75,75,75,75,75,75,75,75,75,75,75,75,75,75,75,75,75,75,75,75,75,75,82,57,57,57,57],"relics":["Cracked Core","Golden Idol","Peace Pipe","Dream Catcher","Nuclear Battery","Turnip","Nloth\u0027s Gift","Bird Faced Urn","Matryoshka","Toxic Egg 2","Strawberry"],"card_choices":[{"not_picked":["Streamline","Sweeping Beam"],"picked":"Cold Snap","floor":1},{"not_picked":["Turbo","Force Field"],"picked":"Cold Snap","floor":4},{"not_picked":["Coolheaded","Capacitor"],"picked":"Machine Learning","floor":7},{"not_picked":["Turbo","Skim"],"picked":"Cold Snap","floor":8},{"not_picked":["Glacier","Coolheaded"],"picked":"Storm","floor":11},{"not_picked":["Skim","Ball Lightning"],"picked":"Chaos","floor":12},{"not_picked":["Streamline","Capacitor"],"picked":"Chill","floor":13},{"not_picked":["Undo","Reinforced Body"],"picked":"Ball Lightning","floor":15},{"not_picked":["Multi-Cast","Amplify"],"picked":"Echo Form","floor":16},{"not_picked":["Sweeping Beam","Turbo"],"picked":"Rebound","floor":18},{"not_picked":["Reinforced Body","Hologram"],"picked":"Coolheaded","floor":21},{"not_picked":["Go for the Eyes","Capacitor"],"picked":"Coolheaded","floor":23},{"not_picked":["Reprogram","Axe Kick"],"picked":"Reboot","floor":25},{"not_picked":["Sweeping Beam","Axe Kick"],"picked":"Go for the Eyes","floor":29},{"not_picked":["Glacier","Barrage"],"picked":"Double Energy","floor":30}],"player_experience":88272,"potions_floor_usage":[7,12,18,18,25,30],"damage_taken":[{"damage":0,"enemies":"Small Slimes","floor":1,"turns":3},{"damage":4,"enemies":"2 Louse","floor":4,"turns":2},{"damage":17,"enemies":"Gremlin Nob","floor":7,"turns":4},{"damage":6,"enemies":"Cultist","floor":8,"turns":3},{"damage":24,"enemies":"Lagavulin Event","floor":11,"turns":7},{"damage":6,"enemies":"3 Louse","floor":12,"turns":3},{"damage":14,"enemies":"Exordium Wildlife","floor":13,"turns":4},{"damage":6,"enemies":"2 Fungi Beasts","floor":14,"turns":4},{"damage":35,"enemies":"Slime Boss","floor":16,"turns":9},{"damage":27,"enemies":"Spheric Guardian","floor":18,"turns":6},{"damage":11,"enemies":"2 Thieves","floor":21,"turns":5},{"damage":51,"enemies":"Slavers","floor":25,"turns":7},{"damage":16,"enemies":"Centurion and Healer","floor":30,"turns":7},{"damage":45,"enemies":"Gremlin Leader","floor":31,"turns":4}],"event_choices":[{"event_name":"The Cleric","player_choice":"Card Removal","floor":2,"damage_taken":0},{"event_name":"Golden Idol","player_choice":"Take Damage","floor":3,"damage_taken":0},{"event_name":"Dead Adventurer","player_choice":"Searched \u00272\u0027 times","floor":11,"damage_taken":0},{"event_name":"N\u0027loth","player_choice":"Traded a Bottled Flame","floor":20,"damage_taken":0},{"event_name":"Masked Bandits","player_choice":"Paid Bandits 15 gold","floor":22,"damage_taken":0},{"event_name":"Vampires","player_choice":"Became a vampire","floor":28,"damage_taken":0}],"boss_relics":[{"not_picked":["Philosopher\u0027s Stone","Calling Bell"],"picked":"Nuclear Battery"}],"potions_floor_spawned":[4,11,12,16,21,25],"seed_played":"-1260100833231154838","killed_by":"Gremlin Leader","ascension_level":0,"is_trial":false}