{"gold_per_floor":[119,119,44,57,75,75,105,121,121,121,153,43,76,92,92,166,166,177,187,187,187,199,199,199],"floor_reached":24,"playtime":1275,"items_purged":[],"score":432,"play_id":"36925fc6-69ba-486b-8716-8923307fa039","local_time":"20190615192954","is_ascension_mode":true,"campfire_choices":[{"data":"Sucker Punch","floor":6.0,"key":"SMITH"},{"data":"Havoc","floor":10.0,"key":"SMITH"},{"data":"Apotheosis","floor":15.0,"key":"SMITH"},{"floor":23.0,"key":"REST"}],"neow_cost":"PERCENT_DAMAGE","seed_source_timestamp":349981728453384,"circlet_count":0,"master_deck":["AscendersBane","Strike_R","Strike_R","Defend_R","Defend_R","Defend_R","Defend_R","Bash","Havoc+1","Twin Strike","Metallicize","Sucker Punch+1","Anger","Battle Trance","Infinite Blades+1","Disarm","True Grit","Apotheosis+1","Pommel Strike","Corpse Explosion","Flame Barrier","Coolheaded","Writhe"],"special_seed":0,"relics":["Burning Blood","PrismaticShard","Bag of Marbles","Happy Flower","Frozen Egg 2","Dream Catcher","Philosopher\u0027s Stone","Mummified Hand"],"potions_floor_usage":[24],"damage_taken":[{"damage":3.0,"enemies":"Small Slimes","floor":1.0,"turns":4.0},{"damage":0.0,"enemies":"2 Louse","floor":4.0,"turns":5.0},{"damage":0.0,"enemies":"Jaw Worm","floor":5.0,"turns":4.0},{"damage":25.0,"enemies":"Lagavulin","floor":7.0,"turns":7.0},{"damage":2.0,"enemies":"2 Fungi Beasts","floor":8.0,"turns":4.0},{"damage":3.0,"enemies":"Gremlin Nob","floor":11.0,"turns":3.0},{"damage":5.0,"enemies":"Lagavulin","floor":13.0,"turns":6.0},{"damage":0.0,"enemies":"Large Slime","floor":14.0,"turns":6.0},{"damage":25.0,"enemies":"Hexaghost","floor":16.0,"turns":10.0},{"damage":28.0,"enemies":"Shell Parasite","floor":18.0,"turns":4.0},{"damage":20.0,"enemies":"Spheric Guardian","floor":19.0,"turns":5.0},{"damage":25.0,"enemies":"Shelled Parasite and Fungi","floor":22.0,"turns":4.0},{"damage":41,"enemies":"Slavers","floor":24,"turns":3}],"seed_played":"-2969897048755512252","potions_obtained":[{"floor":1.0,"key":"GamblersBrew"},{"floor":4.0,"key":"PowerPotion"},{"floor":5.0,"key":"Block Potion"},{"floor":11.0,"key":"PowerPotion"},{"floor":18.0,"key":"SpeedPotion"}],"is_trial":false,"path_per_floor":["M","?","?","M","M","R","E","M","T","R","E","$","E","M","R","B",null,"M","M","?","?","M","R","E"],"character_chosen":"IRONCLAD","items_purchased":["Disarm","True Grit"],"campfire_rested":1,"item_purchase_floors":[12,12],"current_hp_per_floor":[53,53,53,59,65,65,46,50,50,50,53,53,54,60,60,41,67,45,31,31,31,12,34,0],"gold":199,"neow_bonus":"TRANSFORM_TWO_CARDS","is_prod":false,"is_daily":false,"chose_seed":false,"campfire_upgraded":3,"win_rate":0,"timestamp":1560652194,"path_taken":["M","?","?","M","M","R","E","M","T","R","E","?","E","M","R","BOSS","M","M","?","?","M","R","E"],"build_version":"2019-01-23","purchased_purges":0,"victory":false,"max_hp_per_floor":[75,75,75,75,75,75,75,75,75,75,75,75,75,75,75,75,75,75,75,75,75,75,75,75],"card_choices":[{"not_picked":["Stack","Hologram"],"picked":"Metallicize","floor":1.0},{"not_picked":["Loop","Bandage Up","Entrench"],"picked":"SKIP","floor":4.0},{"not_picked":["Fusion","Go for the Eyes"],"picked":"Sucker Punch","floor":5.0},{"not_picked":["Choke","Chrysalis"],"picked":"Anger","floor":7.0},{"not_picked":["Well Laid Plans","Mind Blast"],"picked":"Battle Trance","floor":8.0},{"not_picked":["Finisher","Cleave"],"picked":"Infinite Blades","floor":11.0},{"not_picked":["Flash of Steel","Leap"],"picked":"Apotheosis","floor":13.0},{"not_picked":["Reflex","Havoc"],"picked":"Pommel Strike","floor":14.0},{"not_picked":["Sadistic Nature+1","Echo Form+1"],"picked":"Corpse Explosion","floor":16.0},{"not_picked":["Flash of Steel","Dropkick"],"picked":"Flame Barrier","floor":18.0},{"not_picked":["Perfected Strike","Underhanded Strike"],"picked":"Coolheaded","floor":19.0},{"not_picked":["Havoc","Reprogram","Clothesline"],"picked":"SKIP","floor":22.0}],"player_experience":797874,"relics_obtained":[{"floor":7.0,"key":"Bag of Marbles"},{"floor":9.0,"key":"Happy Flower"},{"floor":11.0,"key":"Frozen Egg 2"},{"floor":13.0,"key":"Dream Catcher"}],"event_choices":[{"damage_healed":0.0,"max_hp_gain":0.0,"max_hp_loss":0.0,"gold_gain":0.0,"event_name":"Liars Game","player_choice":"Ignored","floor":2.0,"gold_loss":0.0,"damage_taken":0.0},{"cards_removed":["Strike_R"],"damage_healed":0.0,"max_hp_gain":0.0,"max_hp_loss":0.0,"gold_gain":0.0,"event_name":"The Cleric","player_choice":"Card Removal","floor":3.0,"gold_loss":75.0,"damage_taken":0.0},{"damage_healed":0.0,"max_hp_gain":0.0,"max_hp_loss":0.0,"gold_gain":0.0,"event_name":"The Mausoleum","player_choice":"Opened","floor":20.0,"gold_loss":0.0,"damage_taken":0.0,"relics_obtained":["Mummified Hand"],"cards_obtained":["Writhe"]},{"damage_healed":0.0,"max_hp_gain":0.0,"max_hp_loss":0.0,"gold_gain":0.0,"event_name":"Vampires","player_choice":"Ignored","floor":21.0,"gold_loss":0.0,"damage_taken":0.0}],"is_beta":false,"boss_relics":[{"not_picked":["Mark of Pain","Lizard Tail"],"picked":"Philosopher\u0027s Stone"}],"items_purged_floors":[],"is_endless":false,"potions_floor_spawned":[1,4,5,11,18,19],"killed_by":"Slavers","ascension_level":20}