{"gold_per_floor":[109,129,129,144,144,144,177,177,200,219,219],"floor_reached":11,"playtime":255,"items_purged":[],"score":146,"play_id":"ee04c775-0c61-44d3-a01f-b62088f45d99","local_time":"20181106195333","is_ascension_mode":true,"campfire_choices":[{"floor":6.0,"key":"REST"},{"floor":8,"key":"REST"}],"neow_cost":"NONE","seed_source_timestamp":2322410318145104,"circlet_count":0,"master_deck":["AscendersBane","Defend_G","Defend_G","Defend_G","Defend_G","Defend_G","Strike_G","Strike_G+1","Strike_G","Strike_G","Strike_G","Survivor","Neutralize+1","Bouncing Flask","Sucker Punch","Cloak And Dagger"],"special_seed":0,"relics":["Ring of the Snake","Strawberry","Darkstone Periapt","Turnip","Pen Nib"],"potions_floor_usage":[7,11],"damage_taken":[{"damage":5.0,"enemies":"Jaw Worm","floor":1.0,"turns":8.0},{"damage":0.0,"enemies":"Cultist","floor":2.0,"turns":3.0},{"damage":2.0,"enemies":"2 Louse","floor":4.0,"turns":4.0},{"damage":45,"enemies":"Gremlin Nob","floor":7,"turns":5},{"damage":8,"enemies":"Looter","floor":10,"turns":4},{"damage":10,"enemies":"3 Sentries","floor":11,"turns":2}],"seed_played":"2472332606028226803","potions_obtained":[{"floor":4.0,"key":"SteroidPotion"},{"floor":7,"key":"GhostInAJar"}],"is_trial":false,"path_per_floor":["M","M","?","M","T","R","E","R","T","M","E"],"character_chosen":"THE_SILENT","items_purchased":[],"campfire_rested":2,"item_purchase_floors":[],"current_hp_per_floor":[61,61,39,37,37,58,13,34,34,26,16],"gold":219,"neow_bonus":"RANDOM_COMMON_RELIC","is_prod":false,"is_daily":false,"chose_seed":false,"campfire_upgraded":0,"win_rate":0,"timestamp":1541559213,"path_taken":["M","M","?","M","?","R","E","R","T","M","E"],"build_version":"2018-11-01","purchased_purges":0,"victory":false,"max_hp_per_floor":[73,73,73,73,73,73,73,73,73,73,73],"card_choices":[{"not_picked":["Bane","Dagger Throw"],"picked":"Bouncing Flask","floor":1.0},{"not_picked":["Underhanded Strike","Outmaneuver","Acrobatics"],"picked":"SKIP","floor":2.0},{"not_picked":["Bane","Quick Slash"],"picked":"Sucker Punch","floor":4.0},{"not_picked":["Predator","Slice","Outmaneuver"],"picked":"SKIP","floor":7},{"not_picked":["Underhanded Strike","Blade Dance"],"picked":"Cloak And Dagger","floor":10}],"player_experience":596378,"relics_obtained":[{"floor":5.0,"key":"Darkstone Periapt"},{"floor":7,"key":"Turnip"},{"floor":9,"key":"Pen Nib"}],"event_choices":[{"damage_healed":0.0,"max_hp_gain":0.0,"max_hp_loss":0.0,"gold_gain":0.0,"event_name":"Shining Light","player_choice":"Entered Light","floor":3.0,"gold_loss":0.0,"damage_taken":22.0,"cards_upgraded":["Neutralize","Strike_G"]}],"is_beta":false,"boss_relics":[],"items_purged_floors":[],"is_endless":false,"potions_floor_spawned":[4,7],"killed_by":"3 Sentries","ascension_level":20}