{"gold_per_floor":[18,18,18,30,30,64,76,88,123,135,147,194,231,266,278,409,421,446,458,470],"floor_reached":20,"playtime":638,"items_purged":[],"score":250,"play_id":"da310155-52de-4948-b6d4-63ed34a2018e","local_time":"20190606032755","is_ascension_mode":true,"campfire_choices":[{"data":"Headbutt","floor":7,"key":"SMITH"},{"data":"Rampage","floor":15,"key":"SMITH"}],"neow_cost":"NO_GOLD","seed_source_timestamp":1331072650664200,"circlet_count":0,"master_deck":["Strike_R","Strike_R","Strike_R","Strike_R","Strike_R","Defend_R","Defend_R+1","Defend_R+1","Bash","Iron Wave+1","Headbutt+1","Inflame","Rampage+1","Cleave","Feed+1","Clothesline+1"],"relics":["Burning Blood","War Paint","MawBank","Unceasing Top","Omamori","Golden Idol","StoneCalendar","Eternal Feather"],"potions_floor_usage":[6,12,14,16,18],"damage_taken":[{"damage":10,"enemies":"Jaw Worm","floor":1,"turns":6},{"damage":8,"enemies":"Small Slimes","floor":4,"turns":4},{"damage":29,"enemies":"3 Sentries","floor":6,"turns":11},{"damage":12,"enemies":"Gremlin Nob","floor":12,"turns":4},{"damage":0,"enemies":"Cultist","floor":13,"turns":2},{"damage":0,"enemies":"Exordium Wildlife","floor":14,"turns":4},{"damage":40,"enemies":"Hexaghost","floor":16,"turns":8},{"damage":33,"enemies":"Shell Parasite","floor":18,"turns":5},{"damage":58,"enemies":"3 Byrds","floor":20,"turns":5}],"seed_played":"813957575138890228","potions_obtained":[{"floor":4,"key":"Energy Potion"},{"floor":6,"key":"Fire Potion"},{"floor":12,"key":"Weak Potion"},{"floor":13,"key":"EssenceOfSteel"},{"floor":16,"key":"Swift Potion"}],"is_trial":false,"path_per_floor":["M","?","?","M","?","E","R","T","T","?","$","E","M","M","R","B",null,"M","?","M"],"character_chosen":"IRONCLAD","items_purchased":[],"campfire_rested":0,"item_purchase_floors":[],"current_hp_per_floor":[92,92,92,90,83,60,60,60,60,60,60,54,60,66,66,32,80,53,53,0],"gold":470,"neow_bonus":"TWENTY_PERCENT_HP_BONUS","is_prod":false,"is_daily":false,"chose_seed":false,"campfire_upgraded":2,"win_rate":0,"timestamp":1559806075,"path_taken":["M","?","?","?","?","E","R","?","T","?","$","E","M","M","R","BOSS","M","?","M"],"build_version":"2019-06-05","purchased_purges":0,"victory":false,"max_hp_per_floor":[96,96,96,96,96,96,96,96,96,96,96,96,96,96,96,96,96,96,96,100],"card_choices":[{"not_picked":["Clash","Thunderclap"],"picked":"Iron Wave","floor":1},{"not_picked":["Shrug It Off","Shockwave"],"picked":"Headbutt","floor":4},{"not_picked":["Combust","Reckless Charge","True Grit"],"picked":"SKIP","floor":6},{"not_picked":["Pummel","Cleave"],"picked":"Inflame","floor":12},{"not_picked":["Rage","Havoc"],"picked":"Rampage","floor":13},{"not_picked":["Spot Weakness","Headbutt"],"picked":"Cleave","floor":14},{"not_picked":["Fiend Fire","Reaper"],"picked":"Feed","floor":16},{"not_picked":["Clash+1","Seeing Red"],"picked":"Clothesline+1","floor":18}],"player_experience":979627,"relics_obtained":[{"floor":6,"key":"MawBank"},{"floor":8,"key":"Unceasing Top"},{"floor":9,"key":"Omamori"},{"floor":12,"key":"StoneCalendar"}],"event_choices":[{"damage_healed":0,"gold_gain":0,"player_choice":"Grow","damage_taken":0,"max_hp_gain":0,"max_hp_loss":0,"event_name":"Living Wall","floor":2,"gold_loss":0,"cards_upgraded":["Iron Wave"]},{"cards_removed":["Defend_R"],"damage_healed":0,"gold_gain":0,"player_choice":"Purged","damage_taken":0,"max_hp_gain":0,"max_hp_loss":0,"event_name":"Purifier","floor":3,"gold_loss":0},{"damage_healed":0,"gold_gain":0,"player_choice":"Success","damage_taken":7,"relics_obtained":["War Paint"],"max_hp_gain":0,"max_hp_loss":0,"event_name":"Scrap Ooze","floor":5,"gold_loss":0},{"damage_healed":0,"gold_gain":0,"player_choice":"Take Wound","damage_taken":0,"relics_obtained":["Golden Idol"],"max_hp_gain":0,"max_hp_loss":0,"event_name":"Golden Idol","floor":10,"gold_loss":0,"cards_obtained":["Injury"]},{"damage_healed":0,"gold_gain":0,"player_choice":"Upgraded","damage_taken":0,"max_hp_gain":0,"max_hp_loss":0,"event_name":"Upgrade Shrine","floor":19,"gold_loss":0,"cards_upgraded":["Feed"]}],"is_beta":true,"boss_relics":[{"not_picked":["Fusion Hammer","Mark of Pain"],"picked":"Eternal Feather"}],"items_purged_floors":[],"is_endless":false,"potions_floor_spawned":[4,6,12,13,16],"killed_by":"3 Byrds","ascension_level":5}