{"gold_per_floor":[115,129,129,148,168,168,207,382,382,426,64,64,29,53,53,183,183,208,208,221,239,664,664,684,684,684,707,48,86,106,17,17,145,145,161,161,217,136,149,149,149],"floor_reached":41,"playtime":3207,"items_purged":[],"score":610,"play_id":"a24e2ab3-01ef-4249-9247-86d5ab6eaed2","local_time":"20190411042600","is_ascension_mode":true,"campfire_choices":[{"floor":6,"key":"REST"},{"floor":12,"key":"REST"},{"floor":15,"key":"REST"},{"data":"Loop","floor":23,"key":"SMITH"},{"data":"Bandage Up","floor":32,"key":"SMITH"},{"data":"Echo Form","floor":40,"key":"SMITH"}],"neow_cost":"NONE","seed_source_timestamp":2041540368137700,"circlet_count":0,"master_deck":["Strike_B","Strike_B","Strike_B","Strike_B","Defend_B","Defend_B","Defend_B","Defend_B","Zap","Dualcast","Electrodynamics","Redo","Melter","Injury","Redo","Electrodynamics","Fusion","Doubt","Recycle","Static Discharge","Electrodynamics","Ball Lightning+1","Ghostly","Ghostly","Ghostly","Ghostly","Ghostly","Loop+1","Glacier+1","Transmutation","Sunder","All For One","Bandage Up+1","Echo Form+1","Consume"],"relics":["Cracked Core","Golden Idol","Darkstone Periapt","Bottled Flame","Thread and Needle","ClockworkSouvenir","Snecko Eye","Old Coin","Singing Bowl","Blue Candle","Bottled Lightning","DataDisk","Cursed Key","FossilizedHelix"],"potions_floor_usage":[7,10,16,18,22,24,30,33,35],"damage_taken":[{"damage":4,"enemies":"Jaw Worm","floor":1,"turns":4},{"damage":0,"enemies":"2 Louse","floor":2,"turns":1},{"damage":15,"enemies":"Small Slimes","floor":4,"turns":3},{"damage":12,"enemies":"Exordium Wildlife","floor":5,"turns":3},{"damage":10,"enemies":"3 Sentries","floor":7,"turns":3},{"damage":47,"enemies":"Gremlin Nob","floor":10,"turns":5},{"damage":17,"enemies":"Looter","floor":14,"turns":4},{"damage":33,"enemies":"The Guardian","floor":16,"turns":12},{"damage":24,"enemies":"2 Thieves","floor":18,"turns":3},{"damage":3,"enemies":"Chosen","floor":20,"turns":7},{"damage":0,"enemies":"Snake Plant","floor":21,"turns":5},{"damage":0,"enemies":"Colosseum Slavers","floor":22,"turns":4},{"damage":0,"enemies":"Colosseum Nobs","floor":22,"turns":6},{"damage":0,"enemies":"Cultist and Chosen","floor":24,"turns":4},{"damage":1,"enemies":"Snecko","floor":27,"turns":4},{"damage":1,"enemies":"Gremlin Leader","floor":29,"turns":6},{"damage":0,"enemies":"3 Cultists","floor":30,"turns":3},{"damage":38,"enemies":"Automaton","floor":33,"turns":8},{"damage":0,"enemies":"3 Shapes","floor":35,"turns":3},{"damage":1,"enemies":"2 Orb Walkers","floor":37,"turns":4},{"damage":0,"enemies":"3 Darklings","floor":39,"turns":3},{"damage":89,"enemies":"Giant Head","floor":41,"turns":9}],"seed_played":"8867342689246517221","potions_obtained":[{"floor":2,"key":"Ancient Potion"},{"floor":5,"key":"Fire Potion"},{"floor":14,"key":"SkillPotion"},{"floor":16,"key":"GamblersBrew"},{"floor":20,"key":"Strength Potion"},{"floor":22,"key":"Fire Potion"},{"floor":29,"key":"LiquidBronze"},{"floor":30,"key":"SteroidPotion"},{"floor":33,"key":"Fruit Juice"}],"is_trial":false,"path_per_floor":["M","M","?","M","M","R","E","?","T","E","$","R","?","M","R","B",null,"M","?","M","M","?","R","M","?","T","M","$","E","M","$","R","B",null,"M","?","?","$","M","R","E"],"character_chosen":"DEFECT","items_purchased":["Chrysalis","ClockworkSouvenir","Bottled Lightning","Transmutation","Sunder","All For One","Bandage Up","Consume"],"campfire_rested":3,"item_purchase_floors":[11,11,28,28,28,28,31,38],"current_hp_per_floor":[71,71,71,56,44,66,56,62,62,15,15,39,59,42,66,33,81,57,40,37,37,39,39,41,54,54,55,55,56,58,58,58,23,60,67,59,66,66,68,68,0],"gold":149,"neow_bonus":"ONE_RANDOM_RARE_CARD","is_prod":false,"is_daily":false,"chose_seed":false,"campfire_upgraded":3,"win_rate":0,"timestamp":1554971160,"path_taken":["M","M","?","M","M","R","E","?","T","E","$","R","?","M","R","BOSS","M","?","M","M","?","R","M","?","T","?","$","E","M","$","R","BOSS","M","?","?","$","M","R","E"],"build_version":"2019-04-04","purchased_purges":0,"victory":false,"max_hp_per_floor":[75,75,75,75,75,75,75,81,81,81,81,81,81,81,81,81,81,81,40,40,40,42,42,44,54,54,56,56,58,60,60,60,60,60,67,69,71,71,73,73,73],"card_choices":[{"not_picked":["Ball Lightning","Rebound"],"picked":"Redo","floor":1},{"not_picked":["Sweeping Beam","Stack"],"picked":"Melter","floor":2},{"not_picked":["Undo","Rip and Tear"],"picked":"Redo","floor":4},{"not_picked":["Steam","Conserve Battery"],"picked":"Electrodynamics","floor":5},{"not_picked":["Coolheaded","Skim"],"picked":"Fusion","floor":7},{"not_picked":["Force Field","Stack"],"picked":"Recycle","floor":10},{"not_picked":["Hologram","Turbo"],"picked":"Static Discharge","floor":14},{"not_picked":["Multi-Cast","Core Surge"],"picked":"Electrodynamics","floor":16},{"not_picked":["Gash","Hello World"],"picked":"Ball Lightning+1","floor":18},{"not_picked":["Tempest","Conserve Battery"],"picked":"Loop","floor":20},{"not_picked":["Force Field","Heatsinks"],"picked":"Glacier+1","floor":21},{"not_picked":["Go for the Eyes","Reboot","Reprogram+1"],"picked":"Singing Bowl","floor":22},{"not_picked":["Melter","Cold Snap","Genetic Algorithm"],"picked":"Singing Bowl","floor":24},{"not_picked":["Hologram","Sweeping Beam","Gash"],"picked":"Singing Bowl","floor":27},{"not_picked":["Turbo","Rainbow","Defragment"],"picked":"Singing Bowl","floor":29},{"not_picked":["Leap","Ball Lightning","Redo+1"],"picked":"Singing Bowl","floor":30},{"not_picked":["Biased Cognition","All For One"],"picked":"Echo Form","floor":33},{"not_picked":["Rebound+1","Redo+1","Leap"],"picked":"Singing Bowl","floor":35},{"not_picked":["PanicButton","Good Instincts","Swift Strike"],"picked":"Singing Bowl","floor":36},{"not_picked":["Gash+1","Beam Cell","Cold Snap+1"],"picked":"Singing Bowl","floor":37},{"not_picked":["Chaos+1","Steam","Cold Snap+1"],"picked":"Singing Bowl","floor":39}],"player_experience":781958,"relics_obtained":[{"floor":7,"key":"Darkstone Periapt"},{"floor":9,"key":"Bottled Flame"},{"floor":10,"key":"Thread and Needle"},{"floor":22,"key":"Old Coin"},{"floor":22,"key":"Singing Bowl"},{"floor":26,"key":"Blue Candle"},{"floor":29,"key":"DataDisk"},{"floor":37,"key":"FossilizedHelix"}],"event_choices":[{"damage_healed":0,"gold_gain":0,"player_choice":"Take Wound","damage_taken":0,"relics_obtained":["Golden Idol"],"max_hp_gain":0,"max_hp_loss":0,"event_name":"Golden Idol","floor":3,"gold_loss":0,"cards_obtained":["Injury"]},{"damage_healed":0,"gold_gain":175,"player_choice":"AGREE","damage_taken":0,"max_hp_gain":0,"max_hp_loss":0,"event_name":"Liars Game","floor":8,"gold_loss":0,"cards_obtained":["Doubt"]},{"damage_healed":20,"gold_gain":0,"player_choice":"Healed","damage_taken":0,"max_hp_gain":0,"max_hp_loss":0,"event_name":"The Cleric","floor":13,"gold_loss":35},{"damage_healed":0,"gold_gain":0,"player_choice":"Became a Ghost","damage_taken":0,"max_hp_gain":0,"max_hp_loss":41,"event_name":"Ghosts","floor":19,"gold_loss":0,"cards_obtained":["Ghostly","Ghostly","Ghostly","Ghostly","Ghostly"]},{"damage_healed":0,"gold_gain":0,"player_choice":"Fight","damage_taken":0,"max_hp_gain":0,"max_hp_loss":0,"event_name":"Colosseum","floor":22,"gold_loss":0},{"damage_healed":0,"gold_gain":0,"player_choice":"Fought Nobs","damage_taken":0,"max_hp_gain":0,"max_hp_loss":0,"event_name":"Colosseum","floor":22,"gold_loss":0},{"cards_removed":["Chrysalis"],"damage_healed":3,"gold_gain":0,"player_choice":"Offered Rare","damage_taken":0,"max_hp_gain":10,"max_hp_loss":0,"event_name":"Bonfire Elementals","floor":25,"gold_loss":0},{"damage_healed":0,"gold_gain":0,"player_choice":"Memory 3","damage_taken":10,"max_hp_gain":0,"max_hp_loss":0,"event_name":"SensoryStone","floor":36,"gold_loss":0},{"damage_healed":0,"gold_gain":0,"player_choice":"Fight","damage_taken":0,"max_hp_gain":0,"max_hp_loss":0,"event_name":"Mysterious Sphere","floor":37,"gold_loss":0}],"is_beta":true,"boss_relics":[{"not_picked":["Pandora\u0027s Box","Coffee Dripper"],"picked":"Snecko Eye"},{"not_picked":["Busted Crown","Runic Pyramid"],"picked":"Cursed Key"}],"items_purged_floors":[],"is_endless":false,"potions_floor_spawned":[2,5,14,16,20,22,29,30,33],"killed_by":"Giant Head","ascension_level":4}