{"gold_per_floor":[115,80,96,96,110,144,7,21,46,74,91,105,105,131,131,208,208,228,248,348,358,368,368,402,413,443,443,443,469,469,136,136,208,208,225,225,252,262,278,278,307,318,318,351,364,410,0,0,0,0,0,0,0,0,30,30],"floor_reached":56,"playtime":2806,"items_purged":["Strike_G","Strike_G"],"score":1984,"play_id":"6b8ae08e-f415-420c-b25b-41435592891a","local_time":"20190601231003","is_ascension_mode":true,"campfire_choices":[{"floor":13.0,"key":"REST"},{"floor":15.0,"key":"REST"},{"floor":23.0,"key":"REST"},{"floor":27.0,"key":"REST"},{"data":"Adrenaline","floor":30.0,"key":"SMITH"},{"data":"Crippling Poison","floor":32.0,"key":"SMITH"},{"floor":40.0,"key":"REST"},{"floor":49.0,"key":"RECALL"},{"data":"Wraith Form v2","floor":53.0,"key":"SMITH"}],"neow_cost":"NONE","seed_source_timestamp":1539151505663978,"circlet_count":0,"master_deck":["AscendersBane","Defend_G","Defend_G","Defend_G","Defend_G","Defend_G","Strike_G","Strike_G","Strike_G","Survivor","Neutralize","Bane","Predator","Deadly Poison","Adrenaline+1","Poisoned Stab","Tools of the Trade","Noxious Fumes","PiercingWail","Backflip","Backflip","Wraith Form v2","Corpse Explosion","Crippling Poison+1","Backstab","Backstab+1","PiercingWail","Bullet Time","Infinite Blades","Wraith Form v2+1","PiercingWail+1","Footwork","Crippling Poison+1"],"special_seed":0,"relics":["Ring of the Snake","Smiling Mask","Happy Flower","Pen Nib","Orichalcum","Sozu","Dead Branch","Pantograph","Regal Pillow","Tiny Chest","Shuriken","Gremlin Horn","Bottled Lightning","Snecko Eye","Omamori","Bag of Marbles","Snake Skull","Prayer Wheel","Calipers","Red Mask","Anchor"],"potions_floor_usage":[56,56],"damage_taken":[{"damage":5.0,"enemies":"2 Louse","floor":1.0,"turns":4.0},{"damage":2.0,"enemies":"Cultist","floor":3.0,"turns":4.0},{"damage":0.0,"enemies":"Jaw Worm","floor":5.0,"turns":3.0},{"damage":8.0,"enemies":"Gremlin Nob","floor":6.0,"turns":3.0},{"damage":2.0,"enemies":"3 Louse","floor":8.0,"turns":6.0},{"damage":16.0,"enemies":"3 Sentries","floor":10.0,"turns":8.0},{"damage":16.0,"enemies":"Exordium Thugs","floor":11.0,"turns":3.0},{"damage":3.0,"enemies":"Lots of Slimes","floor":12.0,"turns":4.0},{"damage":27.0,"enemies":"Gremlin Nob","floor":14.0,"turns":4.0},{"damage":13.0,"enemies":"Slime Boss","floor":16.0,"turns":7.0},{"damage":6.0,"enemies":"Chosen","floor":18.0,"turns":5.0},{"damage":0.0,"enemies":"3 Byrds","floor":19.0,"turns":2.0},{"damage":4.0,"enemies":"Colosseum Slavers","floor":20.0,"turns":3.0},{"damage":14.0,"enemies":"Colosseum Nobs","floor":20.0,"turns":3.0},{"damage":0.0,"enemies":"Centurion and Healer","floor":21.0,"turns":4.0},{"damage":10.0,"enemies":"Snake Plant","floor":22.0,"turns":3.0},{"damage":28.0,"enemies":"Slavers","floor":24.0,"turns":5.0},{"damage":14.0,"enemies":"Chosen and Byrds","floor":25.0,"turns":5.0},{"damage":0.0,"enemies":"Gremlin Leader","floor":29.0,"turns":5.0},{"damage":30.0,"enemies":"Champ","floor":33.0,"turns":9.0},{"damage":0.0,"enemies":"Orb Walker","floor":35.0,"turns":3.0},{"damage":27.0,"enemies":"3 Darklings","floor":38.0,"turns":4.0},{"damage":0.0,"enemies":"Maw","floor":39.0,"turns":6.0},{"damage":1.0,"enemies":"Giant Head","floor":41.0,"turns":6.0},{"damage":0.0,"enemies":"Jaw Worm Horde","floor":42.0,"turns":1.0},{"damage":6.0,"enemies":"Reptomancer","floor":44.0,"turns":5.0},{"damage":0.0,"enemies":"4 Shapes","floor":45.0,"turns":4.0},{"damage":0.0,"enemies":"2 Orb Walkers","floor":46.0,"turns":3.0},{"damage":30.0,"enemies":"Donu and Deca","floor":50.0,"turns":7.0},{"damage":52.0,"enemies":"Time Eater","floor":51.0,"turns":12.0},{"damage":38.0,"enemies":"Shield and Spear","floor":55.0,"turns":5.0},{"damage":62,"enemies":"The Heart","floor":56,"turns":2}],"seed_played":"-2813541461887347374","potions_obtained":[{"floor":1.0,"key":"Poison Potion"},{"floor":5.0,"key":"Energy Potion"},{"floor":8.0,"key":"EntropicBrew"},{"floor":14.0,"key":"LiquidBronze"},{"floor":16.0,"key":"Poison Potion"}],"is_trial":false,"path_per_floor":["M","?","M","?","M","E","$","M","T","E","M","M","R","E","R","B",null,"M","M","?","M","M","R","E","M","T","R","T","E","R","$","R","B",null,"M","?","T","M","M","R","E","M","T","E","M","?","$","?","R","B","B",null,"R","$","E","B"],"character_chosen":"THE_SILENT","items_purchased":["Noxious Fumes","Bottled Lightning","Footwork","Calipers"],"campfire_rested":5,"item_purchase_floors":[7,31,47,47],"current_hp_per_floor":[60,72,70,70,70,62,62,60,60,44,28,25,46,19,40,27,61,55,55,37,37,27,48,20,6,6,42,42,42,42,42,42,37,63,63,58,58,31,31,67,66,66,66,60,60,60,60,60,60,42,15,58,58,58,20,0],"gold":30,"neow_bonus":"TEN_PERCENT_HP_BONUS","is_prod":false,"is_daily":false,"chose_seed":false,"campfire_upgraded":3,"win_rate":0,"timestamp":1559455803,"path_taken":["M","?","M","?","M","E","$","M","T","E","M","M","R","E","R","BOSS","M","M","?","M","M","R","E","M","T","R","?","E","R","$","R","BOSS","M","?","?","?","M","R","E","M","T","E","M","?","$","?","R","BOSS","BOSS","R","$","E","BOSS"],"build_version":"2019-01-23","purchased_purges":2,"victory":false,"max_hp_per_floor":[72,72,72,72,72,72,72,72,72,72,72,72,72,72,72,72,72,72,72,72,72,72,72,72,72,72,72,72,72,72,72,72,72,72,72,72,72,72,72,72,72,72,72,72,72,72,72,72,72,72,72,72,72,72,72,72],"card_choices":[{"not_picked":["Caltrops","Outmaneuver"],"picked":"Bane","floor":1.0},{"not_picked":["Flying Knee","Backflip"],"picked":"Predator","floor":3.0},{"not_picked":["Outmaneuver","Blur"],"picked":"Poisoned Stab","floor":5.0},{"not_picked":["Prepared","Bane"],"picked":"Tools of the Trade","floor":6.0},{"not_picked":["Concentrate","Bane"],"picked":"PiercingWail","floor":8.0},{"not_picked":["Quick Slash","Expertise","Predator"],"picked":"SKIP","floor":10.0},{"not_picked":["Dash","Quick Slash"],"picked":"Backflip","floor":11.0},{"not_picked":["Setup","Predator"],"picked":"Backflip","floor":12.0},{"not_picked":["Flechettes","Blur"],"picked":"Wraith Form v2","floor":14.0},{"not_picked":["Venomology","Adrenaline"],"picked":"Corpse Explosion","floor":16.0},{"not_picked":["Bane","Slice+1"],"picked":"Crippling Poison","floor":18.0},{"not_picked":["Prepared","Backflip"],"picked":"Backstab","floor":19.0},{"not_picked":["Deflect+1","Bane"],"picked":"Backstab+1","floor":20.0},{"not_picked":["Tactician","Dagger Throw","Masterful Stab"],"picked":"SKIP","floor":21.0},{"not_picked":["Blade Dance","Dagger Spray","Deadly Poison"],"picked":"SKIP","floor":22.0},{"not_picked":["Dash","Setup","Deadly Poison+1"],"picked":"SKIP","floor":24.0},{"not_picked":["Dagger Throw","All Out Attack","Dagger Spray+1"],"picked":"SKIP","floor":25.0},{"not_picked":["Blade Dance","Flying Knee"],"picked":"PiercingWail","floor":29.0},{"not_picked":["Phantasmal Killer","Storm of Steel"],"picked":"Bullet Time","floor":33.0},{"not_picked":["Bane","Deflect","Choke"],"picked":"SKIP","floor":35.0},{"not_picked":["PiercingWail+1","Acrobatics+1"],"picked":"Infinite Blades","floor":38.0},{"not_picked":["Blade Dance+1","Flechettes","Quick Slash"],"picked":"SKIP","floor":39.0},{"not_picked":["Poisoned Stab","Escape Plan"],"picked":"Wraith Form v2","floor":41.0},{"not_picked":["Dagger Spray+1","Blur","Endless Agony"],"picked":"SKIP","floor":42.0},{"not_picked":["Die Die Die","Distraction+1","Flechettes"],"picked":"SKIP","floor":44.0},{"not_picked":["Dagger Spray+1","Eviscerate"],"picked":"PiercingWail+1","floor":45.0},{"not_picked":["Bane","Distraction"],"picked":"Crippling Poison+1","floor":55.0}],"player_experience":771408,"relics_obtained":[{"floor":6.0,"key":"Smiling Mask"},{"floor":9.0,"key":"Happy Flower"},{"floor":10.0,"key":"Pen Nib"},{"floor":14.0,"key":"Orichalcum"},{"floor":20.0,"key":"Dead Branch"},{"floor":20.0,"key":"Pantograph"},{"floor":24.0,"key":"Regal Pillow"},{"floor":26.0,"key":"Tiny Chest"},{"floor":28.0,"key":"Shuriken"},{"floor":29.0,"key":"Gremlin Horn"},{"floor":37.0,"key":"Omamori"},{"floor":41.0,"key":"Bag of Marbles"},{"floor":44.0,"key":"Snake Skull"},{"floor":46.0,"key":"Prayer Wheel"},{"floor":55.0,"key":"Anchor"}],"event_choices":[{"damage_healed":18.0,"max_hp_gain":0.0,"max_hp_loss":0.0,"gold_gain":0.0,"event_name":"The Cleric","player_choice":"Healed","floor":2.0,"gold_loss":35.0,"damage_taken":0.0},{"damage_healed":0.0,"max_hp_gain":0.0,"max_hp_loss":0.0,"gold_gain":0.0,"event_name":"Match and Keep!","player_choice":"2 cards matched","floor":4.0,"gold_loss":0.0,"damage_taken":0.0,"cards_obtained":["Deadly Poison","Adrenaline"]},{"damage_healed":0.0,"max_hp_gain":0.0,"max_hp_loss":0.0,"gold_gain":0.0,"event_name":"Colosseum","player_choice":"Fight","floor":20.0,"gold_loss":0.0,"damage_taken":0.0},{"damage_healed":0.0,"max_hp_gain":0.0,"max_hp_loss":0.0,"gold_gain":0.0,"event_name":"Colosseum","player_choice":"Fought Nobs","floor":20.0,"gold_loss":0.0,"damage_taken":0.0},{"damage_healed":0.0,"max_hp_gain":0.0,"max_hp_loss":0.0,"gold_gain":0.0,"event_name":"SensoryStone","player_choice":"Memory 2","floor":36.0,"gold_loss":0.0,"damage_taken":5.0},{"damage_healed":0.0,"max_hp_gain":0.0,"max_hp_loss":0.0,"gold_gain":0.0,"event_name":"Mysterious Sphere","player_choice":"Fight","floor":46.0,"gold_loss":0.0,"damage_taken":0.0},{"damage_healed":0.0,"max_hp_gain":0.0,"max_hp_loss":0.0,"gold_gain":0.0,"event_name":"Tomb of Lord Red Mask","player_choice":"Paid","floor":48.0,"gold_loss":0.0,"damage_taken":0.0,"relics_obtained":["Red Mask"]}],"is_beta":false,"boss_relics":[{"not_picked":["Tiny House","Ring of the Serpent"],"picked":"Sozu"},{"not_picked":["Cursed Key","WristBlade"],"picked":"Snecko Eye"}],"items_purged_floors":[7,31],"is_endless":false,"potions_floor_spawned":[1,5,8,14,16,20,21,24,25,33,39,41,42,45],"killed_by":"The Heart","ascension_level":20}