{"path_per_floor":["M","?","$","M","?","?","R","M","T","$","M","R","M","M","R","B",null,"M","M","?","?","$","R","M"],"character_chosen":"DEFECT","items_purchased":["White Noise","Defragment","Symbiotic Virus"],"gold_per_floor":[115,115,41,57,57,57,57,71,71,4,14,14,25,42,42,139,139,149,165,165,265,4,4,22,22],"floor_reached":25,"campfire_rested":4,"playtime":1105,"current_hp_per_floor":[73,70,70,64,49,49,71,64,64,64,52,74,45,25,47,18,75,29,6,6,6,6,28,2,0],"items_purged":[],"gold":22,"score":193,"play_id":"b03511b1-0c6f-4557-a463-4e47252ef9fd","local_time":"20180515092946","is_prod":false,"is_daily":false,"chose_seed":false,"is_ascension_mode":false,"campfire_upgraded":0,"timestamp":1526390986,"path_taken":["M","?","$","M","?","?","R","M","T","?","?","R","M","M","R","BOSS","M","M","?","?","?","R","M","M"],"build_version":"2018-05-14v2","seed_source_timestamp":152888629331800,"purchased_purges":0,"victory":false,"master_deck":["Strike_B","Strike_B","Strike_B+1","Defend_B","Defend_B","Defend_B+1","Defend_B","Zap","Dualcast","Gash","White Noise","Loop","Normality","Gash","Defragment","Coolheaded","Meteor Strike","Biased Cognition","Beam Cell"],"max_hp_per_floor":[75,75,75,75,75,75,75,75,75,75,75,75,75,75,75,75,75,75,75,75,75,75,75,75,75],"relics":["Nuclear Battery","Orichalcum","Ancient Tea Set","Lantern","White Beast Statue","Symbiotic Virus"],"card_choices":[{"not_picked":["Rebound","Ball Lightning"],"picked":"Gash","floor":1},{"not_picked":["Sweeping Beam","Auto Shields"],"picked":"Loop","floor":4},{"not_picked":["Double Energy","Skim"],"picked":"Gash","floor":8},{"not_picked":["Capacitor","Streamline","Hello World"],"picked":"SKIP","floor":11},{"not_picked":["Axe Kick","Steam"],"picked":"Coolheaded","floor":13},{"not_picked":["Genetic Algorithm","Streamline"],"picked":"Meteor Strike","floor":14},{"not_picked":["Rainbow","Electrodynamics"],"picked":"Biased Cognition","floor":16},{"not_picked":["Axe Kick","Capacitor","Sweeping Beam"],"picked":"SKIP","floor":18},{"not_picked":["Skim","Stack","Rip and Tear"],"picked":"SKIP","floor":19},{"not_picked":["Ball Lightning+1","Steam"],"picked":"Beam Cell","floor":24}],"player_experience":267872,"potions_floor_usage":[4,11,16,24,24,25],"damage_taken":[{"damage":2,"enemies":"2 Louse","floor":1,"turns":3},{"damage":6,"enemies":"Jaw Worm","floor":4,"turns":2},{"damage":7,"enemies":"Cultist","floor":8,"turns":5},{"damage":12,"enemies":"3 Louse","floor":11,"turns":3},{"damage":29,"enemies":"Gremlin Gang","floor":13,"turns":6},{"damage":20,"enemies":"Lots of Slimes","floor":14,"turns":4},{"damage":36,"enemies":"The Guardian","floor":16,"turns":12},{"damage":46,"enemies":"3 Byrds","floor":18,"turns":9},{"damage":23,"enemies":"Shell Parasite","floor":19,"turns":7},{"damage":26,"enemies":"Snake Plant","floor":24,"turns":4},{"damage":8,"enemies":"Sentry and Sphere","floor":25,"turns":2}],"relics_obtained":[{"floor":9,"key":"Lantern"}],"event_choices":[{"event_name":"Scrap Ooze","player_choice":"success","floor":2,"damage_taken":3},{"event_name":"Shining Light","player_choice":"Entered Light","floor":5,"damage_taken":0},{"event_name":"Accursed Blacksmith","player_choice":"Rummage","floor":6,"damage_taken":0},{"event_name":"Back to Basics","player_choice":"Elegance","floor":20,"damage_taken":0},{"event_name":"Golden Shrine","player_choice":"Pray","floor":21,"damage_taken":0}],"boss_relics":[{"not_picked":["Runic Pyramid","Calling Bell"],"picked":"White Beast Statue"}],"potions_floor_spawned":[1,8,14,18,19,24],"seed_played":"-1638346638055596645","killed_by":"Sentry and Sphere","ascension_level":0,"potions_obtained":[{"floor":1,"key":"Explosive Potion"},{"floor":8,"key":"PowerPotion"},{"floor":14,"key":"Swift Potion"},{"floor":18,"key":"Dexterity Potion"},{"floor":19,"key":"SpeedPotion"},{"floor":24,"key":"GamblersBrew"}],"is_trial":false}