{"gold_per_floor":[113,123,139,151,161,161,194,194,242,268,268,301,301,301,301,379,379,379,379,379,379,135,135,0,0,0,0,0,0,0,0,0,0,0,0,0,0,0,0,0,0,0,0,0,0,0,0,0,0,0,0],"floor_reached":51,"playtime":2118,"items_purged":["Regret"],"score":1693,"play_id":"e6207fd9-f62b-490e-8ea9-b61abbe34b5e","local_time":"20181105211707","is_ascension_mode":true,"campfire_choices":[{"data":"Zap","floor":6.0,"key":"SMITH"},{"data":"Fission","floor":8.0,"key":"SMITH"},{"data":"Go for the Eyes","floor":13.0,"key":"SMITH"},{"data":"Electrodynamics","floor":15.0,"key":"SMITH"},{"floor":32.0,"key":"REST"},{"floor":44,"key":"REST"},{"data":"Hologram","floor":46,"key":"SMITH"},{"floor":49,"key":"REST"}],"neow_cost":"NONE","seed_source_timestamp":2239039259887972,"circlet_count":0,"master_deck":["AscendersBane","Strike_B+1","Strike_B+1","Defend_B","Defend_B","Defend_B","Defend_B","Zap+1","Dualcast","Electrodynamics+1","Glacier","Conserve Battery","Cold Snap","Fission+1","Go for the Eyes+1","Ball Lightning","Echo Form","Coolheaded+1","Defragment+1","BootSequence","Reinforced Body","Coolheaded+1","Hologram+1","Stack","Seek","Ball Lightning+1","Loop+1","Coolheaded+1"],"special_seed":0,"relics":["Cracked Core","Whetstone","DataDisk","Darkstone Periapt","Juzu Bracelet","Ectoplasm","Oddly Smooth Stone","Anchor","Meat on the Bone","Vajra","Mango","Empty Cage","Gambling Chip","Red Mask","Ornamental Fan","Regal Pillow","Happy Flower","Singing Bowl"],"potions_floor_usage":[42,48,51],"damage_taken":[{"damage":0.0,"enemies":"2 Louse","floor":1.0,"turns":1.0},{"damage":12.0,"enemies":"Jaw Worm","floor":2.0,"turns":4.0},{"damage":0.0,"enemies":"Small Slimes","floor":3.0,"turns":2.0},{"damage":2.0,"enemies":"Red Slaver","floor":4.0,"turns":4.0},{"damage":4.0,"enemies":"3 Louse","floor":5.0,"turns":3.0},{"damage":4.0,"enemies":"3 Sentries","floor":7.0,"turns":5.0},{"damage":5.0,"enemies":"Gremlin Nob","floor":10.0,"turns":3.0},{"damage":3.0,"enemies":"3 Sentries","floor":12.0,"turns":2.0},{"damage":0.0,"enemies":"Slime Boss","floor":16.0,"turns":5.0},{"damage":0.0,"enemies":"3 Byrds","floor":18.0,"turns":3.0},{"damage":0.0,"enemies":"Spheric Guardian","floor":19.0,"turns":3.0},{"damage":22.0,"enemies":"Snake Plant","floor":21.0,"turns":4.0},{"damage":7.0,"enemies":"Book of Stabbing","floor":23.0,"turns":4.0},{"damage":18.0,"enemies":"Gremlin Leader","floor":25.0,"turns":5.0},{"damage":17.0,"enemies":"Slavers","floor":28.0,"turns":4.0},{"damage":3.0,"enemies":"Cultist and Chosen","floor":29.0,"turns":5.0},{"damage":0.0,"enemies":"Centurion and Healer","floor":30.0,"turns":3.0},{"damage":9.0,"enemies":"Automaton","floor":33.0,"turns":10.0},{"damage":0.0,"enemies":"3 Shapes","floor":35.0,"turns":3.0},{"damage":14.0,"enemies":"2 Orb Walkers","floor":37.0,"turns":4.0},{"damage":7.0,"enemies":"Orb Walker","floor":38.0,"turns":3.0},{"damage":19,"enemies":"Giant Head","floor":40,"turns":13},{"damage":49,"enemies":"Reptomancer","floor":42,"turns":5},{"damage":0,"enemies":"Giant Head","floor":48,"turns":8},{"damage":20,"enemies":"Donu and Deca","floor":50,"turns":12},{"damage":77,"enemies":"Time Eater","floor":51,"turns":26}],"seed_played":"8734913107063711644","potions_obtained":[{"floor":1.0,"key":"EntropicBrew"},{"floor":2.0,"key":"Swift Potion"},{"floor":5.0,"key":"Fire Potion"},{"floor":12.0,"key":"PowerPotion"},{"floor":16.0,"key":"Fire Potion"},{"floor":19.0,"key":"Strength Potion"},{"floor":25.0,"key":"LiquidBronze"},{"floor":28.0,"key":"PowerPotion"},{"floor":29.0,"key":"Explosive Potion"},{"floor":38.0,"key":"FocusPotion"},{"floor":42,"key":"Block Potion"}],"is_trial":false,"path_per_floor":["M","M","M","M","M","R","E","R","T","E","?","E","R","?","R","B",null,"M","M","?","M","$","E","?","E","T","?","E","M","M","?","R","B",null,"M","?","?","M","?","E","?","E","T","R","$","R","$","E","R","B","B"],"character_chosen":"DEFECT","items_purchased":["Oddly Smooth Stone"],"campfire_rested":3,"item_purchase_floors":[22],"current_hp_per_floor":[64,52,52,50,46,46,42,42,42,37,37,34,34,39,39,39,67,67,67,73,51,51,44,44,26,26,26,35,51,51,51,79,77,91,96,86,79,72,72,60,60,23,23,66,66,66,66,66,96,76,0],"gold":0,"neow_bonus":"ONE_RANDOM_RARE_CARD","is_prod":false,"is_daily":false,"chose_seed":false,"campfire_upgraded":5,"win_rate":0,"timestamp":1541477827,"path_taken":["M","M","M","M","M","R","E","R","T","E","?","E","R","?","R","BOSS","M","M","?","M","$","E","?","E","T","?","E","M","M","?","R","BOSS","M","?","?","M","?","E","?","E","T","R","$","R","?","E","R","BOSS","BOSS"],"build_version":"2018-11-01","purchased_purges":1,"victory":false,"max_hp_per_floor":[71,71,71,71,71,71,71,71,71,71,71,71,71,76,76,76,76,76,76,82,82,82,82,82,82,82,82,96,96,96,96,96,96,96,96,96,96,96,96,96,96,96,96,96,96,96,96,96,96,96,96],"card_choices":[{"not_picked":["Conserve Battery","Stack"],"picked":"Glacier","floor":1.0},{"not_picked":["Beam Cell","Cold Snap"],"picked":"Conserve Battery","floor":2.0},{"not_picked":["Heatsinks","Rip and Tear","Cold Snap"],"picked":"SKIP","floor":3.0},{"not_picked":["Rebound","Force Field"],"picked":"Cold Snap","floor":4.0},{"not_picked":["Streamline","Heatsinks","Storm"],"picked":"SKIP","floor":5.0},{"not_picked":["Cold Snap","Buffer"],"picked":"Fission","floor":7.0},{"not_picked":["Streamline","Stack"],"picked":"Go for the Eyes","floor":10.0},{"not_picked":["Melter","Rebound"],"picked":"Ball Lightning","floor":12.0},{"not_picked":["Amplify","Seek"],"picked":"Echo Form","floor":16.0},{"not_picked":["Static Discharge","Leap"],"picked":"Coolheaded+1","floor":18.0},{"not_picked":["BootSequence","Redo+1"],"picked":"Defragment+1","floor":19.0},{"not_picked":["Cold Snap","Steam Power"],"picked":"BootSequence","floor":21.0},{"not_picked":["Coolheaded","Double Energy+1"],"picked":"Reinforced Body","floor":23.0},{"not_picked":["Barrage","BootSequence"],"picked":"Coolheaded+1","floor":25.0},{"not_picked":["Sweeping Beam+1","Fusion"],"picked":"Self Repair","floor":28.0},{"not_picked":["Conserve Battery","Stack"],"picked":"Hologram","floor":29.0},{"not_picked":["Auto Shields","Darkness"],"picked":"Stack","floor":30.0},{"not_picked":["Rainbow","Meteor Strike"],"picked":"Seek","floor":33.0},{"not_picked":["Gash","Rebound","Coolheaded"],"picked":"SKIP","floor":35.0},{"not_picked":["Rebound+1","Sweeping Beam","Streamline"],"picked":"SKIP","floor":38.0},{"not_picked":["Tempest","Go for the Eyes"],"picked":"Ball Lightning+1","floor":40},{"not_picked":["Aggregate+1","Stack"],"picked":"Loop+1","floor":42},{"not_picked":["Barrage","Leap+1"],"picked":"Coolheaded+1","floor":48}],"player_experience":591695,"relics_obtained":[{"floor":7.0,"key":"Whetstone"},{"floor":9.0,"key":"DataDisk"},{"floor":10.0,"key":"Darkstone Periapt"},{"floor":12.0,"key":"Juzu Bracelet"},{"floor":23.0,"key":"Anchor"},{"floor":25.0,"key":"Meat on the Bone"},{"floor":26.0,"key":"Vajra"},{"floor":28.0,"key":"Mango"},{"floor":37.0,"key":"Gambling Chip"},{"floor":40,"key":"Ornamental Fan"},{"floor":42,"key":"Regal Pillow"},{"floor":43,"key":"Happy Flower"},{"floor":48,"key":"Singing Bowl"}],"event_choices":[{"damage_healed":0.0,"max_hp_gain":0.0,"max_hp_loss":0.0,"gold_gain":0.0,"event_name":"Liars Game","player_choice":"Ignored","floor":11.0,"gold_loss":0.0,"damage_taken":0.0},{"damage_healed":0.0,"max_hp_gain":5.0,"max_hp_loss":0.0,"gold_gain":0.0,"event_name":"Big Fish","player_choice":"Donut","floor":14.0,"gold_loss":0.0,"damage_taken":0.0},{"damage_healed":0.0,"max_hp_gain":0.0,"max_hp_loss":0.0,"gold_gain":0.0,"event_name":"Match and Keep!","player_choice":"1 cards matched","floor":20.0,"gold_loss":0.0,"damage_taken":0.0,"cards_obtained":["Regret"]},{"damage_healed":0.0,"max_hp_gain":0.0,"max_hp_loss":0.0,"gold_gain":0.0,"event_name":"Masked Bandits","player_choice":"Paid Fearfully","floor":24.0,"gold_loss":135.0,"damage_taken":0.0},{"damage_healed":0.0,"max_hp_gain":0.0,"max_hp_loss":0.0,"gold_gain":0.0,"event_name":"Ghosts","player_choice":"Ignored","floor":27.0,"gold_loss":0.0,"damage_taken":0.0},{"damage_healed":0.0,"max_hp_gain":0.0,"max_hp_loss":0.0,"gold_gain":0.0,"event_name":"Vampires","player_choice":"Ignored","floor":31.0,"gold_loss":0.0,"damage_taken":0.0},{"damage_healed":0.0,"max_hp_gain":0.0,"max_hp_loss":0.0,"gold_gain":0.0,"event_name":"SensoryStone","player_choice":"Memory 3","floor":36.0,"gold_loss":0.0,"damage_taken":10.0},{"damage_healed":0.0,"max_hp_gain":0.0,"max_hp_loss":0.0,"gold_gain":0.0,"event_name":"Mysterious Sphere","player_choice":"Fight","floor":37.0,"gold_loss":0.0,"damage_taken":0.0},{"damage_healed":0.0,"max_hp_gain":0.0,"max_hp_loss":0.0,"gold_gain":0.0,"event_name":"Tomb of Lord Red Mask","player_choice":"Paid","floor":39.0,"gold_loss":0.0,"damage_taken":0.0,"relics_obtained":["Red Mask"]},{"cards_removed":["Self Repair"],"damage_healed":0,"gold_gain":0,"player_choice":"Removed Power","damage_taken":0,"max_hp_gain":0,"max_hp_loss":0,"event_name":"Falling","floor":41,"gold_loss":0}],"is_beta":false,"boss_relics":[{"not_picked":["Eternal Feather","Coffee Dripper"],"picked":"Ectoplasm"},{"not_picked":["Sozu","Orrery"],"picked":"Empty Cage"}],"items_purged_floors":[22],"is_endless":false,"potions_floor_spawned":[1,2,5,12,16,19,25,28,29,35,38,42],"killed_by":"Time Eater","ascension_level":20}