{"path_per_floor":["M","?","M","?","M","E","R","M","T","?","M","?","M","M","R","B",null,"M","$","?","M","?","R","?","R","T","M","M","M","M","M","R","B",null,"M","$","?","?","M","R","M","R","T","M","?","T","M","$","R","B"],"character_chosen":"IRONCLAD","items_purchased":["Whirlwind","Rupture","Juzu Bracelet","Vajra","Toolbox","Happy Flower","Dark Shackles","Poison Potion","Rupture"],"gold_per_floor":[113,113,130,130,148,174,174,187,259,259,279,279,298,312,312,438,438,454,377,377,402,402,402,402,402,427,452,476,494,517,541,541,661,661,674,34,367,367,377,377,393,393,445,465,465,488,503,129,129,129],"floor_reached":51,"campfire_rested":4,"playtime":2124,"current_hp_per_floor":[39,23,23,49,59,45,71,67,67,67,63,63,43,49,73,19,81,63,63,40,38,38,38,38,38,38,40,40,25,14,19,31,31,40,41,41,41,41,40,40,42,42,42,33,33,33,23,23,35,7],"items_purged":[],"gold":129,"score":754,"play_id":"353b6e43-9858-4179-bb0c-4aa52b85f92d","local_time":"20180401084052","is_prod":false,"is_daily":false,"is_ascension_mode":false,"campfire_upgraded":4,"timestamp":1522586452,"path_taken":["M","?","M","?","?","E","R","M","T","?","M","?","M","M","R","BOSS","M","$","?","M","?","R","?","R","T","?","M","M","M","?","R","BOSS","M","$","?","?","M","R","M","R","T","M","?","?","M","?","R","BOSS"],"build_version":"2018-03-29v2","purchased_purges":0,"victory":true,"master_deck":["Strike_R+1","Strike_R+1","Strike_R+1","Strike_R+1","Defend_R+1","Defend_R+1","Defend_R+1","Defend_R+1","Bash","Demon Form","Seeing Red+1","Ghostly Armor","Body Slam","Barricade","Demon Form","Disarm","Whirlwind+1","Ghostly","Ghostly","Ghostly","Ghostly","Ghostly","Seeing Red+1","Dual Wield+1","Feed+1","Rupture","Demon Form","Rupture","Dark Shackles","Rupture","Brutality"],"max_hp_per_floor":[80,80,80,80,80,87,87,87,87,87,87,81,81,81,81,81,81,81,81,40,40,40,40,40,40,40,40,40,40,40,40,40,40,40,43,43,43,43,43,43,43,43,43,43,43,43,43,43,43,43],"relics":["Burning Blood","Strawberry","Letter Opener","Velvet Choker","Pen Nib","Mark of Pain","Juzu Bracelet","Vajra","Toolbox","Dream Catcher","Prayer Wheel","Happy Flower"],"card_choices":[{"not_picked":["Juggernaut","Limit Break"],"picked":"Demon Form","floor":0},{"not_picked":["Wild Strike","Sword Boomerang"],"picked":"Seeing Red","floor":5},{"not_picked":["Entrench","Shockwave"],"picked":"Ghostly Armor","floor":8},{"not_picked":["Evolve","Ghostly Armor"],"picked":"Barricade","floor":11},{"not_picked":["Offering","Dark Embrace"],"picked":"Demon Form","floor":16},{"not_picked":["Havoc","Sentinel"],"picked":"Disarm","floor":18},{"not_picked":["Pommel Strike","Burning Pact"],"picked":"Seeing Red","floor":21},{"not_picked":["Blood for Blood","Iron Wave"],"picked":"Dual Wield","floor":30},{"not_picked":["Fiend Fire","Barricade"],"picked":"Feed","floor":33},{"not_picked":["Second Wind","Metallicize"],"picked":"Demon Form","floor":41},{"not_picked":["Pommel Strike","Clothesline"],"picked":"Rupture","floor":44},{"not_picked":["Thunderclap","Spot Weakness"],"picked":"Brutality","floor":49}],"player_experience":574967,"potions_floor_usage":[5,11,13,16,30,31,33,41,50,50,50],"damage_taken":[{"damage":7,"enemies":"Small Slimes","floor":1,"turns":6},{"damage":6,"enemies":"2 Louse","floor":3,"turns":3},{"damage":5,"enemies":"Jaw Worm","floor":5,"turns":4},{"damage":27,"enemies":"Gremlin Nob","floor":6,"turns":4},{"damage":10,"enemies":"Looter","floor":8,"turns":4},{"damage":10,"enemies":"Exordium Thugs","floor":11,"turns":4},{"damage":26,"enemies":"Large Slime","floor":13,"turns":8},{"damage":0,"enemies":"2 Fungi Beasts","floor":14,"turns":4},{"damage":75,"enemies":"The Guardian","floor":16,"turns":12},{"damage":24,"enemies":"3 Byrds","floor":18,"turns":5},{"damage":8,"enemies":"Shell Parasite","floor":21,"turns":9},{"damage":0,"enemies":"Snecko","floor":27,"turns":7},{"damage":5,"enemies":"3 Cultists","floor":28,"turns":5},{"damage":21,"enemies":"Snake Plant","floor":29,"turns":6},{"damage":32,"enemies":"Chosen and Byrds","floor":30,"turns":9},{"damage":1,"enemies":"Snecko","floor":31,"turns":6},{"damage":6,"enemies":"Collector","floor":33,"turns":8},{"damage":8,"enemies":"3 Shapes","floor":35,"turns":7},{"damage":7,"enemies":"3 Darklings","floor":39,"turns":3},{"damage":4,"enemies":"Sphere and 2 Shapes","floor":41,"turns":4},{"damage":15,"enemies":"4 Shapes","floor":44,"turns":2},{"damage":16,"enemies":"Maw","floor":47,"turns":9},{"damage":34,"enemies":"Donu and Deca","floor":50,"turns":8}],"event_choices":[{"event_name":"Shining Light","player_choice":"Entered Light","floor":2,"damage_taken":0},{"event_name":"Big Fish","player_choice":"Banana","floor":4,"damage_taken":0},{"event_name":"Match and Keep!","player_choice":"1 cards matched","floor":10,"damage_taken":0},{"event_name":"Golden Idol","player_choice":"Lose Max HP","floor":12,"damage_taken":0},{"event_name":"Ghosts","player_choice":"Became a Ghost","floor":20,"damage_taken":0},{"event_name":"Vampires","player_choice":"Ignored","floor":22,"damage_taken":0},{"event_name":"Back to Basics","player_choice":"Simplicity","floor":24,"damage_taken":0},{"event_name":"The Moai Head","player_choice":"Gave Idol","floor":37,"damage_taken":0},{"event_name":"Tomb of Lord Red Mask","player_choice":"Ignored","floor":38,"damage_taken":0}],"boss_relics":[{"not_picked":["Tiny House","Astrolabe"],"picked":"Velvet Choker"},{"not_picked":["White Beast Statue","Runic Pyramid"],"picked":"Mark of Pain"}],"potions_floor_spawned":[3,8,11,14,29,30,31,39,41,47],"seed_played":"8497529777565397068","ascension_level":0,"is_trial":false}