{"gold_per_floor":[365,379,396,411,426,426,426,442,442,442,44,44,61,81,81,180,180,191,7,34,34,51,51,83,101,101,101,101,101],"floor_reached":29,"playtime":2801,"items_purged":["Injury"],"score":249,"play_id":"ecfab013-eb20-47ea-a991-2335265fc3c4","local_time":"20190705062434","is_ascension_mode":true,"campfire_choices":[{"data":"Infernal Blade","floor":6,"key":"SMITH"},{"data":"Bash","floor":10,"key":"SMITH"},{"data":"Corruption","floor":12,"key":"SMITH"},{"floor":15,"key":"REST"},{"data":"Apotheosis","floor":23,"key":"SMITH"},{"floor":27,"key":"REST"}],"neow_cost":"CURSE","seed_source_timestamp":761259949911441,"circlet_count":0,"master_deck":["Strike_R","Strike_R","Strike_R","Strike_R","Strike_R","Defend_R","Defend_R","Defend_R","Bash+1","Infernal Blade+1","Perfected Strike","Headbutt","Headbutt","True Grit","Pummel","Impervious","Corruption+1","Spot Weakness","Flame Barrier","Burning Pact","Feed","Infernal Blade+1","Apotheosis+1","Armaments","Mind Blast","Shrug It Off","Rampage+1","Anger"],"relics":["Black Blood","FossilizedHelix","Strange Spoon","Red Mask","Lantern","Meat on the Bone","Nilry\u0027s Codex"],"potions_floor_usage":[16,16,20],"damage_taken":[{"damage":5,"enemies":"Cultist","floor":1,"turns":4},{"damage":3,"enemies":"Small Slimes","floor":2,"turns":3},{"damage":4,"enemies":"2 Louse","floor":3,"turns":3},{"damage":20,"enemies":"Large Slime","floor":4,"turns":7},{"damage":20,"enemies":"Red Slaver","floor":5,"turns":4},{"damage":23,"enemies":"Exordium Wildlife","floor":8,"turns":4},{"damage":0,"enemies":"Large Slime","floor":13,"turns":5},{"damage":6,"enemies":"Lots of Slimes","floor":14,"turns":4},{"damage":33,"enemies":"The Guardian","floor":16,"turns":8},{"damage":25,"enemies":"Shell Parasite","floor":18,"turns":6},{"damage":29,"enemies":"Masked Bandits","floor":20,"turns":5},{"damage":7,"enemies":"2 Thieves","floor":22,"turns":4},{"damage":27,"enemies":"Gremlin Leader","floor":24,"turns":4},{"damage":39,"enemies":"Cultist and Chosen","floor":25,"turns":8},{"damage":27,"enemies":"Centurion and Healer","floor":29,"turns":4}],"seed_played":"8453532958604334643","potions_obtained":[{"floor":1,"key":"Poison Potion"},{"floor":4,"key":"Energy Potion"},{"floor":16,"key":"Regen Potion"},{"floor":20,"key":"SteroidPotion"},{"floor":24,"key":"Explosive Potion"},{"floor":25,"key":"SteroidPotion"}],"is_trial":false,"path_per_floor":["M","M","M","M","M","R","?","M","T","R","$","R","M","M","R","B",null,"M","$","?","?","M","R","E","M","T","R","?","M"],"character_chosen":"IRONCLAD","items_purchased":["Corruption","Strange Spoon","Spot Weakness","Apotheosis"],"campfire_rested":2,"item_purchase_floors":[11,11,11,19],"current_hp_per_floor":[80,80,80,66,52,52,52,35,35,35,35,35,41,41,65,38,80,68,68,58,58,64,64,47,18,18,43,27,0],"gold":101,"neow_bonus":"TWO_FIFTY_GOLD","is_prod":false,"is_daily":false,"chose_seed":false,"campfire_upgraded":4,"win_rate":0,"timestamp":1562322274,"path_taken":["M","?","M","M","M","R","?","M","T","R","$","R","?","M","R","BOSS","M","$","?","?","?","R","E","M","T","R","?","M"],"build_version":"2019-07-01","purchased_purges":1,"victory":false,"max_hp_per_floor":[80,80,80,80,80,80,80,80,80,80,80,80,80,80,80,80,80,83,83,83,83,86,86,86,86,86,86,86,86],"card_choices":[{"not_picked":["Headbutt","Power Through"],"picked":"Infernal Blade","floor":1},{"not_picked":["Warcry","Burning Pact"],"picked":"Perfected Strike","floor":2},{"not_picked":["Clash","Body Slam"],"picked":"Headbutt","floor":3},{"not_picked":["Warcry","Clash"],"picked":"Headbutt","floor":4},{"not_picked":["Anger","Thunderclap"],"picked":"True Grit","floor":5},{"not_picked":["True Grit","Blood for Blood"],"picked":"Impervious","floor":8},{"not_picked":["Armaments","Disarm"],"picked":"Flame Barrier","floor":13},{"not_picked":["Flex","Sever Soul"],"picked":"Burning Pact","floor":14},{"not_picked":["Offering","Dark Embrace"],"picked":"Feed","floor":16},{"not_picked":["Body Slam+1","Intimidate"],"picked":"Infernal Blade+1","floor":18},{"not_picked":["Clash","Sword Boomerang+1"],"picked":"Armaments","floor":20},{"not_picked":["Burning Pact+1","True Grit"],"picked":"Shrug It Off","floor":22},{"not_picked":["Offering","Fiend Fire"],"picked":"Rampage+1","floor":24},{"not_picked":["Disarm","Warcry+1"],"picked":"Anger","floor":25}],"player_experience":55972,"relics_obtained":[{"floor":9,"key":"FossilizedHelix"},{"floor":20,"key":"Red Mask"},{"floor":24,"key":"Lantern"},{"floor":26,"key":"Meat on the Bone"},{"floor":28,"key":"Nilry\u0027s Codex"}],"event_choices":[{"damage_healed":0,"gold_gain":0,"cards_transformed":["Defend_R"],"player_choice":"Transformed","damage_taken":0,"max_hp_gain":0,"max_hp_loss":0,"event_name":"Transmorgrifier","floor":7,"gold_loss":0,"cards_obtained":["Pummel"]},{"damage_healed":0,"gold_gain":0,"player_choice":"Fought Bandits","damage_taken":0,"max_hp_gain":0,"max_hp_loss":0,"event_name":"Masked Bandits","floor":20,"gold_loss":0},{"damage_healed":0,"gold_gain":0,"player_choice":"1 cards matched","damage_taken":0,"max_hp_gain":0,"max_hp_loss":0,"event_name":"Match and Keep!","floor":21,"gold_loss":0,"cards_obtained":["Mind Blast"]},{"damage_healed":0,"gold_gain":0,"player_choice":"Obtained Book","damage_taken":16,"max_hp_gain":0,"max_hp_loss":0,"event_name":"Cursed Tome","floor":28,"gold_loss":0}],"is_beta":false,"boss_relics":[{"not_picked":["Lizard Tail","Cursed Key"],"picked":"Black Blood"}],"items_purged_floors":[11],"is_endless":false,"potions_floor_spawned":[1,4,16,20,24,25],"killed_by":"Centurion and Healer","ascension_level":1}