{"path_per_floor":["M","?","M","M","?","R","?","R","T","M","M","?","M","$","R"],"character_chosen":"DEFECT","items_purchased":["Echo Form","Fruit Juice"],"gold_per_floor":[141,141,152,163,163,163,191,191,191,201,218,218,242,76,76,76],"floor_reached":16,"campfire_rested":2,"playtime":823,"current_hp_per_floor":[79,79,78,78,78,78,39,63,63,58,45,45,34,34,56,0],"items_purged":[],"gold":76,"score":92,"play_id":"5fc3d3db-6534-4fa5-a331-5f943f50ae58","local_time":"20180515091107","is_prod":false,"is_daily":false,"chose_seed":false,"is_ascension_mode":false,"campfire_upgraded":1,"timestamp":1526389867,"path_taken":["M","?","?","?","?","R","?","R","T","M","?","?","M","?","R","BOSS"],"build_version":"2018-05-14v2","seed_source_timestamp":152051963409735,"purchased_purges":0,"victory":false,"master_deck":["Strike_B","Strike_B","Strike_B","Defend_B","Defend_B","Defend_B","Defend_B+1","Zap","Dualcast","Redo+1","Rebound","Coolheaded","Redo","Coolheaded","Rebound","Blizzard","Echo Form"],"max_hp_per_floor":[80,80,80,80,80,80,80,80,80,80,80,74,74,74,74,79],"relics":["Tiny House","Odd Mushroom","Gremlin Horn","Golden Idol"],"card_choices":[{"not_picked":["Steam Power","Beam Cell"],"picked":"Redo","floor":0},{"not_picked":["Static Discharge","Scrape"],"picked":"Rebound","floor":1},{"not_picked":["Beam Cell","Chaos"],"picked":"Coolheaded","floor":3},{"not_picked":["Force Field","Cold Snap"],"picked":"Redo","floor":4},{"not_picked":["Ball Lightning","FTL"],"picked":"Coolheaded","floor":7},{"not_picked":["Turbo","Skim","Seek"],"picked":"SKIP","floor":10},{"not_picked":["Hello World","Stack"],"picked":"Rebound","floor":11},{"not_picked":["Recycle","Coolheaded"],"picked":"Blizzard","floor":13}],"player_experience":267049,"potions_floor_usage":[1,4,10,11,16],"damage_taken":[{"damage":1,"enemies":"Jaw Worm","floor":1,"turns":4},{"damage":1,"enemies":"Cultist","floor":3,"turns":4},{"damage":0,"enemies":"2 Louse","floor":4,"turns":3},{"damage":39,"enemies":"The Mushroom Lair","floor":7,"turns":7},{"damage":5,"enemies":"Lots of Slimes","floor":10,"turns":4},{"damage":13,"enemies":"Gremlin Gang","floor":11,"turns":6},{"damage":11,"enemies":"2 Fungi Beasts","floor":13,"turns":5},{"damage":66,"enemies":"Hexaghost","floor":16,"turns":14}],"relics_obtained":[{"floor":7,"key":"Odd Mushroom"},{"floor":9,"key":"Gremlin Horn"}],"event_choices":[{"event_name":"Purifier","player_choice":"One Purge","floor":2,"damage_taken":0},{"event_name":"Liars Game","player_choice":"disagreed","floor":5,"damage_taken":0},{"event_name":"Mushrooms","player_choice":"Fought Mushrooms","floor":7,"damage_taken":0},{"event_name":"Golden Idol","player_choice":"Lose Max HP","floor":12,"damage_taken":0}],"boss_relics":[],"potions_floor_spawned":[1,7,10],"seed_played":"1478497139966326380","killed_by":"Hexaghost","ascension_level":0,"potions_obtained":[{"floor":0,"key":"Block Potion"},{"floor":1,"key":"Block Potion"},{"floor":7,"key":"Weak Potion"},{"floor":10,"key":"SpeedPotion"}],"is_trial":false}