{"gold_per_floor":[114,129,129,14,29,59,59,95,170,200,215,245,260,32,32,132,132,147,147,162,177,177],"floor_reached":22,"playtime":1457,"items_purged":[],"score":231,"play_id":"8d8dfe07-9b51-4bac-9a61-97e623f75387","local_time":"20180712082632","daily_mods":["Allstar","Elite Swarm","Night Terrors"],"is_ascension_mode":false,"campfire_choices":[{"data":"Echo Form","floor":7,"key":"SMITH"},{"floor":15,"key":"REST"}],"neow_cost":"","seed_source_timestamp":0,"circlet_count":0,"master_deck":["Strike_B","Strike_B","Strike_B","Strike_B","Defend_B","Defend_B","Defend_B","Defend_B","Zap","Dualcast","Master of Strategy","PanicButton","Chrysalis","Dramatic Entrance","Magnetism","Sweeping Beam","Rebound","Regret","Capacitor","Gash","Seek","Echo Form+1","Melter","Echo Form+1","Gash","Creative AI+1","Loop+1","Storm+1","Creative AI+1","Beam Cell","Electrodynamics+1","Ball Lightning+1"],"special_seed":17724,"relics":["Cracked Core","Mummified Hand","Ornamental Fan","Toxic Egg 2","Frozen Egg 2","Singing Bowl","Bottled Tornado","Blood Vial","Snecko Eye"],"potions_floor_usage":[5,6,12,16],"damage_taken":[{"damage":1,"enemies":"Cultist","floor":1,"turns":5},{"damage":0,"enemies":"Small Slimes","floor":2,"turns":3},{"damage":0,"enemies":"2 Louse","floor":5,"turns":2},{"damage":19,"enemies":"Gremlin Nob","floor":6,"turns":4},{"damage":6,"enemies":"3 Sentries","floor":8,"turns":5},{"damage":26,"enemies":"Lagavulin","floor":10,"turns":5},{"damage":8,"enemies":"Blue Slaver","floor":11,"turns":4},{"damage":12,"enemies":"Gremlin Nob","floor":12,"turns":3},{"damage":0,"enemies":"2 Fungi Beasts","floor":13,"turns":2},{"damage":47,"enemies":"Hexaghost","floor":16,"turns":7},{"damage":8,"enemies":"3 Byrds","floor":18,"turns":3},{"damage":27,"enemies":"Spheric Guardian","floor":20,"turns":5},{"damage":12,"enemies":"Centurion and Healer","floor":21,"turns":3},{"damage":37,"enemies":"Slaver and Parasite","floor":22,"turns":2}],"seed_played":"-4311942942209726919","potions_obtained":[{"floor":2,"key":"Swift Potion"},{"floor":5,"key":"AttackPotion"},{"floor":11,"key":"SkillPotion"},{"floor":12,"key":"SmokeBomb"},{"floor":13,"key":"Fire Potion"},{"floor":21,"key":"FairyPotion"}],"is_trial":false,"path_per_floor":["M","M","?","$","M","E","R","?","T","E","M","E","M","$","R","B",null,"M","?","M","M"],"character_chosen":"DEFECT","items_purchased":["Capacitor","Gash","Storm+1","Blood Vial"],"campfire_rested":1,"item_purchase_floors":[4,4,14,14],"current_hp_per_floor":[74,74,74,74,74,55,55,49,49,23,15,3,3,3,70,23,70,62,49,24,14,0],"gold":177,"neow_bonus":"","is_prod":false,"is_daily":true,"chose_seed":false,"campfire_upgraded":1,"win_rate":0,"timestamp":1531398392,"path_taken":["M","?","?","?","M","E","R","?","T","E","M","E","M","$","R","BOSS","M","?","?","M","M"],"build_version":"2018-07-11","purchased_purges":0,"victory":false,"max_hp_per_floor":[75,75,75,75,75,75,75,75,75,75,75,75,75,75,70,70,70,70,75,75,75,75],"card_choices":[{"not_picked":["Go for the Eyes","Steam"],"picked":"Sweeping Beam","floor":1},{"not_picked":["Hologram","Stack"],"picked":"Rebound","floor":2},{"not_picked":["Hello World","Hologram"],"picked":"Seek","floor":5},{"not_picked":["Fission","Biased Cognition"],"picked":"Echo Form","floor":6},{"not_picked":["Rebound","Barrage"],"picked":"Melter","floor":8},{"not_picked":["Seek+1","Machine Learning+1"],"picked":"Echo Form+1","floor":10},{"not_picked":["Rip and Tear","Sweeping Beam"],"picked":"Gash","floor":11},{"not_picked":["Hyperbeam","Fission+1"],"picked":"Creative AI+1","floor":12},{"not_picked":["Stack+1","Steam+1"],"picked":"Loop+1","floor":13},{"not_picked":["Machine Learning+1","Meteor Strike"],"picked":"Creative AI+1","floor":16},{"not_picked":["Streamline","Sweeping Beam+1"],"picked":"Beam Cell","floor":18},{"not_picked":["Fusion+1","Stack+1"],"picked":"Electrodynamics+1","floor":20},{"not_picked":["Turbo+1","Coolheaded+1"],"picked":"Ball Lightning+1","floor":21}],"player_experience":391470,"relics_obtained":[{"floor":6,"key":"Ornamental Fan"},{"floor":9,"key":"Frozen Egg 2"},{"floor":10,"key":"Singing Bowl"},{"floor":12,"key":"Bottled Tornado"}],"event_choices":[{"event_name":"Big Fish","player_choice":"Box","floor":3,"damage_taken":0},{"event_name":"Dead Adventurer","player_choice":"Searched \u00273\u0027 times","floor":8,"damage_taken":0},{"event_name":"Forgotten Altar","player_choice":"Shed Blood","floor":19,"damage_taken":0}],"boss_relics":[{"not_picked":["Empty Cage","Sozu"],"picked":"Snecko Eye"}],"items_purged_floors":[],"is_endless":false,"potions_floor_spawned":[2,5,11,12,13,21],"killed_by":"Slaver and Parasite","ascension_level":0}