{"path_per_floor":["M","$","?","?","M","R","E","$","T","?","R","?","M","M","R","B",null,"M","M","$","M","M","R","?","R","T","?","M"],"character_chosen":"DEFECT","items_purchased":["Aggregate","Energy Potion","Membership Card","Aggregate","Strawberry"],"gold_per_floor":[118,41,41,41,61,61,94,45,45,45,45,220,235,252,252,353,353,366,376,5,21,33,33,33,33,79,79,94,94],"floor_reached":29,"campfire_rested":3,"playtime":1056,"current_hp_per_floor":[37,37,37,34,32,54,18,18,18,18,40,40,39,47,47,31,75,75,45,52,45,37,61,61,61,61,45,45,0],"items_purged":[],"gold":94,"score":223,"play_id":"7e036afd-ce26-44f0-95b7-7171b05a8119","local_time":"20180506191652","is_prod":false,"is_daily":false,"chose_seed":false,"is_ascension_mode":false,"campfire_upgraded":2,"timestamp":1525648612,"path_taken":["M","?","?","?","M","R","E","$","T","?","R","?","?","M","R","BOSS","M","M","$","M","M","R","?","R","T","?","M","?"],"build_version":"2018-05-03","seed_source_timestamp":1818810576688587,"purchased_purges":0,"victory":false,"master_deck":["Strike_B","Strike_B","Defend_B","Defend_B","Defend_B","Zap","Dualcast","Aggregate+1","Storm","Ball Lightning","Doubt","White Noise","Buffer+1","Nova","Tempest+1","Static Discharge+1","Aggregate","Scrape","Writhe","Melter"],"max_hp_per_floor":[75,75,75,75,75,75,75,75,75,75,75,75,75,75,75,75,75,75,75,82,82,82,82,82,82,82,82,82,82],"relics":["Cracked Core","Torii","Mercury Hourglass","Meat on the Bone","Black Star","Membership Card","Strawberry","Pen Nib","Juzu Bracelet","Nilry\u0027s Codex"],"card_choices":[{"not_picked":["Rebound","Force Field"],"picked":"Storm","floor":5},{"not_picked":["Stack","Rebound"],"picked":"Ball Lightning","floor":7},{"not_picked":["Capacitor","Ball Lightning"],"picked":"White Noise","floor":13},{"not_picked":["Skim","Melter"],"picked":"Buffer","floor":14},{"not_picked":["Hyperbeam","Reboot"],"picked":"Nova","floor":16},{"not_picked":["Barrage","Go for the Eyes"],"picked":"Tempest","floor":18},{"not_picked":["Skim","Coolheaded"],"picked":"Static Discharge","floor":19},{"not_picked":["Beam Cell","Glacier"],"picked":"Scrape","floor":22},{"not_picked":["Rebound","Turbo"],"picked":"Melter","floor":28}],"player_experience":154718,"potions_floor_usage":[14,16,16,18,19,28],"damage_taken":[{"damage":1,"enemies":"Cultist","floor":1,"turns":3},{"damage":2,"enemies":"Small Slimes","floor":5,"turns":4},{"damage":36,"enemies":"3 Sentries","floor":7,"turns":11},{"damage":1,"enemies":"2 Louse","floor":13,"turns":2},{"damage":4,"enemies":"Gremlin Gang","floor":14,"turns":4},{"damage":28,"enemies":"Hexaghost","floor":16,"turns":12},{"damage":0,"enemies":"Chosen","floor":18,"turns":5},{"damage":30,"enemies":"2 Thieves","floor":19,"turns":3},{"damage":19,"enemies":"Centurion and Healer","floor":21,"turns":7},{"damage":20,"enemies":"Sentry and Sphere","floor":22,"turns":4},{"damage":0,"enemies":"Chosen and Byrds","floor":28,"turns":4},{"damage":46,"enemies":"Masked Bandits","floor":29,"turns":3}],"event_choices":[{"event_name":"Living Wall","player_choice":"Grow","floor":3,"damage_taken":0},{"event_name":"Scrap Ooze","player_choice":"success","floor":4,"damage_taken":3},{"event_name":"Bonfire Elementals","player_choice":"BASIC","floor":10,"damage_taken":0},{"event_name":"Liars Game","player_choice":"agreed","floor":12,"damage_taken":0},{"event_name":"The Mausoleum","player_choice":"Yes","floor":24,"damage_taken":0},{"event_name":"Cursed Tome","player_choice":"Obtained Book","floor":27,"damage_taken":0},{"event_name":"Masked Bandits","player_choice":"Fought over 94 gold","floor":29,"damage_taken":0}],"boss_relics":[{"not_picked":["Philosopher\u0027s Stone","Cursed Key"],"picked":"Black Star"}],"potions_floor_spawned":[13,14,16,18,22],"seed_played":"4425919048831633926","killed_by":"Masked Bandits","ascension_level":0,"is_trial":false}