{"gold_per_floor":[111,126,143,153,5,5,40,54,80,95,95,95,95,95,95,166,166,166,1,1,1],"floor_reached":21,"playtime":874,"items_purged":[],"score":335,"play_id":"705681a3-21c3-4998-b824-6d10d62f0da7","local_time":"20190330133127","is_ascension_mode":true,"campfire_choices":[{"data":"Zap","floor":6,"key":"SMITH"},{"floor":13,"key":"REST"},{"data":"Finesse","floor":15,"key":"SMITH"}],"neow_cost":"NONE","seed_source_timestamp":834135681344320,"circlet_count":0,"master_deck":["AscendersBane","Strike_B","Strike_B","Strike_B","Defend_B","Defend_B","Defend_B","Defend_B","Zap+1","Dualcast+1","FTL","Gash","All For One","Leap","Gash","Finesse+1","Beam Cell","Steam","Parasite","Echo Form","Hologram","Reboot","Rebound"],"relics":["Black Star","Turnip","Art of War","Oddly Smooth Stone","Ectoplasm"],"potions_floor_usage":[4,4,18,21],"damage_taken":[{"damage":1,"enemies":"2 Louse","floor":1,"turns":3},{"damage":4,"enemies":"Jaw Worm","floor":2,"turns":4},{"damage":7,"enemies":"Small Slimes","floor":3,"turns":3},{"damage":15,"enemies":"Exordium Thugs","floor":4,"turns":5},{"damage":29,"enemies":"Gremlin Nob","floor":7,"turns":5},{"damage":13,"enemies":"3 Louse","floor":8,"turns":3},{"damage":2,"enemies":"Looter","floor":10,"turns":3},{"damage":18,"enemies":"The Guardian","floor":16,"turns":10},{"damage":20,"enemies":"Shell Parasite","floor":18,"turns":6},{"damage":0,"enemies":"3 Byrds","floor":20,"turns":5},{"damage":38,"enemies":"Snecko","floor":21,"turns":6}],"seed_played":"-4159185661689260534","potions_obtained":[{"floor":1,"key":"Block Potion"},{"floor":3,"key":"Regen Potion"},{"floor":10,"key":"GamblersBrew"},{"floor":16,"key":"Poison Potion"}],"is_trial":false,"path_per_floor":["M","M","M","M","$","R","E","M","T","M","?","?","R","?","R","B",null,"M","$","M","M"],"character_chosen":"DEFECT","items_purchased":["Gash","Finesse","Reboot"],"campfire_rested":1,"item_purchase_floors":[5,5,19],"current_hp_per_floor":[63,59,52,51,51,51,22,9,9,7,7,24,45,38,38,20,58,38,38,38,0],"gold":1,"neow_bonus":"BOSS_RELIC","is_prod":false,"is_daily":false,"chose_seed":false,"campfire_upgraded":2,"win_rate":0,"timestamp":1553949087,"path_taken":["M","M","M","M","$","R","E","M","T","M","?","?","R","?","R","BOSS","M","$","M","M"],"build_version":"2019-01-23","purchased_purges":0,"victory":false,"max_hp_per_floor":[71,71,71,71,71,71,71,71,71,71,71,71,71,71,71,71,71,71,71,71,71],"card_choices":[{"not_picked":["Aggregate","Redo"],"picked":"FTL","floor":1},{"not_picked":["Sweeping Beam","Go for the Eyes"],"picked":"Gash","floor":2},{"not_picked":["Redo","Gash"],"picked":"All For One","floor":3},{"not_picked":["Compile Driver","Stack"],"picked":"Leap","floor":4},{"not_picked":["Ball Lightning","Conserve Battery","Coolheaded"],"picked":"SKIP","floor":7},{"not_picked":["Static Discharge","Storm"],"picked":"Beam Cell","floor":8},{"not_picked":["Defragment","Lockon"],"picked":"Steam","floor":10},{"not_picked":["Core Surge","Amplify"],"picked":"Echo Form","floor":16},{"not_picked":["Streamline","Cold Snap"],"picked":"Hologram","floor":18},{"not_picked":["Conserve Battery","Cold Snap+1"],"picked":"Rebound","floor":20}],"player_experience":535180,"relics_obtained":[{"floor":7,"key":"Turnip"},{"floor":7,"key":"Art of War"},{"floor":9,"key":"Oddly Smooth Stone"}],"event_choices":[{"damage_healed":0,"gold_gain":0,"player_choice":"Grow","damage_taken":0,"max_hp_gain":0,"max_hp_loss":0,"event_name":"Living Wall","floor":11,"gold_loss":0,"cards_upgraded":["Dualcast"]},{"damage_healed":17,"gold_gain":0,"player_choice":"Healed and dodged fight","damage_taken":0,"max_hp_gain":0,"max_hp_loss":0,"event_name":"Mushrooms","floor":12,"gold_loss":0,"cards_obtained":["Parasite"]},{"cards_removed":["Strike_B"],"damage_healed":0,"gold_gain":0,"player_choice":"Card Removal","damage_taken":7,"max_hp_gain":0,"max_hp_loss":0,"event_name":"Golden Wing","floor":14,"gold_loss":0}],"is_beta":false,"boss_relics":[{"not_picked":["Philosopher\u0027s Stone","White Beast Statue"],"picked":"Ectoplasm"}],"items_purged_floors":[],"is_endless":false,"potions_floor_spawned":[1,3,10,16],"killed_by":"Snecko","ascension_level":17}