{"path_per_floor":["?","?","?","?","?","?","?","?","?","?","?","?","?","?","?","B",null,"?","?","?","?","?","?","?","?","?","?","?","?","?","?","?"],"character_chosen":"IRONCLAD","items_purchased":["Mummified Hand","Swift Strike"],"gold_per_floor":[114,129,144,159,109,169,184,184,259,259,274,324,11,26,26,126,126,141,156,56,71,86,111,126,126,126,12,12,12,27,42,42],"floor_reached":33,"campfire_rested":2,"playtime":1983,"current_hp_per_floor":[80,75,79,80,80,50,43,80,80,80,71,71,71,61,61,34,80,52,48,48,57,45,45,26,65,65,65,65,65,36,19,58],"items_purged":[],"gold":42,"score":253,"play_id":"3cb1721a-c3f1-42a3-9cd4-f44c0bb5b4ee","local_time":"20180302031125","daily_mods":[{"name":"Diverse","description":"Start with 2 cards from another class.","modID":"Diverse","img":{"data":{"file":{"file":{"path":"images\\ui\\run_mods\\diverse.png"},"type":"Internal"},"width":64,"height":64,"format":"RGBA8888","useMipMaps":false,"isPrepared":false},"glTarget":3553,"glHandle":685,"minFilter":"Linear","magFilter":"Linear","uWrap":"ClampToEdge","vWrap":"ClampToEdge"},"positive":true},{"name":"Uncertain Future","description":"The map shows only ?.","modID":"Uncertain Future","img":{"data":{"file":{"file":{"path":"images\\ui\\run_mods\\uncertain_future.png"},"type":"Internal"},"width":64,"height":64,"format":"RGBA8888","useMipMaps":false,"isPrepared":false},"glTarget":3553,"glHandle":679,"minFilter":"Linear","magFilter":"Linear","uWrap":"ClampToEdge","vWrap":"ClampToEdge"},"positive":false},{"name":"Binary","description":"Card rewards contain only 2 cards.","modID":"Binary","img":{"data":{"file":{"file":{"path":"images\\ui\\run_mods\\binary.png"},"type":"Internal"},"width":64,"height":64,"format":"RGBA8888","useMipMaps":false,"isPrepared":false},"glTarget":3553,"glHandle":680,"minFilter":"Linear","magFilter":"Linear","uWrap":"ClampToEdge","vWrap":"ClampToEdge"},"positive":false},{"name":"Vintage","description":"The Merchant\u0027s prices are increased by 25%.","modID":"Vintage","img":{"data":{"file":{"file":{"path":"images\\ui\\run_mods\\vintage.png"},"type":"Internal"},"width":64,"height":64,"format":"RGBA8888","useMipMaps":false,"isPrepared":false},"glTarget":3553,"glHandle":677,"minFilter":"Linear","magFilter":"Linear","uWrap":"ClampToEdge","vWrap":"ClampToEdge"},"positive":false}],"is_prod":false,"is_daily":true,"is_ascension_mode":false,"campfire_upgraded":3,"timestamp":1519978285,"path_taken":["?","?","?","?","?","?","?","?","?","?","?","?","?","?","?","BOSS","?","?","?","?","?","?","?","?","?","?","?","?","?","?","?","BOSS"],"build_version":"2018-03-01-PROD1","purchased_purges":0,"victory":false,"master_deck":["Strike_R","Strike_R","Strike_R","Strike_R","Strike_R","Defend_R","Defend_R","Defend_R","Defend_R","Bouncing Flask","Bouncing Flask","Warcry","Battle Trance","Sentinel","Spot Weakness","Reaper+1","Sword Boomerang","Carnage+1","Double Tap+1","Cleave+1","Armaments+1","J.A.X.","Ghostly Armor","Iron Wave","Injury","Sword Boomerang","Swift Strike","Infernal Blade+1","Anger+1"],"max_hp_per_floor":[80,80,80,80,80,80,80,80,80,80,80,80,80,80,80,80,80,80,80,80,80,80,80,80,80,80,80,80,80,80,80,80],"relics":["Burning Blood","Tiny Chest","Gremlin Horn","Regal Pillow","Mummified Hand","Cursed Key","Omamori","Sundial"],"card_choices":[{"not_picked":["Clash"],"picked":"Warcry"},{"not_picked":["Body Slam"],"picked":"Battle Trance"},{"not_picked":["Body Slam"],"picked":"Sentinel"},{"not_picked":["Battle Trance"],"picked":"Spot Weakness"},{"not_picked":["Rage"],"picked":"Reaper"},{"not_picked":["Body Slam"],"picked":"Second Wind"},{"not_picked":["Pommel Strike"],"picked":"Sword Boomerang"},{"not_picked":["Intimidate"],"picked":"Carnage"},{"not_picked":["Exhume"],"picked":"Double Tap"},{"not_picked":["Perfected Strike"],"picked":"Cleave"},{"not_picked":["Rage"],"picked":"Armaments"},{"not_picked":["Clash"],"picked":"Ghostly Armor"},{"not_picked":["Clothesline"],"picked":"Iron Wave"},{"not_picked":["Feel No Pain"],"picked":"Sword Boomerang"},{"not_picked":["Combust"],"picked":"Infernal Blade"},{"not_picked":["Disarm"],"picked":"Anger"}],"player_experience":198050,"potions_floor_usage":[4,6,16,16,18,21,22],"damage_taken":[{"damage":1,"enemies":"Cultist","floor":1,"turns":3},{"damage":11,"enemies":"Jaw Worm","floor":2,"turns":4},{"damage":2,"enemies":"Small Slimes","floor":3,"turns":4},{"damage":5,"enemies":"2 Fungi Beasts","floor":4,"turns":4},{"damage":36,"enemies":"Gremlin Nob","floor":6,"turns":4},{"damage":13,"enemies":"Red Slaver","floor":7,"turns":3},{"damage":15,"enemies":"Looter","floor":11,"turns":3},{"damage":16,"enemies":"Blue Slaver","floor":14,"turns":4},{"damage":41,"enemies":"Slime Boss","floor":16,"turns":9},{"damage":34,"enemies":"3 Byrds","floor":18,"turns":5},{"damage":18,"enemies":"Chosen","floor":19,"turns":4},{"damage":5,"enemies":"Snecko","floor":21,"turns":4},{"damage":18,"enemies":"Cultist and Chosen","floor":22,"turns":7},{"damage":39,"enemies":"Slaver and Parasite","floor":24,"turns":4},{"damage":35,"enemies":"Snake Plant","floor":30,"turns":4},{"damage":23,"enemies":"Centurion and Healer","floor":31,"turns":5},{"damage":73,"enemies":"Automaton","floor":33,"turns":6}],"event_choices":[{"event_name":"The Cleric","player_choice":"Card Removal","floor":5,"damage_taken":0},{"event_name":"Bonfire Elementals","player_choice":"UNCOMMON","floor":8,"damage_taken":0},{"event_name":"Drug Dealer","player_choice":"Got JAXXED","floor":20,"damage_taken":0}],"boss_relics":[{"not_picked":["Question Card","Velvet Choker"],"picked":"Cursed Key"}],"potions_floor_spawned":[2,3,4,7,16,19,21],"seed_played":"-4064848218327866266","killed_by":"Automaton","ascension_level":0,"is_trial":false}