{"path_per_floor":["M","$","M","?","?","E","R","M","T","R","M","M","M","M","R"],"character_chosen":"IRONCLAD","items_purchased":["Flash of Steel"],"gold_per_floor":[117,21,39,214,214,243,243,261,261,261,271,287,306,319,319],"floor_reached":16,"campfire_rested":0,"playtime":715,"current_hp_per_floor":[80,80,80,80,62,75,75,77,77,77,71,77,78,81,81],"items_purged":[],"gold":319,"score":129,"play_id":"912e6ab1-ca66-4fbb-8165-e275a8e61163","local_time":"20180304131428","is_prod":false,"is_daily":false,"is_ascension_mode":false,"campfire_upgraded":3,"timestamp":1520187268,"path_taken":["M","$","M","?","?","E","R","M","T","R","M","M","M","M","R","BOSS"],"build_version":"2018-03-01-PROD1","purchased_purges":0,"victory":false,"master_deck":["Strike_R","Strike_R","Strike_R","Strike_R","Strike_R","Defend_R","Defend_R","Defend_R","Defend_R","Bash","Clash","Flash of Steel","Berserk+1","Doubt","Seeing Red+1","Clash","Iron Wave","Flex","Clash","Double Tap+1"],"max_hp_per_floor":[80,80,80,80,80,87,87,87,87,87,87,87,87,87,87],"relics":["Burning Blood","NeowsBlessing","Darkstone Periapt","Strawberry","Thread and Needle"],"card_choices":[{"not_picked":["Iron Wave","Warcry"],"picked":"Clash"},{"not_picked":["Twin Strike","Sword Boomerang"],"picked":"Berserk"},{"not_picked":["Iron Wave","Anger"],"picked":"Seeing Red"},{"not_picked":["Sword Boomerang","True Grit"],"picked":"Clash"},{"not_picked":["Uppercut","Shrug It Off"],"picked":"Iron Wave"},{"not_picked":["Perfected Strike","Clothesline"],"picked":"Flex"},{"not_picked":["Rampage","Heavy Blade"],"picked":"Clash"},{"not_picked":["Rupture","Intimidate"],"picked":"Double Tap"}],"player_experience":236849,"potions_floor_usage":[8,11,13],"damage_taken":[{"damage":0,"enemies":"Small Slimes","floor":1,"turns":1},{"damage":0,"enemies":"2 Louse","floor":3,"turns":1},{"damage":0,"enemies":"Gremlin Nob","floor":6,"turns":1},{"damage":4,"enemies":"Jaw Worm","floor":8,"turns":6},{"damage":12,"enemies":"Exordium Wildlife","floor":11,"turns":4},{"damage":0,"enemies":"Blue Slaver","floor":12,"turns":4},{"damage":14,"enemies":"Large Slime","floor":13,"turns":4},{"damage":3,"enemies":"Red Slaver","floor":14,"turns":2},{"damage":85,"enemies":"Slime Boss","floor":16,"turns":14}],"event_choices":[{"event_name":"Liars Game","player_choice":"agreed","floor":4,"damage_taken":0},{"event_name":"Scrap Ooze","player_choice":"success","floor":5,"damage_taken":18}],"boss_relics":[],"potions_floor_spawned":[3,8,12],"seed_played":"4128739210474024729","killed_by":"Slime Boss","ascension_level":0,"is_trial":false}