{"gold_per_floor":[111,111,131,306,326,336,367,367,367,367],"floor_reached":10,"playtime":824,"items_purged":[],"score":82,"play_id":"93ef9d79-7cd2-4658-b889-e5ada512e1ba","local_time":"20190628184512","is_ascension_mode":true,"campfire_choices":[],"neow_cost":"NONE","seed_source_timestamp":161129664165257,"circlet_count":0,"master_deck":["Defend_G","Defend_G","Defend_G","Defend_G","Defend_G","Strike_G","Strike_G","Strike_G","Strike_G","Strike_G","Survivor","Neutralize","Dagger Throw","Choke","Doubt","Deflect","Cloak And Dagger","Outmaneuver"],"relics":["Ring of the Snake","Gambling Chip","Matryoshka"],"potions_floor_usage":[7,10,10,10,10,10,10],"damage_taken":[{"damage":2,"enemies":"2 Louse","floor":1,"turns":3},{"damage":0,"enemies":"Cultist","floor":3,"turns":3},{"damage":4,"enemies":"Jaw Worm","floor":5,"turns":3},{"damage":0,"enemies":"Looter","floor":6,"turns":3},{"damage":52,"enemies":"Gremlin Nob","floor":7,"turns":8},{"damage":28,"enemies":"Lagavulin","floor":10,"turns":8}],"seed_played":"-4059466065321266810","potions_obtained":[{"floor":2,"key":"EntropicBrew"},{"floor":2,"key":"SkillPotion"},{"floor":2,"key":"SkillPotion"},{"floor":6,"key":"Swift Potion"},{"floor":7,"key":"SteroidPotion"}],"is_trial":false,"path_per_floor":["M","?","M","?","M","M","E","?","T","E"],"character_chosen":"THE_SILENT","items_purchased":[],"campfire_rested":0,"item_purchase_floors":[],"current_hp_per_floor":[75,75,75,75,71,71,19,24,24,0],"gold":367,"neow_bonus":"TEN_PERCENT_HP_BONUS","is_prod":false,"is_daily":false,"chose_seed":false,"campfire_upgraded":0,"win_rate":0,"timestamp":1561761912,"path_taken":["M","?","?","?","M","M","E","?","T","E"],"build_version":"2019-01-23","purchased_purges":0,"victory":false,"max_hp_per_floor":[77,77,77,77,77,77,77,82,82,82],"card_choices":[{"not_picked":["Outmaneuver","Prepared"],"picked":"Dagger Throw","floor":1},{"not_picked":["Deflect","Eviscerate"],"picked":"Choke","floor":3},{"not_picked":["Blade Dance","Dodge and Roll"],"picked":"Deflect","floor":5},{"not_picked":["Underhanded Strike","Endless Agony"],"picked":"Cloak And Dagger","floor":6},{"not_picked":["Wraith Form v2","Masterful Stab"],"picked":"Outmaneuver","floor":7}],"player_experience":133156,"relics_obtained":[{"floor":7,"key":"Gambling Chip"},{"floor":9,"key":"Matryoshka"}],"event_choices":[{"damage_healed":0,"gold_gain":0,"player_choice":"Got Potions","damage_taken":0,"max_hp_gain":0,"max_hp_loss":0,"event_name":"Lab","floor":2,"gold_loss":0},{"damage_healed":0,"gold_gain":175,"player_choice":"AGREE","damage_taken":0,"max_hp_gain":0,"max_hp_loss":0,"event_name":"Liars Game","floor":4,"gold_loss":0,"cards_obtained":["Doubt"]},{"damage_healed":0,"gold_gain":0,"player_choice":"Donut","damage_taken":0,"max_hp_gain":5,"max_hp_loss":0,"event_name":"Big Fish","floor":8,"gold_loss":0}],"is_beta":false,"boss_relics":[],"items_purged_floors":[],"is_endless":false,"potions_floor_spawned":[6,7],"killed_by":"Lagavulin","ascension_level":4}