{"gold_per_floor":[119,133,147,147,163,195,195,228,228,257,257],"floor_reached":11,"playtime":305,"items_purged":[],"score":98,"play_id":"4690db2c-bf19-4fa4-8c10-fb2f06b90407","local_time":"20181223171341","is_ascension_mode":true,"campfire_choices":[{"data":"Bash","floor":7,"key":"SMITH"}],"neow_cost":"NONE","seed_source_timestamp":311079658260905,"circlet_count":0,"master_deck":["Strike_R","Strike_R","Strike_R","Strike_R","Strike_R","Defend_R","Defend_R","Defend_R","Defend_R+1","Bash+1","Anger+1","Sword Boomerang","Inflame","Shockwave"],"relics":["Burning Blood","Art of War","StoneCalendar","Ornamental Fan","Turnip"],"potions_floor_usage":[6,11],"damage_taken":[{"damage":6,"enemies":"Cultist","floor":1,"turns":3},{"damage":0,"enemies":"Small Slimes","floor":2,"turns":2},{"damage":1,"enemies":"Jaw Worm","floor":3,"turns":3},{"damage":5,"enemies":"Looter","floor":5,"turns":3},{"damage":32,"enemies":"Lagavulin","floor":6,"turns":7},{"damage":23,"enemies":"3 Sentries","floor":8,"turns":7},{"damage":18,"enemies":"Lagavulin","floor":10,"turns":5},{"damage":10,"enemies":"Gremlin Nob","floor":11,"turns":2}],"seed_played":"545702881494098182","potions_obtained":[{"floor":1,"key":"Weak Potion"},{"floor":10,"key":"Weak Potion"}],"is_trial":false,"path_per_floor":["M","M","M","?","M","E","R","E","T","E","?"],"character_chosen":"IRONCLAD","items_purchased":[],"campfire_rested":0,"item_purchase_floors":[],"current_hp_per_floor":[80,80,80,64,65,39,39,22,22,10,0],"gold":257,"neow_bonus":"RANDOM_COMMON_RELIC","is_prod":false,"is_daily":false,"chose_seed":false,"campfire_upgraded":1,"win_rate":0,"timestamp":1545610421,"path_taken":["M","M","?","?","M","E","R","E","T","E","?"],"build_version":"2018-12-20","purchased_purges":0,"victory":false,"max_hp_per_floor":[80,80,80,80,80,80,80,80,80,80,80],"card_choices":[{"not_picked":["Flame Barrier","Perfected Strike"],"picked":"Anger","floor":1},{"not_picked":["Flex","Bloodletting"],"picked":"Sword Boomerang","floor":2},{"not_picked":["Second Wind","Anger","Wild Strike"],"picked":"SKIP","floor":3},{"not_picked":["Bloodletting","Wild Strike","Sever Soul"],"picked":"SKIP","floor":5},{"not_picked":["Feel No Pain","Flame Barrier"],"picked":"Inflame","floor":6},{"not_picked":["Sever Soul","Havoc","Anger"],"picked":"SKIP","floor":8},{"not_picked":["Fire Breathing","Twin Strike"],"picked":"Shockwave","floor":10}],"player_experience":667137,"relics_obtained":[{"floor":6,"key":"StoneCalendar"},{"floor":8,"key":"Ornamental Fan"},{"floor":10,"key":"Turnip"}],"event_choices":[{"damage_healed":0,"gold_gain":0,"player_choice":"Entered Light","damage_taken":16,"max_hp_gain":0,"max_hp_loss":0,"event_name":"Shining Light","floor":4,"gold_loss":0,"cards_upgraded":["Anger","Defend_R"]},{"damage_healed":0,"gold_gain":0,"player_choice":"Searched \u00271\u0027 times","damage_taken":0,"max_hp_gain":0,"max_hp_loss":0,"event_name":"Dead Adventurer","floor":11,"gold_loss":0}],"is_beta":false,"boss_relics":[],"items_purged_floors":[],"is_endless":false,"potions_floor_spawned":[1,10],"killed_by":"Gremlin Nob","ascension_level":1}