{"gold_per_floor":[119,294,305,319,319,352,352,352],"floor_reached":8,"playtime":364,"items_purged":[],"score":64,"play_id":"bcf731ca-d82c-417c-b1b4-249d9fa28214","local_time":"20190405233254","is_ascension_mode":true,"campfire_choices":[{"floor":7,"key":"REST"}],"neow_cost":"NONE","seed_source_timestamp":1594838241586800,"circlet_count":0,"master_deck":["Strike_B","Strike_B","Strike_B","Strike_B+1","Defend_B","Defend_B","Defend_B","Defend_B","Zap","Dualcast","Trip","Darkness","Doubt","Darkness","Melter+1","Injury","Coolheaded"],"relics":["Cracked Core","Golden Idol","Whetstone"],"potions_floor_usage":[3,4],"damage_taken":[{"damage":0,"enemies":"Cultist","floor":1,"turns":3},{"damage":3,"enemies":"Jaw Worm","floor":3,"turns":4},{"damage":0,"enemies":"Small Slimes","floor":4,"turns":3},{"damage":30,"enemies":"Lagavulin","floor":6,"turns":6},{"damage":84,"enemies":"Gremlin Nob","floor":8,"turns":4}],"seed_played":"-2594342319498037062","potions_obtained":[{"floor":1,"key":"Swift Potion"},{"floor":3,"key":"Energy Potion"}],"is_trial":false,"path_per_floor":["M","?","M","M","?","E","R","E"],"character_chosen":"DEFECT","items_purchased":[],"campfire_rested":1,"item_purchase_floors":[],"current_hp_per_floor":[75,75,72,72,72,42,64,0],"gold":352,"neow_bonus":"RANDOM_COLORLESS","is_prod":false,"is_daily":false,"chose_seed":false,"campfire_upgraded":0,"win_rate":0,"timestamp":1554521574,"path_taken":["M","?","M","M","?","E","R","E"],"build_version":"2019-04-04","purchased_purges":0,"victory":false,"max_hp_per_floor":[75,75,75,75,75,75,75,75],"card_choices":[{"not_picked":["Barrage","Doom and Gloom"],"picked":"Darkness","floor":1},{"not_picked":["Beam Cell","Reprogram"],"picked":"Darkness","floor":3},{"not_picked":["Leap","Stack"],"picked":"Melter","floor":4},{"not_picked":["Genetic Algorithm","Capacitor"],"picked":"Coolheaded","floor":6}],"player_experience":768361,"relics_obtained":[{"floor":6,"key":"Whetstone"}],"event_choices":[{"damage_healed":0,"gold_gain":175,"player_choice":"AGREE","damage_taken":0,"max_hp_gain":0,"max_hp_loss":0,"event_name":"Liars Game","floor":2,"gold_loss":0,"cards_obtained":["Doubt"]},{"damage_healed":0,"gold_gain":0,"player_choice":"Take Wound","damage_taken":0,"relics_obtained":["Golden Idol"],"max_hp_gain":0,"max_hp_loss":0,"event_name":"Golden Idol","floor":5,"gold_loss":0,"cards_obtained":["Injury"]}],"is_beta":true,"boss_relics":[],"items_purged_floors":[],"is_endless":false,"potions_floor_spawned":[1,3],"killed_by":"Gremlin Nob","ascension_level":3}