{"gold_per_floor":[114,129,129,71,89,89,107,140,167,167,194,209,44,59,59,59],"floor_reached":16,"playtime":578,"items_purged":["Strike_R"],"score":224,"play_id":"41f09e9c-de20-4eff-93dc-3b2634da6dbb","local_time":"20181111185832","is_ascension_mode":true,"campfire_choices":[{"data":"Uppercut","floor":6,"key":"SMITH"},{"data":"Pommel Strike","floor":10,"key":"SMITH"},{"data":"Body Slam","floor":15,"key":"SMITH"}],"neow_cost":"NONE","seed_source_timestamp":116859412165978,"circlet_count":0,"master_deck":["AscendersBane","Strike_R","Strike_R","Strike_R","Defend_R","Defend_R","Defend_R","Defend_R","Bash","Pommel Strike+1","Uppercut+1","Shrug It Off","Headbutt","Sword Boomerang","Body Slam+1","True Grit","Metallicize","Flame Barrier"],"relics":["Burning Blood","Lantern","Centennial Puzzle","Anchor"],"potions_floor_usage":[11],"damage_taken":[{"damage":2,"enemies":"2 Louse","floor":1,"turns":4},{"damage":6,"enemies":"Cultist","floor":2,"turns":3},{"damage":3,"enemies":"Small Slimes","floor":5,"turns":5},{"damage":11,"enemies":"3 Louse","floor":7,"turns":4},{"damage":32,"enemies":"Lagavulin","floor":8,"turns":8},{"damage":32,"enemies":"3 Sentries","floor":11,"turns":8},{"damage":0,"enemies":"Exordium Wildlife","floor":12,"turns":3},{"damage":0,"enemies":"2 Fungi Beasts","floor":14,"turns":4},{"damage":40,"enemies":"Hexaghost","floor":16,"turns":11}],"seed_played":"7303743081540939476","potions_obtained":[{"floor":5,"key":"Energy Potion"},{"floor":7,"key":"Dexterity Potion"}],"is_trial":false,"path_per_floor":["M","M","?","$","M","R","M","E","T","R","E","M","$","M","R","B"],"character_chosen":"IRONCLAD","items_purchased":["Shrug It Off","Metallicize"],"campfire_rested":0,"item_purchase_floors":[4,13],"current_hp_per_floor":[79,79,79,79,82,82,77,51,51,51,25,31,31,37,37,0],"gold":59,"neow_bonus":"TEN_PERCENT_HP_BONUS","is_prod":false,"is_daily":false,"chose_seed":false,"campfire_upgraded":3,"win_rate":0,"timestamp":1541987912,"path_taken":["M","M","?","?","?","R","M","E","T","R","E","M","$","M","R","BOSS"],"build_version":"2018-11-08","purchased_purges":1,"victory":false,"max_hp_per_floor":[82,82,82,82,82,82,82,82,82,82,82,82,82,82,82,82],"card_choices":[{"not_picked":["Rupture","Iron Wave"],"picked":"Pommel Strike","floor":1},{"not_picked":["Rampage","Heavy Blade"],"picked":"Uppercut","floor":2},{"not_picked":["Body Slam","Sentinel"],"picked":"Headbutt","floor":5},{"not_picked":["Havoc","Thunderclap","Cleave"],"picked":"SKIP","floor":7},{"not_picked":["Iron Wave","Sentinel"],"picked":"Sword Boomerang","floor":8},{"not_picked":["Burning Pact","Exhume"],"picked":"Body Slam","floor":11},{"not_picked":["Iron Wave","Whirlwind"],"picked":"True Grit","floor":12},{"not_picked":["Clothesline","Fire Breathing"],"picked":"Flame Barrier","floor":14}],"player_experience":618633,"relics_obtained":[{"floor":8,"key":"Lantern"},{"floor":9,"key":"Centennial Puzzle"},{"floor":11,"key":"Anchor"}],"event_choices":[{"cards_removed":["Strike_R"],"damage_healed":0,"gold_gain":0,"player_choice":"Offered Basic","damage_taken":0,"max_hp_gain":0,"max_hp_loss":0,"event_name":"Bonfire Elementals","floor":3,"gold_loss":0}],"is_beta":false,"boss_relics":[],"items_purged_floors":[13],"is_endless":false,"potions_floor_spawned":[5,7,8],"killed_by":"Hexaghost","ascension_level":20}