{"gold_per_floor":[115,125,125,136,136,136,167,167,212,212],"floor_reached":10,"playtime":253,"items_purged":[],"score":132,"play_id":"8f87a923-47ce-4135-ad8c-5c8aa35c58a6","local_time":"20190706161619","is_ascension_mode":true,"campfire_choices":[{"floor":6,"key":"REST"}],"neow_cost":"NONE","seed_source_timestamp":75020318416625,"circlet_count":0,"master_deck":["AscendersBane","Strike_G","Strike_G","Strike_G+1","Strike_G","Defend_G","Defend_G","Defend_G","Defend_G","Defend_G+1","Survivor","Neutralize","Dash","Caltrops","Quick Slash"],"special_seed":0,"relics":["Ring of the Snake","Vajra","Bottled Tornado","Happy Flower"],"potions_floor_usage":[7],"damage_taken":[{"damage":3.0,"enemies":"Small Slimes","floor":1.0,"turns":6.0},{"damage":2.0,"enemies":"Jaw Worm","floor":2.0,"turns":7.0},{"damage":0,"enemies":"Cultist","floor":4,"turns":4},{"damage":23,"enemies":"3 Sentries","floor":7,"turns":8},{"damage":24,"enemies":"Gremlin Nob","floor":10,"turns":3}],"seed_played":"-2363198687140111163","potions_obtained":[{"floor":1.0,"key":"Dexterity Potion"},{"floor":4,"key":"Swift Potion"}],"is_trial":false,"path_per_floor":["M","M","?","M","?","R","E","?","T","E"],"character_chosen":"THE_SILENT","items_purchased":[],"campfire_rested":1,"item_purchase_floors":[],"current_hp_per_floor":[62,60,38,38,20,41,18,18,18,0],"gold":212,"neow_bonus":"TEN_PERCENT_HP_BONUS","is_prod":false,"is_daily":false,"chose_seed":false,"campfire_upgraded":0,"win_rate":0,"timestamp":1562454979,"path_taken":["M","M","?","M","?","R","E","?","T","E"],"build_version":"2019-07-05","purchased_purges":0,"victory":false,"max_hp_per_floor":[72,72,72,72,72,72,72,72,72,72],"card_choices":[{"not_picked":["Deflect","Backflip"],"picked":"Dash","floor":1.0},{"not_picked":["Dagger Spray","Riddle With Holes"],"picked":"Caltrops","floor":2},{"not_picked":["Poisoned Stab","Underhanded Strike"],"picked":"Quick Slash","floor":4},{"not_picked":["Outmaneuver","Quick Slash","Calculated Gamble"],"picked":"SKIP","floor":7}],"player_experience":841458,"relics_obtained":[{"floor":7,"key":"Bottled Tornado"},{"floor":9,"key":"Happy Flower"}],"event_choices":[{"damage_healed":0,"gold_gain":0,"player_choice":"Entered Light","damage_taken":22,"max_hp_gain":0,"max_hp_loss":0,"event_name":"Shining Light","floor":3,"gold_loss":0,"cards_upgraded":["Defend_G","Strike_G"]},{"damage_healed":0,"gold_gain":0,"player_choice":"Success","damage_taken":18,"relics_obtained":["Vajra"],"max_hp_gain":0,"max_hp_loss":0,"event_name":"Scrap Ooze","floor":5,"gold_loss":0},{"cards_removed":["Strike_G"],"damage_healed":0,"gold_gain":0,"player_choice":"Forget","damage_taken":0,"max_hp_gain":0,"max_hp_loss":0,"event_name":"Living Wall","floor":8,"gold_loss":0}],"is_beta":false,"boss_relics":[],"items_purged_floors":[],"is_endless":false,"potions_floor_spawned":[1,4],"killed_by":"Gremlin Nob","ascension_level":20}