{"path_per_floor":["M","M","?","M","?","R","M","E","T","M","R","$","M","$","R","B",null,"M","?","?"],"character_chosen":"IRONCLAD","items_purchased":["Dream Catcher"],"gold_per_floor":[119,132,82,92,92,92,104,133,157,169,169,12,22,22,22,121,121,135,135,135,135],"floor_reached":21,"campfire_rested":1,"playtime":712,"current_hp_per_floor":[80,76,76,76,76,76,73,67,67,46,70,70,72,72,72,29,80,31,31,31,0],"items_purged":[],"gold":135,"score":197,"play_id":"4e029d48-42b4-4596-aa0f-8fb5b59a83bd","local_time":"20180413170752","is_prod":false,"is_daily":false,"chose_seed":false,"is_ascension_mode":true,"campfire_upgraded":2,"timestamp":1523653672,"path_taken":["M","M","?","?","?","R","M","E","T","M","R","$","M","$","R","BOSS","M","?","?","M"],"build_version":"2018-04-12","seed_source_timestamp":633155942617357,"purchased_purges":0,"victory":false,"master_deck":["Strike_R","Strike_R","Strike_R","Strike_R","Strike_R","Defend_R","Defend_R","Defend_R","Bash","Rupture+1","Combust+1","Seeing Red","Brutality","Offering","Dropkick","Bloodletting","Rupture+1"],"max_hp_per_floor":[80,80,80,80,80,80,80,80,80,80,80,80,80,80,80,80,80,80,80,80,80],"relics":["Burning Blood","Vajra","Juzu Bracelet","Orrery","Nloth\u0027s Gift"],"card_choices":[{"not_picked":["Shrug It Off","Heavy Blade"],"picked":"Rupture","floor":1},{"not_picked":["Flex","Shrug It Off"],"picked":"Combust","floor":4},{"not_picked":["Perfected Strike","Clothesline"],"picked":"Seeing Red","floor":8},{"not_picked":["Armaments","Clash"],"picked":"Brutality","floor":13},{"not_picked":["Immolate","Fiend Fire"],"picked":"Offering","floor":16},{"not_picked":["Clothesline","Sword Boomerang"],"picked":"Dropkick","floor":17},{"not_picked":["Clothesline","Flex"],"picked":"Bloodletting","floor":17}],"player_experience":639061,"potions_floor_usage":[8,8,8,13],"damage_taken":[{"damage":4,"enemies":"Jaw Worm","floor":1,"turns":4},{"damage":10,"enemies":"Small Slimes","floor":2,"turns":3},{"damage":6,"enemies":"Cultist","floor":4,"turns":4},{"damage":9,"enemies":"Looter","floor":7,"turns":4},{"damage":12,"enemies":"3 Sentries","floor":8,"turns":3},{"damage":27,"enemies":"Exordium Thugs","floor":10,"turns":5},{"damage":10,"enemies":"3 Louse","floor":13,"turns":3},{"damage":49,"enemies":"Slime Boss","floor":16,"turns":7},{"damage":55,"enemies":"Chosen","floor":18,"turns":5},{"damage":31,"enemies":"Spheric Guardian","floor":21,"turns":3}],"event_choices":[{"event_name":"The Cleric","player_choice":"Card Removal","floor":3,"damage_taken":0},{"event_name":"The Lab","player_choice":"Got Potions","floor":5,"damage_taken":0},{"event_name":"N\u0027loth","player_choice":"Traded a Dream Catcher","floor":19,"damage_taken":0},{"event_name":"Duplicator","player_choice":"One dupe","floor":20,"damage_taken":0}],"boss_relics":[{"not_picked":["Runic Dome","Snecko Eye"],"picked":"Orrery"}],"potions_floor_spawned":[1,7,10,18],"seed_played":"-7721232954632975587","killed_by":"Spheric Guardian","ascension_level":2,"is_trial":false}