{"path_per_floor":["M","$","M","M","$","E","M","R","T","R","M","R","E","M","R","B",null,"M","M","M","$","?","R","M","R","T","M","M","E","?","M","R"],"character_chosen":"IRONCLAD","items_purchased":["Paper Frog","Impervious","Spot Weakness","Feed","Jack Of All Trades","Shockwave"],"gold_per_floor":[366,49,64,76,2,30,47,47,71,71,89,89,120,139,139,235,235,253,264,277,27,27,27,41,41,93,112,130,156,156,172,172],"floor_reached":33,"campfire_rested":3,"playtime":1622,"current_hp_per_floor":[45,45,51,57,57,46,40,40,40,40,40,64,56,71,90,29,90,90,90,80,80,80,90,81,90,90,79,70,39,39,13,52],"items_purged":[],"gold":172,"score":281,"play_id":"edf049bd-8086-4362-86dd-2d5c9c142763","local_time":"20180316075706","is_prod":false,"is_daily":false,"is_ascension_mode":false,"campfire_upgraded":4,"timestamp":1521201426,"path_taken":["M","$","M","M","$","E","M","R","T","R","M","R","E","?","R","BOSS","M","M","?","$","?","R","M","R","T","M","?","E","?","M","R","BOSS"],"build_version":"2018-03-15","purchased_purges":0,"victory":false,"master_deck":["Strike_R","Strike_R","Strike_R","Strike_R","Strike_R","Defend_R","Defend_R","Defend_R","Defend_R","Bash","Clash","Impervious","Demon Form+1","Battle Trance","Spot Weakness","Body Slam+1","Dual Wield","Inflame","Power Through","Double Tap+1","Bludgeon","Flame Barrier","Cleave+1","Battle Trance","Feed","Jack Of All Trades","Shockwave","Body Slam+1","Heavy Blade","Iron Wave","Infernal Blade","Normality","Carnage+1"],"max_hp_per_floor":[80,80,80,80,80,80,80,80,80,80,80,80,90,90,90,90,90,90,90,90,90,90,90,90,90,90,93,93,93,93,93,93],"relics":["Burning Blood","Paper Frog","Peace Pipe","Art of War","Pear","Eternal Feather","Bag of Preparation","Orichalcum","Kunai","Smiling Mask"],"card_choices":[{"not_picked":["Shrug It Off","Uppercut"],"picked":"Clash"},{"not_picked":["Blood for Blood","Clothesline"],"picked":"Demon Form"},{"not_picked":["Sentinel","Armaments"],"picked":"Battle Trance"},{"not_picked":["Metallicize","Hemokinesis"],"picked":"Body Slam"},{"not_picked":["Flex","Sever Soul"],"picked":"Dual Wield"},{"not_picked":["Spot Weakness","Hemokinesis"],"picked":"Inflame"},{"not_picked":["Uppercut","Evolve"],"picked":"Power Through"},{"not_picked":["Wild Strike","Iron Wave"],"picked":"Double Tap"},{"not_picked":["Reaper","Brutality"],"picked":"Bludgeon"},{"not_picked":["Feel No Pain","Battle Trance"],"picked":"Flame Barrier"},{"not_picked":["Thunderclap","Fire Breathing"],"picked":"Cleave"},{"not_picked":["Clothesline","Armaments"],"picked":"Battle Trance"},{"not_picked":["Iron Wave","Shockwave"],"picked":"Body Slam"},{"not_picked":["Burning Pact","Pummel"],"picked":"Heavy Blade"},{"not_picked":["Perfected Strike","Second Wind"],"picked":"Iron Wave"},{"not_picked":["Blood for Blood","Wild Strike"],"picked":"Infernal Blade"},{"not_picked":["Wild Strike","Clothesline"],"picked":"Carnage"}],"player_experience":451470,"potions_floor_usage":[6,7,11,14,20,20,28,29,31],"damage_taken":[{"damage":1,"enemies":"Cultist","floor":1,"turns":3},{"damage":0,"enemies":"Jaw Worm","floor":3,"turns":3},{"damage":0,"enemies":"Small Slimes","floor":4,"turns":3},{"damage":17,"enemies":"Lagavulin","floor":6,"turns":8},{"damage":12,"enemies":"Red Slaver","floor":7,"turns":5},{"damage":6,"enemies":"Lots of Slimes","floor":11,"turns":4},{"damage":24,"enemies":"3 Sentries","floor":13,"turns":6},{"damage":0,"enemies":"Large Slime","floor":14,"turns":4},{"damage":67,"enemies":"Slime Boss","floor":16,"turns":8},{"damage":0,"enemies":"Spheric Guardian","floor":18,"turns":5},{"damage":0,"enemies":"2 Thieves","floor":19,"turns":3},{"damage":16,"enemies":"Snake Plant","floor":20,"turns":3},{"damage":15,"enemies":"Snecko","floor":24,"turns":4},{"damage":20,"enemies":"Centurion and Healer","floor":27,"turns":5},{"damage":30,"enemies":"Cultist and Chosen","floor":28,"turns":6},{"damage":37,"enemies":"Gremlin Leader","floor":29,"turns":7},{"damage":32,"enemies":"3 Cultists","floor":31,"turns":5},{"damage":70,"enemies":"Collector","floor":33,"turns":7}],"event_choices":[{"event_name":"The Mausoleum","player_choice":"Yes","floor":22,"damage_taken":0},{"event_name":"Accursed Blacksmith","player_choice":"Rummage","floor":30,"damage_taken":0}],"boss_relics":[{"not_picked":["Ectoplasm","Sozu"],"picked":"Eternal Feather"}],"potions_floor_spawned":[1,6,7,13,18,19,24,27,28],"seed_played":"-7067923517416613219","killed_by":"Collector","ascension_level":0,"is_trial":false}