{"path_per_floor":["M","T","M","T","?","E","?","E","T","E","M","E","R","M","R","B",null,"M","$","M","?","M","R","E","T","T","E","M","E","?","E","R","B",null,"M","M","$","M","?","E","R","E","T","E","?","E","$","?","R","B"],"character_chosen":"DEFECT","items_purchased":["Lantern","Ancient Tea Set","Symbiotic Virus","Gremlin Horn","Double Energy","Double Energy","Toolbox","Magnetism"],"gold_per_floor":[114,114,129,129,129,159,159,189,189,219,234,264,264,279,279,379,379,394,94,109,109,124,124,154,204,204,234,249,279,279,309,309,409,439,454,469,11,26,276,306,306,336,386,416,416,446,27,27,27,27],"floor_reached":51,"campfire_rested":6,"playtime":3160,"current_hp_per_floor":[75,81,78,84,84,70,70,18,24,20,18,27,54,46,73,45,99,80,80,52,58,21,52,33,39,45,70,61,60,60,15,50,46,128,79,71,71,71,77,66,106,75,81,77,77,30,30,30,72,77],"items_purged":[],"gold":27,"score":1141,"play_id":"6c492cda-71ab-4407-a233-73decfb3d9e7","local_time":"20180505171120","daily_mods":["Heirloom","Cursed Run","Elite Swarm"],"is_prod":false,"is_daily":true,"chose_seed":false,"is_ascension_mode":false,"campfire_upgraded":0,"timestamp":1525554680,"path_taken":["M","?","M","?","?","E","?","E","T","E","?","E","R","?","R","BOSS","M","$","?","?","M","R","E","?","T","E","M","E","?","E","R","BOSS","M","M","?","M","?","E","R","E","T","E","?","E","$","?","R","BOSS"],"build_version":"2018-05-03","seed_source_timestamp":0,"purchased_purges":0,"victory":true,"master_deck":["Strike_B","Strike_B","Strike_B","Strike_B","Defend_B","Defend_B","Defend_B","Zap","Dualcast","Barrage","FTL+1","Clumsy","Biased Cognition","Rainbow","Regret","Rainbow+1","Defragment+1","Amplify","White Noise","Regret","Amplify","Double Energy","Tempest+1","Writhe","Machine Learning+1","Pain","Parasite","Rainbow+1","Seek","Rip and Tear","Echo Form+1","Redo","Injury","Hyperbeam","Sunder","Defragment+1","Leap+1","Double Energy","Regret","Creative AI+1","Echo Form+1","Decay","Reboot","Creative AI+1","Double Energy","Magnetism+1","Parasite"],"max_hp_per_floor":[75,81,81,87,87,87,87,87,93,93,93,93,93,93,93,99,99,99,99,99,105,105,105,105,111,117,117,117,117,117,117,117,123,128,128,128,128,128,134,134,134,134,140,140,140,140,140,140,140,146],"relics":["Cursed Key","Darkstone Periapt","Du-Vu Doll","Emotion Chip","Kunai","Dodecahedron","Sundial","Spirit Poop","Frozen Egg 2","Peace Pipe","Happy Flower","Ice Cream","Lizard Tail","Lantern","Ancient Tea Set","Meat on the Bone","The Courier","Juzu Bracelet","Ornamental Fan","Blood Vial","Dead Branch","War Paint","Tiny House","Symbiotic Virus","Gremlin Horn","Anchor","Mummified Hand","Art of War","Shovel","Bird Faced Urn","Toolbox"],"card_choices":[{"not_picked":["Capacitor","Coolheaded"],"picked":"Barrage","floor":1},{"not_picked":["Reinforced Body","Hologram"],"picked":"FTL","floor":3},{"not_picked":["Meteor Strike","Reboot"],"picked":"Biased Cognition","floor":6},{"not_picked":["Fission","Reboot"],"picked":"Rainbow","floor":8},{"not_picked":["Redo","All For One"],"picked":"Rainbow","floor":10},{"not_picked":["Blizzard","Cold Snap"],"picked":"Defragment","floor":11},{"not_picked":["Thunder Strike","Prime"],"picked":"Amplify","floor":12},{"not_picked":["Barrage","Glacier"],"picked":"White Noise","floor":14},{"not_picked":["Meteor Strike","Biased Cognition"],"picked":"Amplify","floor":16},{"not_picked":["Blizzard","Recycle"],"picked":"Double Energy","floor":18},{"not_picked":["Glacier","Reinforced Body"],"picked":"Tempest","floor":20},{"not_picked":["Fission","Meteor Strike"],"picked":"Machine Learning","floor":24},{"not_picked":["Prime","Machine Learning"],"picked":"Rainbow","floor":27},{"not_picked":["Fission","Meteor Strike"],"picked":"Seek","floor":29},{"not_picked":["All For One","Thunder Strike"],"picked":"Redo","floor":31},{"not_picked":["Machine Learning","Meteor Strike"],"picked":"Hyperbeam","floor":33},{"not_picked":["Barrage","Coolheaded"],"picked":"Sunder","floor":34},{"not_picked":["Coolheaded","Steam Power"],"picked":"Defragment","floor":35},{"not_picked":["Go for the Eyes","Doom and Gloom"],"picked":"Leap","floor":36},{"not_picked":["Biased Cognition","Meteor Strike"],"picked":"Creative AI","floor":40},{"not_picked":["Redo","Reboot"],"picked":"Echo Form","floor":42},{"not_picked":["Rainbow","Biased Cognition"],"picked":"Reboot","floor":44},{"not_picked":["Fusion","Multi-Cast"],"picked":"Creative AI","floor":46}],"player_experience":145275,"potions_floor_usage":[10,12,16,18,20,24,28,29,33,35,36,40,44,44],"damage_taken":[{"damage":0,"enemies":"Cultist","floor":1,"turns":3},{"damage":3,"enemies":"Jaw Worm","floor":3,"turns":4},{"damage":14,"enemies":"Lagavulin","floor":6,"turns":7},{"damage":52,"enemies":"Gremlin Nob","floor":8,"turns":5},{"damage":4,"enemies":"3 Sentries","floor":10,"turns":4},{"damage":2,"enemies":"Small Slimes","floor":11,"turns":3},{"damage":0,"enemies":"Lagavulin","floor":12,"turns":4},{"damage":8,"enemies":"Exordium Thugs","floor":14,"turns":5},{"damage":34,"enemies":"Hexaghost","floor":16,"turns":6},{"damage":19,"enemies":"3 Byrds","floor":18,"turns":4},{"damage":28,"enemies":"2 Thieves","floor":20,"turns":4},{"damage":49,"enemies":"Snake Plant","floor":22,"turns":5},{"damage":31,"enemies":"Gremlin Leader","floor":24,"turns":6},{"damage":51,"enemies":"Slavers","floor":27,"turns":5},{"damage":11,"enemies":"Snecko","floor":28,"turns":4},{"damage":15,"enemies":"Book of Stabbing","floor":29,"turns":4},{"damage":59,"enemies":"Slavers","floor":31,"turns":4},{"damage":24,"enemies":"Automaton","floor":33,"turns":6},{"damage":52,"enemies":"3 Shapes","floor":35,"turns":3},{"damage":10,"enemies":"Orb Walker","floor":36,"turns":2},{"damage":14,"enemies":"Maw","floor":38,"turns":5},{"damage":25,"enemies":"2 Orb Walkers","floor":40,"turns":3},{"damage":33,"enemies":"Nemesis","floor":42,"turns":5},{"damage":6,"enemies":"Giant Head","floor":44,"turns":6},{"damage":61,"enemies":"Nemesis","floor":46,"turns":5},{"damage":33,"enemies":"Awakened One","floor":50,"turns":4}],"event_choices":[{"event_name":"Living Wall","player_choice":"Grow","floor":5,"damage_taken":0},{"event_name":"Bonfire Elementals","player_choice":"CURSE","floor":7,"damage_taken":0},{"event_name":"The Mausoleum","player_choice":"Yes","floor":21,"damage_taken":0},{"event_name":"Match and Keep!","player_choice":"2 cards matched","floor":30,"damage_taken":0},{"event_name":"Golden Shrine","player_choice":"Desecrate","floor":39,"damage_taken":0},{"event_name":"Mysterious Sphere","player_choice":"Ignore","floor":48,"damage_taken":0}],"boss_relics":[{"not_picked":["White Beast Statue","Snecko Eye"],"picked":"Lizard Tail"},{"not_picked":["Velvet Choker","Pandora\u0027s Box"],"picked":"Tiny House"}],"potions_floor_spawned":[6,11,14,16,18,22,24,28,31,33,38,40,42],"seed_played":"-736207879741980722","ascension_level":0,"is_trial":false}