{"gold_per_floor":[112,130,150,130,26,26,53,53,129,146,160,173,191,191],"floor_reached":14,"playtime":397,"items_purged":["Strike_G"],"score":188,"play_id":"72aa4de3-ee14-460f-ba79-e42f19866808","local_time":"20190106110024","is_ascension_mode":true,"campfire_choices":[{"data":"Noxious Fumes","floor":6,"key":"SMITH"},{"floor":8,"key":"REST"}],"neow_cost":"NONE","seed_source_timestamp":43288949342883,"circlet_count":0,"master_deck":["AscendersBane","Defend_G","Defend_G","Defend_G","Defend_G","Defend_G","Strike_G","Strike_G","Strike_G","Strike_G","Survivor","Neutralize","Dagger Spray","Dagger Throw","Noxious Fumes+1","Dodge and Roll","Malaise","Backstab","Cloak And Dagger"],"relics":["Ring of the Snake","Ancient Tea Set","Tiny Chest"],"potions_floor_usage":[7,11,14],"damage_taken":[{"damage":5,"enemies":"Jaw Worm","floor":1,"turns":5},{"damage":0,"enemies":"Cultist","floor":2,"turns":3},{"damage":0,"enemies":"2 Louse","floor":3,"turns":2},{"damage":31,"enemies":"Lagavulin","floor":7,"turns":7},{"damage":6,"enemies":"Exordium Wildlife","floor":10,"turns":4},{"damage":1,"enemies":"Looter","floor":11,"turns":4},{"damage":2,"enemies":"Blue Slaver","floor":12,"turns":5},{"damage":20,"enemies":"Gremlin Gang","floor":13,"turns":3},{"damage":21,"enemies":"Gremlin Nob","floor":14,"turns":4}],"seed_played":"-8602930627366768848","potions_obtained":[{"floor":2,"key":"GhostInAJar"},{"floor":3,"key":"SpeedPotion"},{"floor":4,"key":"SteroidPotion"},{"floor":10,"key":"FearPotion"}],"is_trial":false,"path_per_floor":["M","M","M","?","$","R","E","R","T","M","M","M","M","E"],"character_chosen":"THE_SILENT","items_purchased":["Dodge and Roll"],"campfire_rested":1,"item_purchase_floors":[5],"current_hp_per_floor":[60,60,60,60,60,60,29,50,50,44,43,41,21,0],"gold":191,"neow_bonus":"TEN_PERCENT_HP_BONUS","is_prod":false,"is_daily":false,"chose_seed":false,"campfire_upgraded":1,"win_rate":0,"timestamp":1546797624,"path_taken":["M","M","M","?","?","R","E","R","T","M","M","M","M","E"],"build_version":"2019-01-03v4","purchased_purges":1,"victory":false,"max_hp_per_floor":[72,72,72,72,72,72,72,72,72,72,72,72,72,72],"card_choices":[{"not_picked":["Backflip","Outmaneuver"],"picked":"Dagger Spray","floor":1},{"not_picked":["Outmaneuver","Acrobatics"],"picked":"Dagger Throw","floor":2},{"not_picked":["Dagger Throw","Tactician"],"picked":"Noxious Fumes","floor":3},{"not_picked":["Leg Sweep","Escape Plan"],"picked":"Malaise","floor":7},{"not_picked":["Bane","Sucker Punch"],"picked":"Backstab","floor":10},{"not_picked":["Dagger Spray","Flying Knee"],"picked":"Cloak And Dagger","floor":11},{"not_picked":["Sucker Punch","Dodge and Roll","Dagger Throw"],"picked":"SKIP","floor":12},{"not_picked":["Heel Hook","Blade Dance","Backflip"],"picked":"SKIP","floor":13}],"player_experience":683395,"relics_obtained":[{"floor":7,"key":"Ancient Tea Set"},{"floor":9,"key":"Tiny Chest"}],"event_choices":[{"damage_healed":0,"gold_gain":0,"player_choice":"Bought 1 Potion","damage_taken":0,"max_hp_gain":0,"max_hp_loss":0,"event_name":"The Woman in Blue","floor":4,"gold_loss":0}],"is_beta":false,"boss_relics":[],"items_purged_floors":[5],"is_endless":false,"potions_floor_spawned":[2,3,10],"killed_by":"Gremlin Nob","ascension_level":20}