{"gold_per_floor":[114,114,129,129,148,148,167,167,167,186,224,399,44,44,44,44],"floor_reached":16,"playtime":623,"items_purged":[],"score":102,"play_id":"7096292c-0314-45fc-b1c0-44fdca28467c","local_time":"20180714044318","daily_mods":["Shiny","Uncertain Future","Lethality"],"is_ascension_mode":false,"campfire_choices":[{"floor":6,"key":"REST"},{"data":"Rainbow","floor":8,"key":"SMITH"},{"floor":15,"key":"REST"}],"neow_cost":"","seed_source_timestamp":435952693365008,"circlet_count":0,"master_deck":["Multi-Cast","Hyperbeam","Thunder Strike","Biased Cognition","Machine Learning","Electrodynamics","Buffer","Rainbow+1","Seek","Meteor Strike","Echo Form","All For One","Reboot","Amplify","Creative AI","Fission","Core Surge","Double Energy","Compile Driver","Gash","Rebound","Conserve Battery","White Noise","Doubt","Gash","Self Repair","Turbo"],"special_seed":17726,"relics":["Cracked Core","Girya","Golden Idol","Pen Nib","Dodecahedron","Toolbox"],"potions_floor_usage":[14,16],"damage_taken":[{"damage":0,"enemies":"2 Louse","floor":1,"turns":2},{"damage":21,"enemies":"Small Slimes","floor":3,"turns":3},{"damage":7,"enemies":"Cultist","floor":5,"turns":3},{"damage":0,"enemies":"Large Slime","floor":7,"turns":3},{"damage":0,"enemies":"2 Fungi Beasts","floor":10,"turns":2},{"damage":19,"enemies":"Lagavulin","floor":11,"turns":5},{"damage":0,"enemies":"Gremlin Gang","floor":14,"turns":1},{"damage":62,"enemies":"The Guardian","floor":16,"turns":5}],"seed_played":"-1557900698408723444","potions_obtained":[{"floor":1,"key":"Strength Potion"},{"floor":5,"key":"SmokeBomb"}],"is_trial":false,"path_per_floor":["M","?","M","?","M","R","M","R","T","M","E","?","$","M","R"],"character_chosen":"DEFECT","items_purchased":["Gash","Self Repair","Turbo","Toolbox"],"campfire_rested":2,"item_purchase_floors":[13,13,13,13],"current_hp_per_floor":[75,63,42,42,35,55,55,55,55,55,36,36,36,36,56,0],"gold":44,"neow_bonus":"","is_prod":false,"is_daily":true,"chose_seed":false,"campfire_upgraded":1,"win_rate":0,"timestamp":1531557798,"path_taken":["M","?","M","?","M","R","M","R","T","M","E","?","$","M","R","BOSS"],"build_version":"2018-07-12","purchased_purges":0,"victory":false,"max_hp_per_floor":[75,75,75,69,69,69,69,69,69,69,69,69,69,69,69,69],"card_choices":[{"not_picked":["Chaos","Steam Power"],"picked":"Double Energy","floor":1},{"not_picked":["Stack","Cold Snap"],"picked":"Compile Driver","floor":3},{"not_picked":["Recycle","Conserve Battery"],"picked":"Gash","floor":5},{"not_picked":["Reinforced Body","Stack"],"picked":"Rebound","floor":7},{"not_picked":["Leap","Reprogram"],"picked":"Conserve Battery","floor":10},{"not_picked":["Steam Power","Tempest"],"picked":"White Noise","floor":11}],"player_experience":420501,"relics_obtained":[{"floor":9,"key":"Pen Nib"},{"floor":11,"key":"Dodecahedron"}],"event_choices":[{"event_name":"Scrap Ooze","player_choice":"success","floor":2,"damage_taken":12},{"event_name":"Golden Idol","player_choice":"Lose Max HP","floor":4,"damage_taken":0},{"event_name":"Liars Game","player_choice":"agreed","floor":12,"damage_taken":0}],"boss_relics":[],"items_purged_floors":[],"is_endless":false,"potions_floor_spawned":[1,5],"killed_by":"The Guardian","ascension_level":0}