{"gold_per_floor":[118,118,118,128,59,59,81,81,111,111,129,141,151,151,151,151],"floor_reached":16,"playtime":618,"items_purged":[],"score":95,"play_id":"4f6f30b5-1f3c-419f-bbbe-6ac7dd6f0a1a","local_time":"20190706190743","is_ascension_mode":true,"campfire_choices":[{"data":"Armaments","floor":6,"key":"SMITH"},{"data":"Carnage","floor":8,"key":"SMITH"},{"floor":15,"key":"REST"}],"neow_cost":"TEN_PERCENT_HP_LOSS","seed_source_timestamp":252816270044300,"circlet_count":0,"master_deck":["Strike_R","Strike_R","Strike_R","Strike_R","Strike_R","Defend_R","Defend_R+1","Defend_R+1","Defend_R","Bash","Armaments+1","Seeing Red","Feel No Pain","Carnage+1","Sword Boomerang","Power Through"],"relics":["Burning Blood","StoneCalendar","Odd Mushroom","Tiny Chest"],"potions_floor_usage":[12,16],"damage_taken":[{"damage":7,"enemies":"Small Slimes","floor":1,"turns":4},{"damage":8,"enemies":"Jaw Worm","floor":4,"turns":4},{"damage":42,"enemies":"The Mushroom Lair","floor":7,"turns":7},{"damage":0,"enemies":"2 Louse","floor":11,"turns":2},{"damage":0,"enemies":"Looter","floor":12,"turns":2},{"damage":16,"enemies":"Lots of Slimes","floor":13,"turns":5},{"damage":48,"enemies":"Hexaghost","floor":16,"turns":13}],"seed_played":"-5102547132353707949","potions_obtained":[{"floor":1,"key":"Explosive Potion"},{"floor":13,"key":"SkillPotion"}],"is_trial":false,"path_per_floor":["M","?","?","M","$","R","?","R","T","$","M","M","M","$","R","B"],"character_chosen":"IRONCLAD","items_purchased":["Feel No Pain"],"campfire_rested":1,"item_purchase_floors":[5],"current_hp_per_floor":[71,76,61,59,59,59,23,23,23,23,29,35,25,25,48,0],"gold":151,"neow_bonus":"ONE_RARE_RELIC","is_prod":false,"is_daily":false,"chose_seed":false,"campfire_upgraded":2,"win_rate":0,"timestamp":1562458063,"path_taken":["M","?","?","M","$","R","?","R","T","?","?","M","M","$","R","BOSS"],"build_version":"2019-07-05","purchased_purges":0,"victory":false,"max_hp_per_floor":[72,77,77,77,77,77,77,77,77,77,77,77,77,77,77,77],"card_choices":[{"not_picked":["Hemokinesis","Shrug It Off"],"picked":"Armaments","floor":1},{"not_picked":["Heavy Blade","Twin Strike"],"picked":"Seeing Red","floor":4},{"not_picked":["Rage","Shrug It Off"],"picked":"Carnage","floor":7},{"not_picked":["Havoc","Headbutt"],"picked":"Sword Boomerang","floor":11},{"not_picked":["Whirlwind","Thunderclap","Body Slam"],"picked":"SKIP","floor":12},{"not_picked":["Barricade","Thunderclap"],"picked":"Power Through","floor":13}],"player_experience":375257,"relics_obtained":[{"floor":7,"key":"Odd Mushroom"},{"floor":9,"key":"Tiny Chest"}],"event_choices":[{"damage_healed":0,"gold_gain":0,"player_choice":"Donut","damage_taken":0,"max_hp_gain":5,"max_hp_loss":0,"event_name":"Big Fish","floor":2,"gold_loss":0},{"damage_healed":0,"gold_gain":0,"player_choice":"Entered Light","damage_taken":15,"max_hp_gain":0,"max_hp_loss":0,"event_name":"Shining Light","floor":3,"gold_loss":0,"cards_upgraded":["Defend_R","Defend_R"]},{"damage_healed":0,"gold_gain":0,"player_choice":"Fought Mushrooms","damage_taken":0,"max_hp_gain":0,"max_hp_loss":0,"event_name":"Mushrooms","floor":7,"gold_loss":0}],"is_beta":false,"boss_relics":[],"items_purged_floors":[],"is_endless":false,"potions_floor_spawned":[1,13],"killed_by":"Hexaghost","ascension_level":1}