{"gold_per_floor":[109,121,139,139,159,159,169,169],"floor_reached":8,"playtime":492,"items_purged":[],"score":100,"play_id":"f7b1d1ed-38e6-4531-babc-a506cc400640","local_time":"20190106153730","is_ascension_mode":true,"campfire_choices":[{"data":"Neutralize","floor":6,"key":"SMITH"}],"neow_cost":"NONE","seed_source_timestamp":59819145522638,"circlet_count":0,"master_deck":["AscendersBane","Defend_G","Defend_G","Defend_G","Defend_G","Defend_G","Strike_G","Strike_G","Strike_G","Strike_G","Survivor","Neutralize+1","Endless Agony","Footwork","Quick Slash","Cloak And Dagger","Blur"],"relics":["Ring of the Snake"],"potions_floor_usage":[7],"damage_taken":[{"damage":2,"enemies":"2 Louse","floor":1,"turns":3},{"damage":0,"enemies":"Cultist","floor":2,"turns":4},{"damage":0,"enemies":"Small Slimes","floor":3,"turns":6},{"damage":4,"enemies":"2 Fungi Beasts","floor":5,"turns":4},{"damage":13,"enemies":"Large Slime","floor":7,"turns":8},{"damage":0,"enemies":"Lagavulin","floor":8,"turns":1}],"seed_played":"-2448785695504095388","potions_obtained":[{"floor":2,"key":"SmokeBomb"},{"floor":3,"key":"Poison Potion"},{"floor":7,"key":"Explosive Potion"}],"is_trial":false,"path_per_floor":["M","M","M","?","M","R","M","E"],"character_chosen":"THE_SILENT","items_purchased":[],"campfire_rested":0,"item_purchase_floors":[],"current_hp_per_floor":[63,63,63,63,59,59,46,46],"gold":169,"neow_bonus":"TEN_PERCENT_HP_BONUS","is_prod":false,"is_daily":false,"chose_seed":false,"campfire_upgraded":1,"win_rate":0,"timestamp":1546814250,"path_taken":["M","M","M","?","M","R","M","E"],"build_version":"2019-01-03v4","purchased_purges":0,"victory":false,"max_hp_per_floor":[72,72,72,72,72,72,72,72],"card_choices":[{"not_picked":["Acrobatics","Sucker Punch"],"picked":"Endless Agony","floor":1},{"not_picked":["Escape Plan","Cloak And Dagger"],"picked":"Footwork","floor":2},{"not_picked":["Blade Dance","Bane"],"picked":"Quick Slash","floor":3},{"not_picked":["Acrobatics","Prepared"],"picked":"Cloak And Dagger","floor":5},{"not_picked":["Flechettes","Sucker Punch"],"picked":"Blur","floor":7}],"player_experience":683792,"relics_obtained":[],"event_choices":[{"cards_removed":["Strike_G"],"damage_healed":0,"gold_gain":0,"player_choice":"Offered Basic","damage_taken":0,"max_hp_gain":0,"max_hp_loss":0,"event_name":"Bonfire Elementals","floor":4,"gold_loss":0}],"is_beta":false,"boss_relics":[],"items_purged_floors":[],"is_endless":false,"potions_floor_spawned":[2,3,7],"killed_by":"Lagavulin","ascension_level":20}