{"gold_per_floor":[117,132,132,144,162,195,206,206,206,238,254,286,233,245,245,316,316,336,336,261,272,287,287,287],"floor_reached":24,"playtime":814,"items_purged":["Strike_R"],"score":490,"play_id":"55e3cd31-b1c5-426b-837e-84d104b02f5a","local_time":"20190529210455","is_ascension_mode":true,"campfire_choices":[{"data":"Spot Weakness","floor":8.0,"key":"SMITH"},{"data":"Disarm","floor":15.0,"key":"SMITH"},{"floor":23,"key":"REST"}],"neow_cost":"NONE","seed_source_timestamp":1274626212205956,"circlet_count":0,"master_deck":["AscendersBane","Strike_R","Strike_R","Strike_R","Strike_R","Defend_R","Defend_R","Defend_R","Defend_R","Bash","Headbutt","Spot Weakness+1","Ghostly Armor","Disarm+1","Offering","Heavy Blade","Limit Break","Immolate","Reaper","Inflame","Sword Boomerang+1","Whirlwind+1"],"special_seed":0,"relics":["Black Blood","Red Skull","Pear","Centennial Puzzle","Juzu Bracelet","Matryoshka"],"potions_floor_usage":[],"damage_taken":[{"damage":5.0,"enemies":"2 Louse","floor":1.0,"turns":4.0},{"damage":7.0,"enemies":"Jaw Worm","floor":2.0,"turns":4.0},{"damage":15.0,"enemies":"Small Slimes","floor":4.0,"turns":4.0},{"damage":11.0,"enemies":"3 Louse","floor":5.0,"turns":6.0},{"damage":30.0,"enemies":"Lagavulin","floor":6.0,"turns":7.0},{"damage":1.0,"enemies":"Exordium Wildlife","floor":7.0,"turns":4.0},{"damage":6.0,"enemies":"Gremlin Nob","floor":10.0,"turns":2.0},{"damage":17.0,"enemies":"Large Slime","floor":11.0,"turns":3.0},{"damage":27.0,"enemies":"Lagavulin","floor":12.0,"turns":5.0},{"damage":0.0,"enemies":"Lots of Slimes","floor":14.0,"turns":1.0},{"damage":18.0,"enemies":"The Guardian","floor":16.0,"turns":11.0},{"damage":43.0,"enemies":"Shell Parasite","floor":18.0,"turns":4.0},{"damage":39,"enemies":"Chosen","floor":21,"turns":5},{"damage":6,"enemies":"Sentry and Sphere","floor":22,"turns":2},{"damage":94,"enemies":"Slavers","floor":24,"turns":4}],"seed_played":"1721248504466798098","potions_obtained":[{"floor":1.0,"key":"GamblersBrew"},{"floor":5.0,"key":"LiquidBronze"},{"floor":16.0,"key":"Strength Potion"}],"is_trial":false,"path_per_floor":["M","M","?","M","M","E","M","R","T","E","M","E","?","M","R","B",null,"M","?","$","M","M","R","E"],"character_chosen":"IRONCLAD","items_purchased":[],"campfire_rested":1,"item_purchase_floors":[],"current_hp_per_floor":[69,68,68,59,54,40,45,45,45,45,34,13,13,19,19,7,66,33,33,33,19,37,62,0],"gold":287,"neow_bonus":"RANDOM_COMMON_RELIC","is_prod":false,"is_daily":false,"chose_seed":false,"campfire_upgraded":2,"win_rate":0,"timestamp":1559189095,"path_taken":["M","M","?","M","M","E","M","R","T","E","M","E","?","M","R","BOSS","M","?","$","M","M","R","E"],"build_version":"2019-01-23","purchased_purges":1,"victory":false,"max_hp_per_floor":[75,75,75,75,75,85,85,85,85,85,85,85,85,85,85,85,85,85,85,85,85,85,85,85],"card_choices":[{"not_picked":["Shockwave","Warcry"],"picked":"Headbutt","floor":1.0},{"not_picked":["Havoc","Second Wind"],"picked":"Spot Weakness","floor":2.0},{"not_picked":["Wild Strike","Carnage"],"picked":"Ghostly Armor","floor":4.0},{"not_picked":["Rage","Body Slam"],"picked":"Disarm","floor":5.0},{"not_picked":["Havoc","Shockwave"],"picked":"Offering","floor":6.0},{"not_picked":["Cleave","Evolve"],"picked":"Heavy Blade","floor":7.0},{"not_picked":["Spot Weakness","Pommel Strike"],"picked":"Limit Break","floor":10.0},{"not_picked":["Body Slam","Searing Blow","Thunderclap"],"picked":"SKIP","floor":11.0},{"not_picked":["Perfected Strike","Blood for Blood"],"picked":"Immolate","floor":12.0},{"not_picked":["Sever Soul","Wild Strike","Corruption"],"picked":"SKIP","floor":14.0},{"not_picked":["Fiend Fire","Double Tap"],"picked":"Reaper","floor":16.0},{"not_picked":["Sword Boomerang","Anger"],"picked":"Inflame","floor":18.0},{"not_picked":["Hemokinesis","Sentinel+1"],"picked":"Sword Boomerang+1","floor":21},{"not_picked":["Warcry","Iron Wave"],"picked":"Whirlwind+1","floor":22}],"player_experience":750702,"relics_obtained":[{"floor":6.0,"key":"Pear"},{"floor":9.0,"key":"Centennial Puzzle"},{"floor":10.0,"key":"Juzu Bracelet"},{"floor":12.0,"key":"Matryoshka"}],"event_choices":[{"damage_healed":0.0,"max_hp_gain":0.0,"max_hp_loss":0.0,"gold_gain":0.0,"event_name":"Liars Game","player_choice":"Ignored","floor":3.0,"gold_loss":0.0,"damage_taken":0.0},{"damage_healed":0.0,"max_hp_gain":0.0,"max_hp_loss":0.0,"gold_gain":0.0,"event_name":"World of Goop","player_choice":"Left Gold","floor":13.0,"gold_loss":53.0,"damage_taken":0.0},{"damage_healed":0,"gold_gain":0,"player_choice":"Ignored","damage_taken":0,"max_hp_gain":0,"max_hp_loss":0,"event_name":"Cursed Tome","floor":19,"gold_loss":0}],"is_beta":false,"boss_relics":[{"not_picked":["Calling Bell","Eternal Feather"],"picked":"Black Blood"}],"items_purged_floors":[20],"is_endless":false,"potions_floor_spawned":[1,5,11,12,14,16,21],"killed_by":"Slavers","ascension_level":20}