{"path_per_floor":["M","?","?","M","$","R","$","M","T","R","M","?","M","M","R","B",null,"M","$","?","M","M","R","M","M","T"],"character_chosen":"IRONCLAD","items_purchased":["Lantern","Anger","Fiend Fire"],"gold_per_floor":[112,187,187,199,4,4,4,14,39,39,56,56,66,79,79,182,182,195,45,45,60,70,70,80,97,97,97],"floor_reached":27,"campfire_rested":1,"playtime":1121,"current_hp_per_floor":[72,61,61,76,76,76,76,80,80,80,80,64,70,67,67,28,80,59,59,59,40,19,43,36,35,35,0],"items_purged":[],"gold":97,"score":207,"play_id":"fe064f5b-5c13-4126-8acc-173139b4ae30","local_time":"20180503053710","is_prod":false,"is_daily":false,"chose_seed":false,"is_ascension_mode":false,"campfire_upgraded":3,"timestamp":1525340230,"path_taken":["M","?","?","?","$","R","?","M","T","R","M","?","M","M","R","BOSS","M","$","?","M","M","R","M","M","T","M"],"build_version":"2018-05-02","seed_source_timestamp":1510369814049062,"purchased_purges":0,"victory":false,"master_deck":["Strike_R","Strike_R","Strike_R","Strike_R+1","Strike_R","Defend_R","Defend_R","Defend_R","Defend_R","Bash","Spot Weakness+1","Seeing Red+1","Anger+1","Clash+1","Infernal Blade+1","Feed","Rage","Clash","Battle Trance","Body Slam+1","Fiend Fire","Offering","Clash","Dual Wield","Second Wind+1","Barricade"],"max_hp_per_floor":[80,80,80,80,80,80,80,80,80,80,80,80,80,80,80,80,80,83,83,83,83,83,83,86,89,89,92],"relics":["Burning Blood","Lantern","Juzu Bracelet","Orrery","Dodecahedron"],"card_choices":[{"not_picked":["Thunderclap","Heavy Blade"],"picked":"Spot Weakness","floor":1},{"not_picked":["Sword Boomerang","Sever Soul"],"picked":"Seeing Red","floor":4},{"not_picked":["Clothesline","True Grit"],"picked":"Clash","floor":8},{"not_picked":["Juggernaut","Carnage"],"picked":"Infernal Blade","floor":13},{"not_picked":["Fiend Fire","Dark Embrace"],"picked":"Feed","floor":16},{"not_picked":["Feel No Pain","True Grit"],"picked":"Rage","floor":17},{"not_picked":["Shrug It Off","Pommel Strike"],"picked":"Clash","floor":17},{"not_picked":["Burning Pact","Ghostly Armor"],"picked":"Battle Trance","floor":17},{"not_picked":["Corruption","Fire Breathing"],"picked":"Body Slam","floor":18},{"not_picked":["Armaments","Perfected Strike"],"picked":"Clash","floor":21},{"not_picked":["Warcry","Headbutt"],"picked":"Dual Wield","floor":22},{"not_picked":["Blood for Blood","Armaments"],"picked":"Second Wind","floor":24},{"not_picked":["Uppercut","Rage"],"picked":"Barricade","floor":25}],"player_experience":129705,"potions_floor_usage":[4,13,16,16,18,25,25],"damage_taken":[{"damage":14,"enemies":"Small Slimes","floor":1,"turns":5},{"damage":3,"enemies":"Jaw Worm","floor":4,"turns":5},{"damage":0,"enemies":"2 Louse","floor":8,"turns":2},{"damage":0,"enemies":"Blue Slaver","floor":11,"turns":1},{"damage":6,"enemies":"Lots of Slimes","floor":13,"turns":3},{"damage":9,"enemies":"Exordium Thugs","floor":14,"turns":3},{"damage":45,"enemies":"Hexaghost","floor":16,"turns":7},{"damage":30,"enemies":"Chosen","floor":18,"turns":6},{"damage":25,"enemies":"2 Thieves","floor":21,"turns":4},{"damage":27,"enemies":"Slaver and Parasite","floor":22,"turns":4},{"damage":16,"enemies":"3 Cultists","floor":24,"turns":4},{"damage":10,"enemies":"Snake Plant","floor":25,"turns":4},{"damage":42,"enemies":"Centurion and Healer","floor":27,"turns":6}],"event_choices":[{"event_name":"World of Goop","player_choice":"Gather Gold","floor":2,"damage_taken":0},{"event_name":"Upgrade Shrine","player_choice":"Upgraded","floor":3,"damage_taken":0},{"event_name":"Shining Light","player_choice":"Entered Light","floor":12,"damage_taken":0},{"event_name":"Match and Keep!","player_choice":"1 cards matched","floor":20,"damage_taken":0}],"boss_relics":[{"not_picked":["Calling Bell","Lizard Tail"],"picked":"Orrery"}],"potions_floor_spawned":[4,13,14,22,24],"seed_played":"-1076778653542677150","killed_by":"Centurion and Healer","ascension_level":0,"is_trial":false}