{"gold_per_floor":[112,125,192,192,192,206,206,232,310,1,1,18,18,31,31,133,133,144,144,144,162,162,162],"floor_reached":23,"playtime":5443,"items_purged":[],"score":189,"play_id":"6ff48b22-a8a2-47de-97fe-bc9325f217ea","local_time":"20190316142454","is_ascension_mode":false,"campfire_choices":[{"floor":11,"key":"REST"},{"data":"Whirlwind","floor":13,"key":"SMITH"},{"floor":15,"key":"REST"}],"neow_cost":"","seed_source_timestamp":197065322306961,"circlet_count":0,"master_deck":["Strike_R","Strike_R","Strike_R","Strike_R","Defend_R","Defend_R","Defend_R","Bash+1","Anger","Hemokinesis","Hemokinesis+1","Iron Wave","Whirlwind+1","Panache","Battle Trance","Iron Wave","Flame Barrier","Anger","Bludgeon","Dropkick","Rage","Cleave","Double Tap","Dual Wield","Cleave","Thunderclap","Pommel Strike+1"],"relics":["Burning Blood","Potion Belt","Question Card","Orrery"],"potions_floor_usage":[6,16,16,23],"damage_taken":[{"damage":14,"enemies":"Small Slimes","floor":1,"turns":4},{"damage":16,"enemies":"Jaw Worm","floor":2,"turns":4},{"damage":8,"enemies":"2 Louse","floor":6,"turns":3},{"damage":14,"enemies":"Gremlin Nob","floor":8,"turns":3},{"damage":14,"enemies":"2 Fungi Beasts","floor":12,"turns":3},{"damage":4,"enemies":"3 Louse","floor":14,"turns":4},{"damage":69,"enemies":"The Guardian","floor":16,"turns":11},{"damage":24,"enemies":"2 Thieves","floor":18,"turns":3},{"damage":6,"enemies":"Chosen","floor":21,"turns":4},{"damage":62,"enemies":"Book of Stabbing","floor":23,"turns":6}],"seed_played":"5482502152712516432","potions_obtained":[{"floor":2,"key":"Energy Potion"},{"floor":12,"key":"Regen Potion"},{"floor":14,"key":"Dexterity Potion"},{"floor":18,"key":"SneckoOil"},{"floor":21,"key":"Explosive Potion"}],"is_trial":false,"path_per_floor":["M","M","?","?","?","M","?","E","T","$","R","M","R","M","R","B",null,"M","?","$","M","?","E"],"character_chosen":"IRONCLAD","items_purchased":["Panache","Battle Trance","Iron Wave"],"campfire_rested":2,"item_purchase_floors":[10,10,10],"current_hp_per_floor":[72,62,62,62,62,60,44,36,36,36,60,52,52,54,78,30,80,62,62,62,62,62,0],"gold":162,"neow_bonus":"","is_prod":false,"is_daily":false,"chose_seed":false,"campfire_upgraded":1,"win_rate":0.0,"timestamp":1552760694,"path_taken":["M","M","?","?","?","M","?","E","T","$","R","M","R","M","R","BOSS","M","?","$","M","?","E"],"build_version":"2019-01-23","purchased_purges":0,"victory":false,"max_hp_per_floor":[80,80,80,80,80,80,80,80,80,80,80,80,80,80,80,80,80,80,80,80,80,80,80],"card_choices":[{"not_picked":["Thunderclap","Body Slam"],"picked":"Anger","floor":1},{"not_picked":["Anger","Warcry"],"picked":"Hemokinesis","floor":2},{"not_picked":["Warcry","True Grit"],"picked":"Iron Wave","floor":6},{"not_picked":["Reaper","Headbutt"],"picked":"Whirlwind","floor":8},{"not_picked":["Carnage","True Grit","Body Slam"],"picked":"Flame Barrier","floor":12},{"not_picked":["Disarm","True Grit","Intimidate"],"picked":"Anger","floor":14},{"not_picked":["Impervious","Brutality","Berserk"],"picked":"Bludgeon","floor":16},{"not_picked":["Flex","Warcry","Shrug It Off"],"picked":"Dropkick","floor":17},{"not_picked":["Clothesline","Disarm","Perfected Strike"],"picked":"Rage","floor":17},{"not_picked":["Body Slam","Flex","Sword Boomerang"],"picked":"Cleave","floor":17},{"not_picked":["Fire Breathing","Inflame","Body Slam"],"picked":"Double Tap","floor":17},{"not_picked":["Corruption","Fire Breathing","Carnage"],"picked":"Dual Wield","floor":17},{"not_picked":["Power Through","Flame Barrier","Clash+1"],"picked":"Cleave","floor":18},{"not_picked":["Flex","Headbutt","Sword Boomerang+1"],"picked":"Pommel Strike+1","floor":21}],"player_experience":0,"relics_obtained":[{"floor":8,"key":"Potion Belt"},{"floor":9,"key":"Question Card"}],"event_choices":[{"damage_healed":0,"gold_gain":67,"player_choice":"Gained Gold","damage_taken":0,"max_hp_gain":0,"max_hp_loss":0,"event_name":"Golden Wing","floor":3,"gold_loss":0},{"damage_healed":0,"gold_gain":0,"player_choice":"Ignored","damage_taken":0,"max_hp_gain":0,"max_hp_loss":0,"event_name":"Liars Game","floor":4,"gold_loss":0},{"damage_healed":0,"gold_gain":0,"cards_transformed":["Defend_R"],"player_choice":"Change","damage_taken":0,"max_hp_gain":0,"max_hp_loss":0,"event_name":"Living Wall","floor":5,"gold_loss":0,"cards_obtained":["Hemokinesis"]},{"damage_healed":0,"gold_gain":0,"player_choice":"Entered Light","damage_taken":16,"max_hp_gain":0,"max_hp_loss":0,"event_name":"Shining Light","floor":7,"gold_loss":0,"cards_upgraded":["Hemokinesis","Bash"]},{"damage_healed":0,"gold_gain":0,"player_choice":"Read","damage_taken":0,"max_hp_gain":0,"max_hp_loss":0,"event_name":"The Library","floor":19,"gold_loss":0,"cards_obtained":["Thunderclap"]},{"cards_removed":["Strike_R"],"damage_healed":0,"gold_gain":0,"player_choice":"Elegance","damage_taken":0,"max_hp_gain":0,"max_hp_loss":0,"event_name":"Back to Basics","floor":22,"gold_loss":0}],"is_beta":false,"boss_relics":[{"not_picked":["Calling Bell","Runic Dome"],"picked":"Orrery"}],"items_purged_floors":[],"is_endless":false,"potions_floor_spawned":[2,12,14,18,21],"killed_by":"Book of Stabbing","ascension_level":0}