{"path_per_floor":["M","M","M","M","?","E","M","E","T","$","M","R","M","?","R","B",null,"M","M","?","$","M","R","M","M","T","R","?","?","T","M","R","B",null,"M","M","$","?","?","R","E"],"character_chosen":"IRONCLAD","items_purchased":["Molten Egg 2","Carnage+1","Reaper+1","Offering"],"gold_per_floor":[16,26,43,56,131,161,176,202,273,33,45,45,60,128,128,227,227,242,252,177,102,115,115,126,138,138,138,138,138,138,148,148,252,252,262,272,37,37,37,37,63,63],"floor_reached":42,"campfire_rested":0,"playtime":2035,"item_purchase_floors":[10,21,37,37],"current_hp_per_floor":[96,96,96,92,81,66,70,44,44,44,55,55,61,61,61,54,96,92,83,83,83,65,65,63,62,62,62,62,62,62,67,67,30,67,67,55,55,55,55,55,20,0],"items_purged":[],"gold":63,"score":512,"play_id":"fe24b5b5-513f-443d-ae09-ab0521c7bbf2","local_time":"20180520174505","is_prod":false,"is_daily":false,"chose_seed":false,"is_ascension_mode":true,"campfire_upgraded":6,"timestamp":1526852705,"campfire_choices":[{"data":"Rampage","floor":12,"key":"SMITH"},{"data":"Bash","floor":15,"key":"SMITH"},{"data":"Barricade","floor":23,"key":"SMITH"},{"data":"Thunderclap","floor":27,"key":"SMITH"},{"data":"Inflame","floor":32,"key":"SMITH"},{"data":"Offering","floor":40,"key":"SMITH"}],"path_taken":["M","M","M","M","?","E","M","E","T","$","M","R","?","?","R","BOSS","M","M","?","$","M","R","M","?","T","R","?","?","?","M","R","BOSS","M","M","$","?","?","R","E","M"],"build_version":"2018-05-18","seed_source_timestamp":613626390635960,"purchased_purges":0,"victory":false,"master_deck":["Bash+1","Inflame+1","Infernal Blade","Anger","Reckless Charge","Thunderclap+1","Rampage+1","Reckless Charge","Uppercut+1","Anger+1","Barricade+1","Sever Soul+1","Cleave+1","Pummel+1","Rampage+1","Iron Wave+1","Iron Wave+1","Headbutt+1","Carnage+1","Metallicize","Battle Trance+1","Cleave+1","Wild Strike+1","Bash+1","Bite+1","Bite+1","Bite+1","Bite+1","Bite+1","Power Through+1","Demon Form","Armaments","Rampage+1","Sever Soul+1","Shrug It Off+1","Reaper+1","Offering+1","Demon Form","Deep Breath","Disarm","Disarm+1"],"max_hp_per_floor":[96,96,96,96,96,96,96,96,96,96,96,96,96,96,96,96,96,96,96,96,96,96,96,96,96,96,96,96,67,67,67,67,67,67,69,69,69,69,69,69,69,69],"relics":["Burning Blood","Boot","Pen Nib","Pantograph","Molten Egg 2","Orrery","Singing Bowl","Question Card","Pandora\u0027s Box","Red Skull"],"card_choices":[{"not_picked":["Cleave","Iron Wave"],"picked":"Inflame","floor":1},{"not_picked":["Sword Boomerang","True Grit"],"picked":"Infernal Blade","floor":2},{"not_picked":["Armaments","Second Wind"],"picked":"Anger","floor":3},{"not_picked":["Havoc","Entrench"],"picked":"Reckless Charge","floor":4},{"not_picked":["Havoc","Sever Soul"],"picked":"Thunderclap","floor":6},{"not_picked":["Bloodletting","Perfected Strike"],"picked":"Rampage","floor":7},{"not_picked":["Brutality","Evolve"],"picked":"Reckless Charge","floor":8},{"not_picked":["Combust","Body Slam+1"],"picked":"Uppercut+1","floor":11},{"not_picked":["Sword Boomerang+1","Body Slam+1"],"picked":"Anger+1","floor":13},{"not_picked":["Berserk","Brutality"],"picked":"Barricade","floor":16},{"not_picked":["Whirlwind+1","Pommel Strike+1"],"picked":"Sever Soul+1","floor":17},{"not_picked":["Sword Boomerang+1","Spot Weakness"],"picked":"Cleave+1","floor":17},{"not_picked":["Seeing Red","Wild Strike+1"],"picked":"Pummel+1","floor":17},{"not_picked":["Shrug It Off","Pommel Strike+1"],"picked":"Rampage+1","floor":17},{"not_picked":["Shrug It Off","Intimidate"],"picked":"Iron Wave+1","floor":17},{"not_picked":["Body Slam+1","Evolve"],"picked":"Iron Wave+1","floor":18},{"not_picked":["Sword Boomerang+1","Warcry+1"],"picked":"Headbutt+1","floor":19},{"not_picked":["Pommel Strike+1","Headbutt+1"],"picked":"Metallicize","floor":22},{"not_picked":["Armaments","Body Slam+1"],"picked":"Battle Trance+1","floor":24},{"not_picked":["Pommel Strike+1","Fire Breathing"],"picked":"Cleave+1","floor":25},{"not_picked":["Exhume","Body Slam+1","Pommel Strike+1"],"picked":"Power Through+1","floor":31},{"not_picked":["Offering","Immolate+1","Feed+1"],"picked":"Demon Form","floor":33},{"not_picked":["Sever Soul+1","Wild Strike+1","Reckless Charge+1","Evolve"],"picked":"Singing Bowl","floor":35},{"not_picked":["Clothesline+1","Twin Strike+1","Pommel Strike+1"],"picked":"Shrug It Off+1","floor":36},{"not_picked":["Clash+1","Sword Boomerang+1","Flex"],"picked":"Disarm+1","floor":41}],"player_experience":310703,"potions_floor_usage":[6,7,11,13,16,25,36,41,41,42],"damage_taken":[{"damage":0,"enemies":"Small Slimes","floor":1,"turns":3},{"damage":1,"enemies":"Cultist","floor":2,"turns":4},{"damage":1,"enemies":"Jaw Worm","floor":3,"turns":3},{"damage":10,"enemies":"Looter","floor":4,"turns":3},{"damage":21,"enemies":"Lagavulin","floor":6,"turns":6},{"damage":7,"enemies":"3 Louse","floor":7,"turns":2},{"damage":32,"enemies":"Gremlin Nob","floor":8,"turns":4},{"damage":0,"enemies":"Exordium Wildlife","floor":11,"turns":2},{"damage":9,"enemies":"Blue Slaver","floor":13,"turns":3},{"damage":38,"enemies":"Hexaghost","floor":16,"turns":7},{"damage":10,"enemies":"Spheric Guardian","floor":18,"turns":3},{"damage":21,"enemies":"Chosen","floor":19,"turns":5},{"damage":24,"enemies":"Slaver and Parasite","floor":22,"turns":6},{"damage":8,"enemies":"Snecko","floor":24,"turns":3},{"damage":7,"enemies":"Chosen and Byrds","floor":25,"turns":5},{"damage":0,"enemies":"Cultist and Chosen","floor":31,"turns":4},{"damage":52,"enemies":"Automaton","floor":33,"turns":12},{"damage":14,"enemies":"Orb Walker","floor":35,"turns":4},{"damage":31,"enemies":"Flame Bruiser 1 Orb","floor":36,"turns":5},{"damage":52,"enemies":"2 Orb Walkers","floor":41,"turns":6},{"damage":29,"enemies":"Sphere and 2 Shapes","floor":42,"turns":3}],"relics_obtained":[{"floor":6,"key":"Boot"},{"floor":8,"key":"Pen Nib"},{"floor":9,"key":"Pantograph"},{"floor":26,"key":"Singing Bowl"},{"floor":30,"key":"Question Card"},{"floor":41,"key":"Red Skull"}],"event_choices":[{"event_name":"World of Goop","player_choice":"Gather Gold","floor":5,"damage_taken":0},{"event_name":"Golden Wing","player_choice":"Gained Gold","floor":14,"damage_taken":0},{"event_name":"Beggar","player_choice":"Gave Gold","floor":20,"damage_taken":0},{"event_name":"Match and Keep!","player_choice":"2 cards matched","floor":28,"damage_taken":0},{"event_name":"Vampires","player_choice":"Became a vampire","floor":29,"damage_taken":0},{"event_name":"Match and Keep!","player_choice":"3 cards matched","floor":38,"damage_taken":0}],"boss_relics":[{"not_picked":["Philosopher\u0027s Stone","Sozu"],"picked":"Orrery"},{"not_picked":["Snecko Eye","Calling Bell"],"picked":"Pandora\u0027s Box"}],"items_purged_floors":[],"potions_floor_spawned":[4,6,7,8,11,18,31,33,36,41],"seed_played":"1830086868091410722","killed_by":"Sphere and 2 Shapes","ascension_level":1,"potions_obtained":[{"floor":4,"key":"SkillPotion"},{"floor":6,"key":"Regen Potion"},{"floor":7,"key":"BloodPotion"},{"floor":8,"key":"Regen Potion"},{"floor":11,"key":"Weak Potion"},{"floor":18,"key":"Ancient Potion"},{"floor":31,"key":"GamblersBrew"},{"floor":33,"key":"Regen Potion"},{"floor":36,"key":"Swift Potion"},{"floor":41,"key":"EssenceOfSteel"}],"is_trial":false}