{"path_per_floor":["M","?","$","?","M","E","R","M","T","?","M","?","?","T","R","B",null,"M","$","?","M","M","R","M"],"character_chosen":"IRONCLAD","items_purchased":["Glass Knife","Molten Egg 2","Dream Catcher","War Paint"],"gold_per_floor":[114,114,41,291,306,366,366,381,406,406,421,386,386,411,411,536,536,555,5,5,24,43,43,62,62],"floor_reached":25,"campfire_rested":1,"playtime":1247,"current_hp_per_floor":[80,80,80,80,80,61,61,64,64,64,67,80,80,80,80,26,80,72,72,72,64,35,75,54,0],"items_purged":[],"gold":62,"score":301,"play_id":"21c5a771-6d6b-41c0-9dfe-30d699a6b3e1","local_time":"20180406092912","daily_mods":["Diverse","Binary","Night Terrors"],"is_prod":false,"is_daily":true,"is_ascension_mode":false,"campfire_upgraded":2,"timestamp":1523021352,"path_taken":["M","?","$","?","M","E","R","M","T","?","?","?","?","?","R","BOSS","M","$","?","?","M","R","M","?"],"build_version":"2018-04-05v2","purchased_purges":0,"victory":false,"master_deck":["Strike_R","Strike_R","Strike_R","Strike_R","Strike_R","Defend_R","Defend_R+1","Defend_R+1","Bash","PiercingWail","Glass Knife+1","Regret","Quick Slash+1","Blur+1","Injury","Dark Embrace","Normality","Parasite","Doubt","Poisoned Stab+1","Power Through+1","Distraction","Feel No Pain+1"],"max_hp_per_floor":[80,80,80,80,80,80,80,80,80,80,80,80,80,80,80,80,80,80,80,80,80,80,75,75,75],"relics":["Burning Blood","Tiny Chest","Orichalcum","Golden Idol","Pen Nib","Calling Bell","Happy Flower","Oddly Smooth Stone","Shuriken","Molten Egg 2","Dream Catcher","War Paint"],"card_choices":[{"not_picked":["Heavy Blade"],"picked":"PiercingWail","floor":1},{"not_picked":["Slice"],"picked":"Quick Slash","floor":5},{"not_picked":["Heavy Blade"],"picked":"Blur","floor":8},{"not_picked":["Immolate"],"picked":"Dark Embrace","floor":16},{"not_picked":["Perfected Strike"],"picked":"Poisoned Stab","floor":18},{"not_picked":["Combust"],"picked":"Power Through","floor":21},{"not_picked":["Flex"],"picked":"Distraction","floor":22},{"not_picked":["Escape Plan"],"picked":"Feel No Pain","floor":24}],"player_experience":608853,"potions_floor_usage":[16,16,21],"damage_taken":[{"damage":1,"enemies":"Jaw Worm","floor":1,"turns":6},{"damage":2,"enemies":"Cultist","floor":5,"turns":3},{"damage":25,"enemies":"3 Sentries","floor":6,"turns":8},{"damage":3,"enemies":"Small Slimes","floor":8,"turns":2},{"damage":3,"enemies":"3 Louse","floor":11,"turns":3},{"damage":75,"enemies":"The Guardian","floor":16,"turns":13},{"damage":14,"enemies":"Chosen","floor":18,"turns":6},{"damage":14,"enemies":"2 Thieves","floor":21,"turns":5},{"damage":35,"enemies":"Chosen and Byrds","floor":22,"turns":8},{"damage":27,"enemies":"Snake Plant","floor":24,"turns":8},{"damage":54,"enemies":"Centurion and Healer","floor":25,"turns":11}],"event_choices":[{"event_name":"Bonfire Elementals","player_choice":"BASIC","floor":2,"damage_taken":0},{"event_name":"Golden Shrine","player_choice":"Desecrate","floor":4,"damage_taken":0},{"event_name":"Living Wall","player_choice":"Grow","floor":10,"damage_taken":0},{"event_name":"The Cleric","player_choice":"Healed","floor":12,"damage_taken":0},{"event_name":"Golden Idol","player_choice":"Take Wound","floor":13,"damage_taken":0},{"event_name":"Beggar","player_choice":"Ignored","floor":20,"damage_taken":0}],"boss_relics":[{"not_picked":["Runic Pyramid","Lizard Tail"],"picked":"Calling Bell"}],"potions_floor_spawned":[6,8,18],"seed_played":"-7248569299204843606","killed_by":"Centurion and Healer","ascension_level":0,"is_trial":false}