{"gold_per_floor":[19,34,34,50,50,76,76,91,118,118,40,72,72,142,142,237,237,253,273,7,19,19],"floor_reached":22,"playtime":788,"items_purged":[],"score":213,"play_id":"94440ecd-e0a5-459b-8923-e99fb6dff7c0","local_time":"20180716040508","is_ascension_mode":true,"campfire_choices":[{"data":"Loop","floor":7,"key":"SMITH"},{"data":"Sunder","floor":10,"key":"SMITH"},{"floor":15,"key":"REST"}],"neow_cost":"NO_GOLD","seed_source_timestamp":606994031360899,"circlet_count":0,"master_deck":["Strike_B","Strike_B","Strike_B","Strike_B","Defend_B","Defend_B","Zap","Dualcast","Core Surge","Sunder+1","Consume","Loop+1","Reboot","Recycle","Lockon","Loop","Doom and Gloom","Meteor Strike","Static Discharge","Melter","Sweeping Beam","Stack+1"],"relics":["Cracked Core","Omamori","Anchor","Regal Pillow","Cursed Key","Cables"],"potions_floor_usage":[2,6,6,6,8,18,19],"damage_taken":[{"damage":0,"enemies":"2 Louse","floor":1,"turns":1},{"damage":0,"enemies":"Cultist","floor":2,"turns":2},{"damage":8,"enemies":"Small Slimes","floor":4,"turns":2},{"damage":7,"enemies":"Lagavulin","floor":6,"turns":7},{"damage":4,"enemies":"Red Slaver","floor":8,"turns":4},{"damage":22,"enemies":"3 Sentries","floor":12,"turns":6},{"damage":36,"enemies":"Slime Boss","floor":16,"turns":8},{"damage":30,"enemies":"3 Byrds","floor":18,"turns":4},{"damage":24,"enemies":"Shell Parasite","floor":19,"turns":4},{"damage":2,"enemies":"Chosen and Byrds","floor":21,"turns":4},{"damage":27,"enemies":"Snecko","floor":22,"turns":3}],"seed_played":"-5565373437601817261","potions_obtained":[{"floor":1,"key":"Fruit Juice"},{"floor":4,"key":"SpeedPotion"},{"floor":5,"key":"SpeedPotion"},{"floor":5,"key":"GamblersBrew"},{"floor":6,"key":"SpeedPotion"},{"floor":16,"key":"PowerPotion"},{"floor":18,"key":"SkillPotion"}],"is_trial":false,"path_per_floor":["M","M","?","M","?","E","R","M","T","R","$","E","?","?","R","B",null,"M","M","$","M"],"character_chosen":"DEFECT","items_purchased":["Lockon","Cables","Sweeping Beam"],"campfire_rested":1,"item_purchase_floors":[11,20,20],"current_hp_per_floor":[75,80,80,72,72,65,65,61,61,61,61,39,39,39,78,42,80,50,26,26,24,0],"gold":19,"neow_bonus":"THREE_RARE_CARDS","is_prod":false,"is_daily":false,"chose_seed":false,"campfire_upgraded":2,"win_rate":0,"timestamp":1531728308,"path_taken":["M","M","?","?","?","E","R","M","T","R","$","E","?","?","R","BOSS","M","M","$","M","M"],"build_version":"2018-07-13","purchased_purges":0,"victory":false,"max_hp_per_floor":[75,80,80,80,80,80,80,80,80,80,80,80,80,80,80,80,80,80,80,80,80,80],"card_choices":[{"not_picked":["Electrodynamics","Thunder Strike"],"picked":"Core Surge","floor":0},{"not_picked":["Loop","Lockon"],"picked":"Sunder","floor":1},{"not_picked":["Sweeping Beam","Skim"],"picked":"Consume","floor":2},{"not_picked":["Sweeping Beam","Beam Cell"],"picked":"Loop","floor":4},{"not_picked":["Go for the Eyes","Coolheaded"],"picked":"Reboot","floor":6},{"not_picked":["Stack","Beam Cell"],"picked":"Recycle","floor":8},{"not_picked":["Heatsinks","Hologram"],"picked":"Loop","floor":12},{"not_picked":["Rainbow","Seek"],"picked":"Meteor Strike","floor":16},{"not_picked":["Darkness","Coolheaded"],"picked":"Static Discharge","floor":18},{"not_picked":["Barrage","Rebound"],"picked":"Melter","floor":19},{"not_picked":["Reinforced Body","Hologram"],"picked":"Stack+1","floor":21}],"player_experience":445774,"relics_obtained":[{"floor":6,"key":"Omamori"},{"floor":9,"key":"Anchor"},{"floor":12,"key":"Regal Pillow"}],"event_choices":[{"event_name":"Wheel of Change","player_choice":"Card Removal","floor":3,"damage_taken":0},{"event_name":"The Lab","player_choice":"Got Potions","floor":5,"damage_taken":0},{"event_name":"Transmorgrifier","player_choice":"Transform","floor":13,"damage_taken":0},{"event_name":"Golden Wing","player_choice":"Gained Gold","floor":14,"damage_taken":0}],"boss_relics":[{"not_picked":["Tiny House","Calling Bell"],"picked":"Cursed Key"}],"items_purged_floors":[],"is_endless":false,"potions_floor_spawned":[1,4,6,16,18],"killed_by":"Snecko","ascension_level":2}