{"gold_per_floor":[110,129,129,51,69,69,86,115,115,115,126,126,136,165,165,242,242,262,280,128,147,166,166,176,176,176,221,233,279,291,328,340,426,438,460,472,484,396,406,406,438,29,29,55,55,82,92,142,142,142,142,142,142,30,61,61],"floor_reached":56,"playtime":2432,"items_purged":["Strike_G","Normality","Doubt"],"score":2006,"play_id":"834a5f83-564f-4c27-9198-3dc02f0d98d0","local_time":"20190630200456","is_ascension_mode":true,"campfire_choices":[{"data":"Noxious Fumes","floor":6.0,"key":"SMITH"},{"data":"Crippling Poison","floor":10.0,"key":"SMITH"},{"data":"Footwork","floor":12.0,"key":"SMITH"},{"data":"Dagger Spray","floor":15.0,"key":"SMITH"},{"floor":23.0,"key":"REST"},{"data":"Catalyst","floor":28.0,"key":"SMITH"},{"floor":30.0,"key":"REST"},{"floor":32.0,"key":"REST"},{"data":"Footwork","floor":40.0,"key":"SMITH"},{"floor":45.0,"key":"REST"},{"floor":49.0,"key":"RECALL"},{"data":"Catalyst","floor":53.0,"key":"SMITH"}],"neow_cost":"TEN_PERCENT_HP_LOSS","seed_source_timestamp":1646746658709294,"circlet_count":0,"master_deck":["AscendersBane","Defend_G","Defend_G","Defend_G","Defend_G","Defend_G+1","Strike_G","Strike_G","Survivor","Neutralize","Bane","Sucker Punch+1","Footwork+1","Backflip","Noxious Fumes+1","Dagger Spray+1","Backstab","Crippling Poison+1","Dodge and Roll","Burst+1","Footwork+1","Catalyst+1","Bouncing Flask+1","Cloak And Dagger","Adrenaline","Dodge and Roll","Dark Shackles","Noxious Fumes","Bouncing Flask","Catalyst+1","Backflip"],"special_seed":0,"relics":["Ring of the Snake","Letter Opener","Sundial","Snake Skull","Cursed Key","MawBank","WingedGreaves","Ninja Scroll","Lantern","Eternal Feather","Pear","Paper Crane","Bag of Marbles","War Paint","Anchor"],"potions_floor_usage":[56],"damage_taken":[{"damage":2.0,"enemies":"2 Louse","floor":1.0,"turns":4.0},{"damage":8.0,"enemies":"Cultist","floor":2.0,"turns":5.0},{"damage":0.0,"enemies":"Small Slimes","floor":5.0,"turns":5.0},{"damage":13.0,"enemies":"Exordium Thugs","floor":7.0,"turns":5.0},{"damage":5.0,"enemies":"Lagavulin","floor":8.0,"turns":6.0},{"damage":0.0,"enemies":"3 Louse","floor":11.0,"turns":2.0},{"damage":1.0,"enemies":"Gremlin Gang","floor":13.0,"turns":3.0},{"damage":18.0,"enemies":"3 Sentries","floor":14.0,"turns":8.0},{"damage":2.0,"enemies":"The Guardian","floor":16.0,"turns":9.0},{"damage":9.0,"enemies":"2 Thieves","floor":18.0,"turns":4.0},{"damage":2.0,"enemies":"3 Byrds","floor":19.0,"turns":4.0},{"damage":11.0,"enemies":"Sentry and Sphere","floor":21.0,"turns":7.0},{"damage":14.0,"enemies":"Shelled Parasite and Fungi","floor":22.0,"turns":5.0},{"damage":4.0,"enemies":"Cultist and Chosen","floor":24.0,"turns":7.0},{"damage":4.0,"enemies":"Gremlin Leader","floor":27.0,"turns":6.0},{"damage":18.0,"enemies":"Slavers","floor":29.0,"turns":4.0},{"damage":15.0,"enemies":"Book of Stabbing","floor":31.0,"turns":3.0},{"damage":10.0,"enemies":"Champ","floor":33.0,"turns":7.0},{"damage":0.0,"enemies":"Orb Walker","floor":35.0,"turns":3.0},{"damage":26.0,"enemies":"3 Darklings","floor":39.0,"turns":5.0},{"damage":11.0,"enemies":"Giant Head","floor":41.0,"turns":6.0},{"damage":16.0,"enemies":"Nemesis","floor":44.0,"turns":5.0},{"damage":19.0,"enemies":"Reptomancer","floor":46.0,"turns":4.0},{"damage":0.0,"enemies":"Jaw Worm Horde","floor":47.0,"turns":3.0},{"damage":22.0,"enemies":"Time Eater","floor":50.0,"turns":8.0},{"damage":16.0,"enemies":"Donu and Deca","floor":51.0,"turns":9.0},{"damage":68,"enemies":"Shield and Spear","floor":55,"turns":6},{"damage":4,"enemies":"The Heart","floor":56,"turns":2}],"seed_played":"-5122232025528598055","potions_obtained":[{"floor":5.0,"key":"Regen Potion"},{"floor":7.0,"key":"Fire Potion"},{"floor":13.0,"key":"Dexterity Potion"},{"floor":19.0,"key":"Strength Potion"},{"floor":21.0,"key":"Poison Potion"},{"floor":24.0,"key":"Block Potion"},{"floor":33.0,"key":"Energy Potion"},{"floor":41.0,"key":"Energy Potion"},{"floor":46.0,"key":"Block Potion"},{"floor":47.0,"key":"Block Potion"},{"floor":55,"key":"Block Potion"}],"is_trial":false,"path_per_floor":["M","M","?","$","M","R","M","E","T","R","M","R","M","E","R","B",null,"M","M","$","M","M","R","M","?","T","E","R","E","R","E","R","B",null,"M","?","T","$","M","R","E","$","T","E","R","E","M","?","R","B","B",null,"R","$","E","B"],"character_chosen":"THE_SILENT","items_purchased":["Noxious Fumes","Catalyst","Paper Crane","SmokeBomb"],"campfire_rested":4,"item_purchase_floors":[4,20,42,54],"current_hp_per_floor":[57,49,49,49,49,49,50,45,45,45,45,45,44,26,26,24,51,42,40,40,29,15,33,29,29,29,25,25,7,25,10,28,18,50,50,50,50,50,24,39,38,38,38,22,61,42,42,35,53,31,15,56,70,70,2,0],"gold":61,"neow_bonus":"TRANSFORM_TWO_CARDS","is_prod":false,"is_daily":false,"chose_seed":false,"campfire_upgraded":7,"win_rate":0,"timestamp":1561950296,"path_taken":["M","M","?","$","M","R","?","E","T","R","M","R","M","E","R","BOSS","M","M","$","M","M","R","M","?","T","E","R","E","R","E","R","BOSS","M","?","?","$","M","R","E","$","T","E","R","E","M","?","R","BOSS","BOSS","R","$","E","BOSS"],"build_version":"2019-01-23","purchased_purges":3,"victory":false,"max_hp_per_floor":[60,60,60,60,60,60,60,60,60,60,60,60,60,60,60,60,60,60,60,60,60,60,60,60,60,60,60,60,60,60,60,60,60,60,60,60,60,60,60,60,70,70,70,70,70,70,70,70,70,70,70,70,70,70,70,70],"card_choices":[{"not_picked":["Underhanded Strike","Dagger Spray"],"picked":"Footwork","floor":1.0},{"not_picked":["Reflex","Underhanded Strike"],"picked":"Backflip","floor":2.0},{"not_picked":["Expertise","Dash"],"picked":"Dagger Spray","floor":5.0},{"not_picked":["PiercingWail","Finisher"],"picked":"Backstab","floor":7.0},{"not_picked":["Underhanded Strike","Calculated Gamble"],"picked":"Crippling Poison","floor":8.0},{"not_picked":["Flying Knee","Blade Dance","Flechettes"],"picked":"SKIP","floor":11.0},{"not_picked":["Tactician","Sucker Punch","Finisher"],"picked":"SKIP","floor":13.0},{"not_picked":["Masterful Stab","Setup"],"picked":"Dodge and Roll","floor":14.0},{"not_picked":["Unload","Phantasmal Killer"],"picked":"Burst","floor":16.0},{"not_picked":["Dagger Throw","Prepared+1"],"picked":"Footwork","floor":18.0},{"not_picked":["Acrobatics","Underhanded Strike","Escape Plan"],"picked":"SKIP","floor":19.0},{"not_picked":["Eviscerate","Dagger Throw"],"picked":"Bouncing Flask+1","floor":21.0},{"not_picked":["Escape Plan","Masterful Stab","Reflex"],"picked":"SKIP","floor":22.0},{"not_picked":["Deadly Poison","Escape Plan","Grand Finale"],"picked":"SKIP","floor":24.0},{"not_picked":["Escape Plan","Blade Dance"],"picked":"Cloak And Dagger","floor":27.0},{"not_picked":["Dagger Spray+1","Underhanded Strike"],"picked":"Adrenaline","floor":29.0},{"not_picked":["Skewer","Setup"],"picked":"Dodge and Roll","floor":31.0},{"not_picked":["Bane","Reflex","Deadly Poison"],"picked":"SKIP","floor":35.0},{"not_picked":["Bandage Up","Blind"],"picked":"Dark Shackles","floor":36.0},{"not_picked":["Expertise","Dagger Throw+1"],"picked":"Noxious Fumes","floor":39.0},{"not_picked":["Reflex+1","Cloak And Dagger+1"],"picked":"Bouncing Flask","floor":41.0},{"not_picked":["Blade Dance","Reflex"],"picked":"Catalyst","floor":44.0},{"not_picked":["All Out Attack","Predator+1"],"picked":"Backflip","floor":46.0},{"not_picked":["Crippling Poison","Choke","Quick Slash+1"],"picked":"SKIP","floor":47.0},{"not_picked":["Backflip","Outmaneuver","Accuracy+1"],"picked":"SKIP","floor":55}],"player_experience":826758,"relics_obtained":[{"floor":8.0,"key":"Letter Opener"},{"floor":9.0,"key":"Sundial"},{"floor":14.0,"key":"Snake Skull"},{"floor":26.0,"key":"MawBank"},{"floor":27.0,"key":"WingedGreaves"},{"floor":29.0,"key":"Ninja Scroll"},{"floor":31.0,"key":"Lantern"},{"floor":41.0,"key":"Pear"},{"floor":44.0,"key":"Bag of Marbles"},{"floor":46.0,"key":"War Paint"},{"floor":55,"key":"Anchor"}],"event_choices":[{"damage_healed":0.0,"max_hp_gain":0.0,"max_hp_loss":0.0,"gold_gain":0.0,"event_name":"Upgrade Shrine","player_choice":"Upgraded","floor":3.0,"gold_loss":0.0,"damage_taken":0.0,"cards_upgraded":["Sucker Punch"]},{"damage_healed":0.0,"max_hp_gain":0.0,"max_hp_loss":0.0,"gold_gain":0.0,"event_name":"Vampires","player_choice":"Ignored","floor":25.0,"gold_loss":0.0,"damage_taken":0.0},{"damage_healed":0.0,"max_hp_gain":0.0,"max_hp_loss":0.0,"gold_gain":0.0,"event_name":"SensoryStone","player_choice":"Memory 1","floor":36.0,"gold_loss":0.0,"damage_taken":0.0},{"damage_healed":0.0,"max_hp_gain":0.0,"max_hp_loss":0.0,"gold_gain":50.0,"event_name":"FaceTrader","player_choice":"Touch","floor":48.0,"gold_loss":0.0,"damage_taken":7.0}],"is_beta":false,"boss_relics":[{"not_picked":["Snecko Eye","Astrolabe"],"picked":"Cursed Key"},{"not_picked":["Sozu","Coffee Dripper"],"picked":"Eternal Feather"}],"items_purged_floors":[20,38,42],"is_endless":false,"potions_floor_spawned":[5,7,13,19,21,24,27,33,41,46,47,55],"killed_by":"The Heart","ascension_level":20}