{"path_per_floor":["M","?","M","?","?","R","E","M","T","?","M","?","R","M","R","B",null,"M","M","M","$","?","R","M","R","T","M","M","M","R","?","R"],"character_chosen":"IRONCLAD","items_purchased":["Gambling Chip"],"gold_per_floor":[116,191,208,208,208,208,252,273,351,301,322,322,322,336,336,457,457,478,496,520,226,226,226,246,246,269,280,296,310,310,310,310],"floor_reached":33,"campfire_rested":5,"playtime":1062,"current_hp_per_floor":[80,69,75,55,39,63,69,64,64,64,69,69,69,73,73,61,80,72,45,8,8,8,32,26,50,55,49,44,22,61,61,80],"items_purged":[],"gold":310,"score":300,"play_id":"9654dc06-4b00-413e-a756-ebab6de87cee","local_time":"20180313143514","is_prod":false,"is_daily":false,"is_ascension_mode":false,"campfire_upgraded":0,"timestamp":1520966114,"path_taken":["M","?","M","?","?","R","E","?","T","?","M","?","R","M","R","BOSS","M","?","M","$","?","R","M","R","T","M","M","M","R","?","R","BOSS"],"build_version":"2018-03-09","purchased_purges":0,"victory":false,"master_deck":["Strike_R","Strike_R","Strike_R","Strike_R","Defend_R","Defend_R","Defend_R+1","Defend_R","Bash+1","Clothesline","Thunderclap","Immolate+1","Thunderclap","Wild Strike","Infernal Blade","Barricade","Metallicize","Hemokinesis","Twin Strike","Cleave","Thunderclap","Offering","Perfected Strike+1","Thunderclap+1","Sword Boomerang","Cleave","Dual Wield+1","Flex","Writhe"],"max_hp_per_floor":[80,80,80,80,80,80,80,80,80,80,80,80,80,80,80,80,80,80,80,80,80,80,80,80,80,80,80,80,80,80,80,80],"relics":["Burning Blood","NeowsBlessing","Bloody Idol","Girya","Bottled Lightning","Orrery","Gambling Chip","Regal Pillow","Pen Nib"],"card_choices":[{"not_picked":["Armaments","Disarm"],"picked":"Clothesline"},{"not_picked":["Clothesline","Sword Boomerang"],"picked":"Thunderclap"},{"not_picked":["Pommel Strike","Evolve"],"picked":"Immolate"},{"not_picked":["Feel No Pain","Bloodletting"],"picked":"Thunderclap"},{"not_picked":["Shrug It Off","Anger"],"picked":"Wild Strike"},{"not_picked":["Cleave","Sentinel"],"picked":"Infernal Blade"},{"not_picked":["Impervious","Exhume"],"picked":"Barricade"},{"not_picked":["Headbutt","Perfected Strike"],"picked":"Metallicize"},{"not_picked":["Dropkick","True Grit"],"picked":"Hemokinesis"},{"not_picked":["Blood for Blood","Barricade"],"picked":"Twin Strike"},{"not_picked":["Second Wind","Sword Boomerang"],"picked":"Cleave"},{"not_picked":["Wild Strike","Perfected Strike"],"picked":"Thunderclap"},{"not_picked":["Rampage","Infernal Blade"],"picked":"Offering"},{"not_picked":["Sever Soul","Armaments"],"picked":"Perfected Strike"},{"not_picked":["True Grit","Shockwave"],"picked":"Thunderclap"},{"not_picked":["Sentinel","True Grit"],"picked":"Sword Boomerang"},{"not_picked":["Heavy Blade","Iron Wave"],"picked":"Cleave"},{"not_picked":["Thunderclap","Rupture"],"picked":"Dual Wield"},{"not_picked":["Brutality","Perfected Strike"],"picked":"Flex"}],"player_experience":419293,"potions_floor_usage":[11,16,16,27,27,33],"damage_taken":[{"damage":0,"enemies":"Small Slimes","floor":1,"turns":1},{"damage":0,"enemies":"2 Louse","floor":3,"turns":1},{"damage":0,"enemies":"Lagavulin","floor":7,"turns":1},{"damage":11,"enemies":"Jaw Worm","floor":8,"turns":6},{"damage":1,"enemies":"3 Louse","floor":11,"turns":3},{"damage":2,"enemies":"Looter","floor":14,"turns":2},{"damage":18,"enemies":"Slime Boss","floor":16,"turns":9},{"damage":14,"enemies":"3 Byrds","floor":18,"turns":5},{"damage":33,"enemies":"Chosen","floor":19,"turns":6},{"damage":43,"enemies":"Snake Plant","floor":20,"turns":4},{"damage":17,"enemies":"Sentry and Sphere","floor":24,"turns":3},{"damage":17,"enemies":"Centurion and Healer","floor":27,"turns":6},{"damage":16,"enemies":"Snake Plant","floor":28,"turns":3},{"damage":33,"enemies":"Sentry and Sphere","floor":29,"turns":5},{"damage":109,"enemies":"Collector","floor":33,"turns":7}],"event_choices":[{"event_name":"World of Goop","player_choice":"Gather Gold","floor":2,"damage_taken":0},{"event_name":"Golden Idol","player_choice":"Take Damage","floor":4,"damage_taken":0},{"event_name":"Shining Light","player_choice":"Entered Light","floor":5,"damage_taken":0},{"event_name":"The Cleric","player_choice":"Card Removal","floor":10,"damage_taken":0},{"event_name":"Upgrade Shrine","player_choice":"Upgraded","floor":12,"damage_taken":0},{"event_name":"Forgotten Altar","player_choice":"Gave Idol","floor":22,"damage_taken":0},{"event_name":"The Mausoleum","player_choice":"Yes","floor":31,"damage_taken":0}],"boss_relics":[{"not_picked":["Snecko Eye","Cursed Key"],"picked":"Orrery"}],"potions_floor_spawned":[3,7,14,20,24,29],"seed_played":"-8144675283912932730","killed_by":"Collector","ascension_level":0,"is_trial":false}