{"path_per_floor":["M","?","$","?","M","R","E","M","T","R","M","$","T","?","R","B",null,"M","$","?","?","M"],"character_chosen":"DEFECT","items_purchased":["Thunder Strike","Storm","Strawberry"],"gold_per_floor":[18,18,18,18,30,30,62,75,130,130,147,68,138,138,138,237,237,249,16,16,16,31,31],"floor_reached":23,"campfire_rested":2,"playtime":985,"current_hp_per_floor":[84,84,84,89,89,89,71,64,64,92,68,68,78,78,104,74,104,55,62,62,62,69,0],"items_purged":[],"gold":31,"score":212,"play_id":"d6a5ac6e-31b2-443e-b87e-6f9d46e3a978","local_time":"20180430053944","is_prod":false,"is_daily":false,"chose_seed":false,"is_ascension_mode":false,"campfire_upgraded":1,"timestamp":1525081184,"path_taken":["M","?","?","?","M","R","E","M","T","R","?","$","?","?","R","BOSS","M","$","?","?","M","E"],"build_version":"2018-04-27v3","seed_source_timestamp":1251467287760595,"purchased_purges":0,"victory":false,"master_deck":["Defend_B","Defend_B","Defend_B","Zap","Dualcast","Echo Form","Buffer+1","FTL","Skim","Defragment","Thunder Strike","Seek","Coolheaded","Thunder Strike","Normality","Parasite","Injury","Beam Cell+1","Storm","Bite","Bite","Bite","Bite","Bite","Echo Form"],"max_hp_per_floor":[89,89,89,94,94,94,94,94,94,94,94,94,104,104,104,104,104,104,111,77,77,77,77],"relics":["Cracked Core","Vajra","Dream Catcher","Calling Bell","DataDisk","Meat on the Bone","Bird Faced Urn","Strawberry","Nloth\u0027s Gift"],"card_choices":[{"not_picked":["Reinforced Body","Darkness"],"picked":"Buffer","floor":5},{"not_picked":["Rebound","Force Field"],"picked":"FTL","floor":7},{"not_picked":["Chill","Capacitor"],"picked":"Skim","floor":10},{"not_picked":["Capacitor","Reprogram"],"picked":"Defragment","floor":11},{"not_picked":["Sweeping Beam","Capacitor"],"picked":"Coolheaded","floor":15},{"not_picked":["Biased Cognition","Fission"],"picked":"Thunder Strike","floor":16},{"not_picked":["Stack","Turbo"],"picked":"Beam Cell","floor":18},{"not_picked":["Sweeping Beam","Glacier"],"picked":"Echo Form","floor":22}],"player_experience":80571,"potions_floor_usage":[7,11,18,18,22],"damage_taken":[{"damage":5,"enemies":"Jaw Worm","floor":1,"turns":4},{"damage":0,"enemies":"Small Slimes","floor":5,"turns":3},{"damage":18,"enemies":"Gremlin Nob","floor":7,"turns":5},{"damage":7,"enemies":"2 Louse","floor":8,"turns":3},{"damage":24,"enemies":"Exordium Thugs","floor":11,"turns":6},{"damage":30,"enemies":"The Guardian","floor":16,"turns":9},{"damage":61,"enemies":"3 Byrds","floor":18,"turns":6},{"damage":11,"enemies":"Spheric Guardian","floor":22,"turns":6},{"damage":81,"enemies":"Gremlin Leader","floor":23,"turns":5}],"event_choices":[{"event_name":"Living Wall","player_choice":"Change","floor":2,"damage_taken":0},{"event_name":"Big Fish","player_choice":"Donut","floor":4,"damage_taken":0},{"event_name":"Transmorgrifier","player_choice":"Transform","floor":14,"damage_taken":0},{"event_name":"Vampires","player_choice":"Became a vampire","floor":20,"damage_taken":0},{"event_name":"N\u0027loth","player_choice":"Traded a Pear","floor":21,"damage_taken":0}],"boss_relics":[{"not_picked":["Snecko Eye","Runic Dome"],"picked":"Calling Bell"}],"potions_floor_spawned":[1,5,11,16,18],"seed_played":"5090749989143572782","killed_by":"Gremlin Leader","ascension_level":0,"is_trial":false}