{"gold_per_floor":[18,30,30,4,4,4,38,38,38,48,76,86,51,68,68,169,169,181,18,18,18,18,18],"floor_reached":23,"playtime":1009,"items_purged":[],"score":229,"play_id":"ea02d066-c2f4-4263-bace-a86d8af724b5","local_time":"20180712191331","is_ascension_mode":true,"campfire_choices":[{"data":"Limit Break","floor":6,"key":"SMITH"},{"data":"Seeing Red","floor":8,"key":"SMITH"},{"floor":15,"key":"REST"}],"neow_cost":"NO_GOLD","seed_source_timestamp":0,"circlet_count":0,"master_deck":["Strike_R","Strike_R","Strike_R","Strike_R","Strike_R","Defend_R","Defend_R","Defend_R","Defend_R","Bash","Limit Break+1","Seeing Red+1","Body Slam+1","Twin Strike","Exhume","Dual Wield+1","Battle Trance+1","Burning Pact+1","Flame Barrier+1","Exhume+1","Havoc+1","Entrench+1","Jack Of All Trades+1","Flame Barrier+1","Brutality+1"],"special_seed":17724,"relics":["Burning Blood","Mummified Hand","Ornamental Fan","Toxic Egg 2","Frozen Egg 2","Snecko Eye"],"potions_floor_usage":[7,10,18,22],"damage_taken":[{"damage":1,"enemies":"Cultist","floor":1,"turns":3},{"damage":10,"enemies":"Small Slimes","floor":2,"turns":3},{"damage":25,"enemies":"Gremlin Nob","floor":7,"turns":4},{"damage":0,"enemies":"2 Louse","floor":10,"turns":2},{"damage":52,"enemies":"Lagavulin","floor":11,"turns":6},{"damage":6,"enemies":"Blue Slaver","floor":12,"turns":3},{"damage":5,"enemies":"2 Fungi Beasts","floor":14,"turns":3},{"damage":20,"enemies":"Hexaghost","floor":16,"turns":6},{"damage":47,"enemies":"3 Byrds","floor":18,"turns":6},{"damage":0,"enemies":"Spheric Guardian","floor":22,"turns":2},{"damage":59,"enemies":"Slavers","floor":23,"turns":4}],"seed_played":"-4311942942209726919","potions_obtained":[{"floor":2,"key":"Swift Potion"},{"floor":7,"key":"AttackPotion"},{"floor":16,"key":"SkillPotion"},{"floor":18,"key":"SmokeBomb"}],"is_trial":false,"path_per_floor":["M","M","?","$","?","R","E","R","T","M","E","M","?","M","R","B",null,"M","$","?","?","M"],"character_chosen":"IRONCLAD","items_purchased":["Twin Strike","Entrench+1","Jack Of All Trades+1"],"campfire_rested":1,"item_purchase_floors":[4,19,19],"current_hp_per_floor":[80,76,76,76,76,76,57,57,57,63,17,17,37,38,62,48,80,39,39,39,39,45,0],"gold":18,"neow_bonus":"THREE_RARE_CARDS","is_prod":false,"is_daily":false,"chose_seed":false,"campfire_upgraded":2,"win_rate":0,"timestamp":1531437211,"path_taken":["M","?","?","?","?","R","E","R","T","M","E","?","?","M","R","BOSS","M","$","?","?","M","E"],"build_version":"2018-07-12","purchased_purges":0,"victory":false,"max_hp_per_floor":[80,80,80,80,80,80,80,80,80,80,80,80,80,80,80,80,80,80,80,80,80,80,80],"card_choices":[{"not_picked":["Double Tap","Reaper"],"picked":"Limit Break","floor":0},{"not_picked":["Armaments","Sword Boomerang"],"picked":"Seeing Red","floor":1},{"not_picked":["Sword Boomerang","True Grit"],"picked":"Body Slam","floor":2},{"not_picked":["Havoc","Cleave"],"picked":"Exhume","floor":7},{"not_picked":["Havoc+1","Infernal Blade+1"],"picked":"Dual Wield+1","floor":10},{"not_picked":["Searing Blow","Heavy Blade"],"picked":"Battle Trance+1","floor":11},{"not_picked":["Cleave","Clothesline"],"picked":"Burning Pact+1","floor":12},{"not_picked":["Twin Strike","Rage+1"],"picked":"Flame Barrier+1","floor":14},{"not_picked":["Juggernaut+1","Bludgeon"],"picked":"Exhume+1","floor":16},{"not_picked":["Pommel Strike","Twin Strike+1"],"picked":"Havoc+1","floor":18}],"player_experience":403447,"relics_obtained":[{"floor":7,"key":"Ornamental Fan"},{"floor":9,"key":"Toxic Egg 2"},{"floor":11,"key":"Frozen Egg 2"}],"event_choices":[{"event_name":"Big Fish","player_choice":"Box","floor":3,"damage_taken":0},{"event_name":"Living Wall","player_choice":"Grow","floor":5,"damage_taken":0},{"event_name":"The Cleric","player_choice":"Healed","floor":13,"damage_taken":0},{"event_name":"Back to Basics","player_choice":"Elegance","floor":20,"damage_taken":0},{"event_name":"Match and Keep!","player_choice":"2 cards matched","floor":21,"damage_taken":0}],"boss_relics":[{"not_picked":["Empty Cage","Sozu"],"picked":"Snecko Eye"}],"items_purged_floors":[],"is_endless":false,"potions_floor_spawned":[2,7,16,18],"killed_by":"Slavers","ascension_level":3}