{"gold_per_floor":[211,224,236,236,18,52,64,91,127,170,257,296,308,335,347,437,449,449,449,449,318,318,318,318,318,318,318,60,60,60,60,60,60,60,60,60,60,60,60,60,60,60,60,60,60,60],"floor_reached":46,"playtime":1584,"items_purged":["Strike_B","Strike_B"],"score":1191,"play_id":"88c610c6-76be-409d-bdcd-e9130c3c560b","local_time":"20190609151718","is_ascension_mode":true,"campfire_choices":[{"data":"Defragment","floor":7.0,"key":"SMITH"},{"data":"Doom and Gloom","floor":15.0,"key":"SMITH"},{"data":"Defragment","floor":23.0,"key":"SMITH"},{"floor":27.0,"key":"REST"},{"data":"Hologram","floor":32.0,"key":"SMITH"},{"floor":41.0,"key":"REST"},{"floor":44.0,"key":"REST"}],"neow_cost":"NONE","seed_source_timestamp":2203064858677805,"circlet_count":0,"master_deck":["AscendersBane","Defend_B","Defend_B+1","Defend_B","Zap+1","Dualcast+1","Streamline","Defragment+1","Ball Lightning","Doom and Gloom+1","Self Repair","White Noise","Electrodynamics","Chill","Coolheaded","Coolheaded","Defragment+1","Hologram+1","Conserve Battery","Coolheaded","Multi-Cast","Undo+1","Heatsinks+1","Force Field+1","Coolheaded+1","Capacitor"],"special_seed":0,"relics":["Cracked Core","ClockworkSouvenir","MawBank","PreservedInsect","Dream Catcher","War Paint","Ectoplasm","Red Mask","Potion Belt","Omamori","Oddly Smooth Stone","Astrolabe","Shovel","Cables","Anchor"],"potions_floor_usage":[],"damage_taken":[{"damage":7.0,"enemies":"Small Slimes","floor":1.0,"turns":3.0},{"damage":1.0,"enemies":"Cultist","floor":2.0,"turns":3.0},{"damage":0.0,"enemies":"2 Louse","floor":3.0,"turns":3.0},{"damage":8.0,"enemies":"Gremlin Nob","floor":6.0,"turns":3.0},{"damage":20.0,"enemies":"Exordium Wildlife","floor":8.0,"turns":4.0},{"damage":5.0,"enemies":"3 Sentries","floor":10.0,"turns":4.0},{"damage":6.0,"enemies":"Large Slime","floor":14.0,"turns":5.0},{"damage":33.0,"enemies":"Slime Boss","floor":16.0,"turns":6.0},{"damage":0.0,"enemies":"3 Byrds","floor":18.0,"turns":2.0},{"damage":12.0,"enemies":"Spheric Guardian","floor":19.0,"turns":5.0},{"damage":12.0,"enemies":"Masked Bandits","floor":20.0,"turns":2.0},{"damage":16.0,"enemies":"Snecko","floor":22.0,"turns":5.0},{"damage":11.0,"enemies":"Cultist and Chosen","floor":24.0,"turns":4.0},{"damage":32.0,"enemies":"Book of Stabbing","floor":25.0,"turns":4.0},{"damage":0.0,"enemies":"Centurion and Healer","floor":29.0,"turns":6.0},{"damage":9.0,"enemies":"Shelled Parasite and Fungi","floor":31.0,"turns":5.0},{"damage":0.0,"enemies":"Champ","floor":33.0,"turns":18.0},{"damage":5.0,"enemies":"3 Darklings","floor":35.0,"turns":4.0},{"damage":1.0,"enemies":"Orb Walker","floor":36.0,"turns":4.0},{"damage":0.0,"enemies":"Mind Bloom Boss Battle","floor":38.0,"turns":8.0},{"damage":48.0,"enemies":"Reptomancer","floor":40.0,"turns":5.0},{"damage":20.0,"enemies":"Nemesis","floor":42.0,"turns":7.0},{"damage":9.0,"enemies":"Maw","floor":45.0,"turns":9.0},{"damage":0,"enemies":"Giant Head","floor":46,"turns":1}],"seed_played":"-890575538881257918","potions_obtained":[{"floor":3.0,"key":"GamblersBrew"},{"floor":8.0,"key":"Fire Potion"},{"floor":10.0,"key":"Regen Potion"},{"floor":18.0,"key":"Weak Potion"},{"floor":29.0,"key":"AttackPotion"},{"floor":33.0,"key":"FocusPotion"},{"floor":35.0,"key":"SkillPotion"},{"floor":38.0,"key":"SteroidPotion"},{"floor":42.0,"key":"SkillPotion"},{"floor":45.0,"key":"Explosive Potion"}],"is_trial":false,"path_per_floor":["M","M","M","?","$","E","R","M","T","E","?","T","?","M","R","B",null,"M","M","?","$","M","R","M","E","T","R","$","M","T","M","R","B",null,"M","M","?","?","$","E","R","E","T","R","M","E"],"character_chosen":"DEFECT","items_purchased":["ClockworkSouvenir","Coolheaded","Conserve Battery","PowerPotion","PowerPotion"],"campfire_rested":3,"item_purchase_floors":[5,21,28,28,28],"current_hp_per_floor":[57,56,56,56,56,48,48,28,28,23,12,12,71,65,65,39,63,63,58,51,51,42,42,38,13,13,34,34,41,41,32,32,39,63,65,71,71,71,71,30,51,38,38,59,57,57],"gold":60,"neow_bonus":"HUNDRED_GOLD","is_prod":false,"is_daily":false,"chose_seed":false,"campfire_upgraded":4,"win_rate":0,"timestamp":1560118638,"path_taken":["M","M","M","?","$","E","R","?","T","E","?","?","?","M","R","BOSS","M","?","?","$","M","R","M","E","T","R","$","M","?","M","R","BOSS","M","M","?","?","$","E","R","E","T","R","M","E"],"build_version":"2019-01-23","purchased_purges":2,"victory":false,"max_hp_per_floor":[71,71,71,71,71,71,71,71,71,71,71,71,71,71,71,71,71,71,71,71,71,71,71,71,71,71,71,71,71,71,71,71,71,71,71,71,71,71,71,71,71,71,71,71,71,71],"card_choices":[{"not_picked":["Steam","Barrage"],"picked":"Streamline","floor":1.0},{"not_picked":["Steam","Compile Driver"],"picked":"Defragment","floor":2.0},{"not_picked":["Turbo","Rebound"],"picked":"Ball Lightning","floor":3.0},{"not_picked":["Self Repair","Undo"],"picked":"Doom and Gloom","floor":6.0},{"not_picked":["Leap","Reprogram"],"picked":"Defragment","floor":8.0},{"not_picked":["Meteor Strike","Stack"],"picked":"Self Repair","floor":10.0},{"not_picked":["Static Discharge","Tempest"],"picked":"White Noise","floor":14.0},{"not_picked":["Reboot","Amplify"],"picked":"Electrodynamics","floor":16.0},{"not_picked":["Reinforced Body","Barrage"],"picked":"Chill","floor":18.0},{"not_picked":["Lockon","Rip and Tear"],"picked":"Coolheaded","floor":19.0},{"not_picked":["Darkness","Sweeping Beam"],"picked":"Defragment","floor":22.0},{"not_picked":["Turbo","Double Energy","Self Repair"],"picked":"SKIP","floor":24.0},{"not_picked":["Core Surge","Steam"],"picked":"Hologram","floor":25.0},{"not_picked":["BootSequence","Scrape"],"picked":"Coolheaded","floor":29.0},{"not_picked":["Gash","Redo","Sweeping Beam"],"picked":"SKIP","floor":31.0},{"not_picked":["All For One","Fission"],"picked":"Multi-Cast","floor":33.0},{"not_picked":["Leap","Chaos","Sweeping Beam"],"picked":"SKIP","floor":35.0},{"not_picked":["Aggregate+1","Scrape","Storm"],"picked":"SKIP","floor":36.0},{"not_picked":["Hyperbeam","Force Field"],"picked":"Coolheaded+1","floor":40.0},{"not_picked":["Consume","Steam","Streamline+1"],"picked":"SKIP","floor":42.0},{"not_picked":["Barrage","Glacier"],"picked":"Capacitor","floor":45.0}],"player_experience":789331,"relics_obtained":[{"floor":6.0,"key":"MawBank"},{"floor":9.0,"key":"PreservedInsect"},{"floor":10.0,"key":"Dream Catcher"},{"floor":12.0,"key":"War Paint"},{"floor":20.0,"key":"Red Mask"},{"floor":25.0,"key":"Potion Belt"},{"floor":26.0,"key":"Omamori"},{"floor":30.0,"key":"Oddly Smooth Stone"},{"floor":38.0,"key":"Shovel"},{"floor":40.0,"key":"Cables"},{"floor":42.0,"key":"Anchor"}],"event_choices":[{"damage_healed":0.0,"max_hp_gain":0.0,"max_hp_loss":0.0,"gold_gain":0.0,"event_name":"Upgrade Shrine","player_choice":"Upgraded","floor":4.0,"gold_loss":0.0,"damage_taken":0.0,"cards_upgraded":["Zap"]},{"damage_healed":0.0,"max_hp_gain":0.0,"max_hp_loss":0.0,"gold_gain":75.0,"event_name":"World of Goop","player_choice":"Gather Gold","floor":11.0,"gold_loss":0.0,"damage_taken":11.0},{"cards_removed":["Defragment"],"damage_healed":59.0,"max_hp_gain":0.0,"max_hp_loss":0.0,"gold_gain":0.0,"event_name":"Bonfire Elementals","player_choice":"Offered Uncommon","floor":13.0,"gold_loss":0.0,"damage_taken":0.0},{"damage_healed":0.0,"max_hp_gain":0.0,"max_hp_loss":0.0,"gold_gain":0.0,"event_name":"Masked Bandits","player_choice":"Fought Bandits","floor":20.0,"gold_loss":0.0,"damage_taken":0.0},{"damage_healed":0.0,"max_hp_gain":0.0,"max_hp_loss":0.0,"gold_gain":222.0,"event_name":"Tomb of Lord Red Mask","player_choice":"Wore Mask","floor":37.0,"gold_loss":0.0,"damage_taken":0.0},{"damage_healed":0.0,"max_hp_gain":0.0,"max_hp_loss":0.0,"gold_gain":0.0,"event_name":"MindBloom","player_choice":"Fight","floor":38.0,"gold_loss":0.0,"damage_taken":0.0}],"is_beta":false,"boss_relics":[{"not_picked":["Sozu","Black Star"],"picked":"Ectoplasm"},{"not_picked":["Snecko Eye","Busted Crown"],"picked":"Astrolabe"}],"items_purged_floors":[21,28],"is_endless":false,"potions_floor_spawned":[3,8,10,18,19,29,33,35,38,42,45],"killed_by":"Giant Head","ascension_level":20}