{"gold_per_floor":[110,110,15,30,41,41,76,86,86,103,103,103,135,151,151,247,247,266,6,6,6,16,16,16,16,69,69,80,80,90,121,121,217,217,231,49,69,0,11,11,11],"floor_reached":41,"playtime":1955,"items_purged":[],"score":467,"play_id":"0b746fa7-fbea-4bca-82e4-1d1d9d3cfc8d","local_time":"20180705051536","is_ascension_mode":true,"campfire_choices":[{"data":"Sunder","floor":6,"key":"SMITH"},{"floor":11,"key":"REST"},{"data":"Sunder","floor":15,"key":"SMITH"},{"data":"All For One","floor":23,"key":"SMITH"},{"data":"Amplify","floor":27,"key":"SMITH"},{"data":"Self Repair","floor":32,"key":"SMITH"},{"data":"Metamorphosis","floor":40,"key":"SMITH"}],"neow_cost":"NONE","seed_source_timestamp":277523320691316,"circlet_count":0,"master_deck":["Defend_B","Defend_B","Defend_B","Zap","Dualcast","Amplify+1","Tempest","Self Repair+1","Coolheaded","Tempest","Sunder+1","Chill","Reinforced Body","Electrodynamics+1","Sunder+1","Glacier","All For One+1","Go for the Eyes+1","Streamline+1","Hello World+1","Undo","Self Repair","Defragment+1","Bite","Bite","Bite","Bite","Bite","Fission","Rip and Tear+1","Metamorphosis+1","Redo+1","Consume+1"],"relics":["Cracked Core","Gremlin Horn","Ginger","Incense Burner","Astrolabe","Mummified Hand","Frozen Egg 2","Singing Bowl","Blood Vial","Black Star","Red Mask"],"potions_floor_usage":[4,8,16,18,28,31,33,35,37],"damage_taken":[{"damage":0,"enemies":"2 Louse","floor":1,"turns":2},{"damage":4,"enemies":"Jaw Worm","floor":4,"turns":4},{"damage":12,"enemies":"Cultist","floor":5,"turns":5},{"damage":31,"enemies":"Lagavulin","floor":7,"turns":5},{"damage":0,"enemies":"Gremlin Gang","floor":8,"turns":1},{"damage":11,"enemies":"3 Louse","floor":10,"turns":2},{"damage":24,"enemies":"Gremlin Nob","floor":13,"turns":4},{"damage":16,"enemies":"Large Slime","floor":14,"turns":3},{"damage":9,"enemies":"The Guardian","floor":16,"turns":13},{"damage":10,"enemies":"Spheric Guardian","floor":18,"turns":4},{"damage":24,"enemies":"Shell Parasite","floor":22,"turns":7},{"damage":23,"enemies":"3 Cultists","floor":28,"turns":6},{"damage":15,"enemies":"Snake Plant","floor":30,"turns":3},{"damage":9,"enemies":"Slavers","floor":31,"turns":3},{"damage":20,"enemies":"Champ","floor":33,"turns":13},{"damage":9,"enemies":"3 Shapes","floor":35,"turns":4},{"damage":20,"enemies":"Flame Bruiser 1 Orb","floor":37,"turns":5},{"damage":30,"enemies":"Transient","floor":39,"turns":5},{"damage":78,"enemies":"Nemesis","floor":41,"turns":6}],"seed_played":"-8857600962097134956","potions_obtained":[{"floor":1,"key":"SpeedPotion"},{"floor":4,"key":"LiquidBronze"},{"floor":7,"key":"Fire Potion"},{"floor":14,"key":"Dexterity Potion"},{"floor":16,"key":"Energy Potion"},{"floor":22,"key":"Block Potion"},{"floor":31,"key":"EssenceOfSteel"},{"floor":33,"key":"Energy Potion"},{"floor":35,"key":"Strength Potion"}],"is_trial":false,"path_per_floor":["M","?","$","M","M","R","E","M","T","M","R","?","E","M","R","B",null,"M","$","?","T","M","R","$","?","T","R","M","?","M","E","R","B",null,"M","$","M","?","M","R"],"character_chosen":"DEFECT","items_purchased":["Self Repair","Coolheaded","Mummified Hand","Metamorphosis"],"campfire_rested":1,"item_purchase_floors":[3,3,19,36],"current_hp_per_floor":[75,80,80,80,80,80,49,49,49,52,76,76,66,64,64,55,80,70,70,70,70,60,60,60,60,60,60,60,57,55,57,57,60,61,61,61,60,60,57,57,0],"gold":11,"neow_bonus":"ONE_RANDOM_RARE_CARD","is_prod":false,"is_daily":false,"chose_seed":false,"campfire_upgraded":6,"win_rate":0,"timestamp":1530782136,"path_taken":["M","?","$","M","M","R","E","M","T","M","R","?","E","M","R","BOSS","M","$","?","?","M","R","?","?","T","R","?","?","M","E","R","BOSS","M","$","M","?","?","R","E"],"build_version":"2018-07-04","purchased_purges":0,"victory":false,"max_hp_per_floor":[75,80,80,80,80,80,80,80,80,80,80,80,80,80,80,80,80,80,80,80,80,80,80,80,80,80,80,82,57,59,61,61,61,61,61,61,61,61,61,61,61],"card_choices":[{"not_picked":["Fusion","Redo"],"picked":"Tempest","floor":1},{"not_picked":["Gash","Redo"],"picked":"Tempest","floor":4},{"not_picked":["Go for the Eyes","Auto Shields"],"picked":"Sunder","floor":5},{"not_picked":["Barrage","Cold Snap"],"picked":"Chill","floor":7},{"not_picked":["Stack","Hologram"],"picked":"Reinforced Body","floor":8},{"not_picked":["FTL","BootSequence"],"picked":"Electrodynamics","floor":10},{"not_picked":["Streamline","Machine Learning"],"picked":"Sunder","floor":13},{"not_picked":["Cold Snap","Fusion"],"picked":"Glacier","floor":14},{"not_picked":["Rainbow","Biased Cognition"],"picked":"All For One","floor":16},{"not_picked":["Glacier","Compile Driver"],"picked":"Undo","floor":18},{"not_picked":["Ball Lightning+1","Redo"],"picked":"Defragment+1","floor":22},{"not_picked":["Rebound","Redo","Fusion"],"picked":"Singing Bowl","floor":28},{"not_picked":["Beam Cell+1","Redo","Turbo+1"],"picked":"Singing Bowl","floor":30},{"not_picked":["Rebound","Chaos","Fusion"],"picked":"Singing Bowl","floor":31},{"not_picked":["Hyperbeam","Reboot"],"picked":"Fission","floor":33},{"not_picked":["Redo","Glacier"],"picked":"Rip and Tear+1","floor":35},{"not_picked":["Auto Shields+1","Chaos"],"picked":"Redo+1","floor":37},{"not_picked":["Doom and Gloom","Darkness"],"picked":"Consume+1","floor":39}],"player_experience":386281,"relics_obtained":[{"floor":7,"key":"Gremlin Horn"},{"floor":9,"key":"Ginger"},{"floor":13,"key":"Incense Burner"},{"floor":21,"key":"Frozen Egg 2"},{"floor":26,"key":"Singing Bowl"},{"floor":31,"key":"Blood Vial"}],"event_choices":[{"event_name":"Big Fish","player_choice":"Donut","floor":2,"damage_taken":0},{"event_name":"Upgrade Shrine","player_choice":"Upgraded","floor":12,"damage_taken":0},{"event_name":"The Library","player_choice":"Read","floor":20,"damage_taken":0},{"event_name":"Addict","player_choice":"Ignored","floor":25,"damage_taken":0},{"event_name":"Vampires","player_choice":"Became a vampire","floor":29,"damage_taken":0},{"event_name":"Tomb of Lord Red Mask","player_choice":"Paid","floor":38,"damage_taken":0}],"boss_relics":[{"not_picked":["Philosopher\u0027s Stone","Ectoplasm"],"picked":"Astrolabe"},{"not_picked":["Nuclear Battery","Fusion Hammer"],"picked":"Black Star"}],"items_purged_floors":[],"is_endless":false,"potions_floor_spawned":[1,4,7,14,16,22,31,33,35],"killed_by":"Nemesis","ascension_level":1}