{"gold_per_floor":[20,20,34,48,61,87,105,105,132,132,191,24,24,1,1,96,96,109,34,51,51,51,82,82],"floor_reached":24,"playtime":868,"items_purged":[],"score":246,"play_id":"8ae155ac-92bc-48b7-a747-77661c2480c1","local_time":"20180629035320","is_ascension_mode":true,"campfire_choices":[{"floor":8,"key":"REST"},{"data":"Panacea","floor":13,"key":"SMITH"},{"data":"Bash","floor":15,"key":"SMITH"}],"neow_cost":"NO_GOLD","seed_source_timestamp":134506108638877,"circlet_count":0,"master_deck":["Strike_R+1","Strike_R+1","Defend_R+1","Defend_R+1","Defend_R+1","Defend_R+1","Bash+1","Carnage","Blood for Blood","Body Slam","Twin Strike","Feel No Pain","Rampage","Twin Strike","Uppercut","Fire Breathing","Ghostly Armor","Panacea+1","Warcry","Feed","Shrug It Off+1","Twin Strike+1","Pummel"],"relics":["Burning Blood","Dead Branch","War Paint","Lizard Tail","Lantern"],"potions_floor_usage":[7,7,16,18,24],"damage_taken":[{"damage":7,"enemies":"Jaw Worm","floor":1,"turns":2},{"damage":6,"enemies":"2 Louse","floor":3,"turns":2},{"damage":1,"enemies":"Cultist","floor":4,"turns":3},{"damage":18,"enemies":"Red Slaver","floor":5,"turns":3},{"damage":24,"enemies":"Gremlin Nob","floor":6,"turns":4},{"damage":10,"enemies":"Looter","floor":7,"turns":3},{"damage":73,"enemies":"Hexaghost","floor":16,"turns":11},{"damage":24,"enemies":"2 Thieves","floor":18,"turns":4},{"damage":25,"enemies":"Shell Parasite","floor":20,"turns":8},{"damage":75,"enemies":"Slavers","floor":23,"turns":8},{"damage":15,"enemies":"Centurion and Healer","floor":24,"turns":5}],"seed_played":"-8807054469292729156","potions_obtained":[{"floor":5,"key":"SkillPotion"},{"floor":6,"key":"EssenceOfSteel"},{"floor":7,"key":"EssenceOfSteel"},{"floor":16,"key":"Strength Potion"},{"floor":23,"key":"AttackPotion"}],"is_trial":false,"path_per_floor":["M","?","M","M","M","E","M","R","T","?","?","$","R","$","R","B",null,"M","?","M","?","?","E"],"character_chosen":"IRONCLAD","items_purchased":["Ghostly Armor","Panacea","Warcry"],"campfire_rested":1,"item_purchase_floors":[12,12,14],"current_hp_per_floor":[79,79,79,80,68,50,46,70,70,80,80,80,80,80,80,13,80,68,68,49,49,33,9,0],"gold":82,"neow_bonus":"TRANSFORM_TWO_CARDS","is_prod":false,"is_daily":false,"chose_seed":false,"campfire_upgraded":2,"win_rate":0,"timestamp":1530258800,"path_taken":["M","?","M","?","M","E","M","R","T","?","?","$","R","?","R","BOSS","M","?","M","?","?","E","M"],"build_version":"2018-06-28","purchased_purges":0,"victory":false,"max_hp_per_floor":[80,80,80,80,80,80,80,80,80,80,80,80,80,80,80,80,80,86,83,83,83,88,88,88],"card_choices":[{"not_picked":["True Grit","Armaments"],"picked":"Body Slam","floor":1},{"not_picked":["Inflame","True Grit"],"picked":"Feel No Pain","floor":3},{"not_picked":["Sword Boomerang","Sentinel"],"picked":"Rampage","floor":4},{"not_picked":["Clothesline","Perfected Strike"],"picked":"Twin Strike","floor":5},{"not_picked":["Bloodletting","Body Slam"],"picked":"Uppercut","floor":6},{"not_picked":["Pommel Strike","Flex"],"picked":"Fire Breathing","floor":7},{"not_picked":["Immolate","Brutality"],"picked":"Feed","floor":16},{"not_picked":["Headbutt","Clash"],"picked":"Shrug It Off+1","floor":18},{"not_picked":["Pommel Strike","Heavy Blade"],"picked":"Twin Strike+1","floor":20},{"not_picked":["Cleave+1","Bloodletting"],"picked":"Pummel","floor":23}],"player_experience":358676,"relics_obtained":[{"floor":6,"key":"Dead Branch"},{"floor":9,"key":"War Paint"},{"floor":23,"key":"Lantern"}],"event_choices":[{"event_name":"Living Wall","player_choice":"Change","floor":2,"damage_taken":0},{"event_name":"Mushrooms","player_choice":"Healed and dodged fight","floor":10,"damage_taken":0},{"event_name":"Golden Wing","player_choice":"Gained Gold","floor":11,"damage_taken":0},{"event_name":"Beggar","player_choice":"Gave Gold","floor":19,"damage_taken":0},{"event_name":"Back to Basics","player_choice":"Simplicity","floor":21,"damage_taken":0},{"event_name":"Forgotten Altar","player_choice":"Shed Blood","floor":22,"damage_taken":0}],"boss_relics":[{"not_picked":["Snecko Eye","Fusion Hammer"],"picked":"Lizard Tail"}],"items_purged_floors":[],"is_endless":false,"potions_floor_spawned":[5,6,7,16,23],"killed_by":"Centurion and Healer","ascension_level":3}