{"gold_per_floor":[115,290,9,9,30,30,55,74,97,116,81,105,94,107,107,107],"floor_reached":16,"playtime":786,"items_purged":[],"score":110,"play_id":"5550257b-4a6f-476e-a6f2-b46ba3afe3df","local_time":"20180905023810","is_ascension_mode":true,"campfire_choices":[{"data":"Gash","floor":6,"key":"SMITH"},{"floor":15,"key":"REST"}],"neow_cost":"","seed_source_timestamp":734583273277818,"circlet_count":0,"master_deck":["Strike_B","Strike_B","Strike_B","Strike_B","Defend_B","Defend_B","Defend_B","Defend_B","Zap","Dualcast","Melter","Doubt","Buffer","Gash+1","Self Repair","Gash","Rip and Tear","Double Energy","Self Repair","FTL"],"relics":["Cracked Core","OrangePellets","Golden Idol","Pen Nib"],"potions_floor_usage":[5,13,14],"damage_taken":[{"damage":7,"enemies":"Jaw Worm","floor":1,"turns":3},{"damage":0,"enemies":"Small Slimes","floor":5,"turns":2},{"damage":4,"enemies":"2 Louse","floor":7,"turns":3},{"damage":11,"enemies":"Lots of Slimes","floor":8,"turns":4},{"damage":15,"enemies":"3 Louse","floor":10,"turns":3},{"damage":21,"enemies":"Blue Slaver","floor":12,"turns":3},{"damage":30,"enemies":"Exordium Thugs","floor":13,"turns":4},{"damage":0,"enemies":"3 Louse","floor":14,"turns":1},{"damage":46,"enemies":"The Guardian","floor":16,"turns":8}],"seed_played":"-2706611328849454818","potions_obtained":[{"floor":1,"key":"Explosive Potion"},{"floor":10,"key":"Ancient Potion"},{"floor":12,"key":"Regen Potion"},{"floor":13,"key":"Explosive Potion"}],"is_trial":false,"path_per_floor":["M","?","$","?","M","R","M","M","T","M","?","M","M","M","R"],"character_chosen":"DEFECT","items_purchased":["OrangePellets","Buffer"],"campfire_rested":1,"item_purchase_floors":[3,3],"current_hp_per_floor":[68,68,68,50,50,50,46,42,42,27,45,31,22,22,44,0],"gold":107,"neow_bonus":"","is_prod":false,"is_daily":false,"chose_seed":false,"campfire_upgraded":1,"win_rate":0,"timestamp":1536129490,"path_taken":["M","?","$","?","M","R","M","M","T","?","?","M","M","M","R","BOSS"],"build_version":"2018-09-03","purchased_purges":0,"victory":false,"max_hp_per_floor":[75,75,75,75,75,75,75,75,75,75,75,75,75,75,75,75],"card_choices":[{"not_picked":["Static Discharge","Turbo"],"picked":"Melter","floor":1},{"not_picked":["Ball Lightning","Compile Driver"],"picked":"Gash","floor":5},{"not_picked":["Static Discharge","Steam"],"picked":"Self Repair","floor":7},{"not_picked":["Self Repair","Rebound"],"picked":"Gash","floor":8},{"not_picked":["Leap","Ball Lightning"],"picked":"Rip and Tear","floor":10},{"not_picked":["Streamline","Stack"],"picked":"Double Energy","floor":12},{"not_picked":["Hologram","Stack"],"picked":"Self Repair","floor":13},{"not_picked":["Streamline","Beam Cell"],"picked":"FTL","floor":14}],"player_experience":566711,"relics_obtained":[{"floor":9,"key":"Pen Nib"}],"event_choices":[{"event_name":"Liars Game","player_choice":"agreed","floor":2,"damage_taken":0},{"event_name":"Golden Idol","player_choice":"Take Damage","floor":4,"damage_taken":0},{"event_name":"The Cleric","player_choice":"Healed","floor":11,"damage_taken":0}],"is_beta":true,"boss_relics":[],"items_purged_floors":[],"is_endless":false,"potions_floor_spawned":[1,10,12,13],"killed_by":"The Guardian","ascension_level":3}