{"gold_per_floor":[119,119,144,219,10,74,98,123,123,123,123,148,148,148,148,148],"floor_reached":16,"playtime":376,"items_purged":[],"score":238,"play_id":"8093a6d0-cfed-4b2d-9aae-4b0cf336c287","local_time":"20190529162703","is_ascension_mode":true,"campfire_choices":[{"data":"Metamorphosis","floor":10,"key":"SMITH"},{"data":"Riddle With Holes","floor":13,"key":"SMITH"},{"floor":15,"key":"REST"}],"neow_cost":"NONE","seed_source_timestamp":636864022724210,"circlet_count":0,"master_deck":["AscendersBane","Defend_G","Defend_G","Defend_G","Defend_G","Defend_G","Strike_G","Strike_G","Strike_G","Strike_G","Strike_G","Survivor","Neutralize","Riddle With Holes+1","Poisoned Stab","Metamorphosis+1","Riddle With Holes","Dagger Throw","Escape Plan"],"relics":["Ring of the Snake","NeowsBlessing","Golden Idol","Tiny Chest","Snake Skull","Meat on the Bone","PreservedInsect"],"potions_floor_usage":[12,12],"damage_taken":[{"damage":0,"enemies":"Jaw Worm","floor":1,"turns":1},{"damage":0,"enemies":"Small Slimes","floor":3,"turns":1},{"damage":0,"enemies":"Gremlin Nob","floor":6,"turns":1},{"damage":1,"enemies":"2 Louse","floor":7,"turns":3},{"damage":18,"enemies":"Exordium Wildlife","floor":8,"turns":8},{"damage":0,"enemies":"3 Louse","floor":12,"turns":3},{"damage":34,"enemies":"Hexaghost","floor":16,"turns":9}],"seed_played":"-7471892389761487533","potions_obtained":[{"floor":1,"key":"FearPotion"},{"floor":6,"key":"PowerPotion"}],"is_trial":false,"path_per_floor":["M","?","M","?","$","E","M","M","T","R","?","M","R","?","R","B"],"character_chosen":"THE_SILENT","items_purchased":["Metamorphosis"],"campfire_rested":1,"item_purchase_floors":[5],"current_hp_per_floor":[59,36,36,25,25,25,24,6,6,6,6,18,18,13,32,0],"gold":148,"neow_bonus":"THREE_ENEMY_KILL","is_prod":false,"is_daily":false,"chose_seed":false,"campfire_upgraded":2,"win_rate":0,"timestamp":1559140023,"path_taken":["M","?","M","?","$","E","M","M","T","R","?","M","R","?","R","BOSS"],"build_version":"2019-01-23","purchased_purges":0,"victory":false,"max_hp_per_floor":[66,66,66,66,66,66,66,66,66,66,66,66,66,66,66,66],"card_choices":[{"not_picked":["Slice","Dodge and Roll"],"picked":"Riddle With Holes","floor":1},{"not_picked":["Backflip","Tactician"],"picked":"Poisoned Stab","floor":3},{"not_picked":["Bane","Blur"],"picked":"Riddle With Holes","floor":6},{"not_picked":["Acrobatics","Deflect"],"picked":"Dagger Throw","floor":7},{"not_picked":["Quick Slash","Underhanded Strike","Acrobatics"],"picked":"SKIP","floor":8},{"not_picked":["Sucker Punch","Accuracy"],"picked":"Escape Plan","floor":12}],"player_experience":552320,"relics_obtained":[{"floor":6,"key":"Tiny Chest"},{"floor":9,"key":"Snake Skull"}],"event_choices":[{"damage_healed":0,"gold_gain":0,"player_choice":"Take Damage","damage_taken":23,"relics_obtained":["Golden Idol"],"max_hp_gain":0,"max_hp_loss":0,"event_name":"Golden Idol","floor":2,"gold_loss":0},{"damage_healed":0,"gold_gain":75,"player_choice":"Gather Gold","damage_taken":11,"max_hp_gain":0,"max_hp_loss":0,"event_name":"World of Goop","floor":4,"gold_loss":0},{"damage_healed":0,"gold_gain":0,"player_choice":"Searched \u00271\u0027 times","damage_taken":0,"relics_obtained":["Meat on the Bone"],"max_hp_gain":0,"max_hp_loss":0,"event_name":"Dead Adventurer","floor":11,"gold_loss":0},{"damage_healed":0,"gold_gain":0,"player_choice":"Success","damage_taken":5,"relics_obtained":["PreservedInsect"],"max_hp_gain":0,"max_hp_loss":0,"event_name":"Scrap Ooze","floor":14,"gold_loss":0}],"is_beta":false,"boss_relics":[],"items_purged_floors":[],"is_endless":false,"potions_floor_spawned":[1,6],"killed_by":"Hexaghost","ascension_level":18}