{"path_per_floor":["M","$","?","M","?","E","M","M","T","M","R","?","M","E","R","B",null,"M","M","?","$","M","R","M","R","T","E","R","M"],"character_chosen":"IRONCLAD","items_purchased":["Pommel Strike","Hemokinesis","Blue Candle","Bloodletting"],"gold_per_floor":[99,1,1,16,191,223,235,248,248,268,268,268,282,317,317,414,414,434,452,352,29,44,44,55,55,55,90,90,109],"floor_reached":30,"campfire_rested":4,"playtime":1371,"current_hp_per_floor":[80,80,80,80,80,87,80,78,78,76,76,76,74,52,78,42,87,65,48,48,48,38,64,38,64,64,35,61,36],"items_purged":[],"gold":109,"score":287,"play_id":"7b687890-475b-42b3-95a2-5c2d92d4c61d","local_time":"20180304212513","is_prod":false,"is_daily":false,"is_ascension_mode":false,"campfire_upgraded":1,"timestamp":1520216713,"path_taken":["M","$","?","M","?","E","M","M","T","M","R","?","M","E","R","BOSS","M","M","?","$","M","R","M","R","T","E","R","M","E"],"build_version":"2018-03-01-PROD1","purchased_purges":0,"victory":false,"master_deck":["Strike_R","Strike_R","Strike_R","Strike_R","Strike_R","Defend_R","Defend_R","Defend_R","Defend_R","Bash","Thunderclap","Pommel Strike","Hemokinesis+1","Clothesline+1","Brutality+1","Bloodletting","Seeing Red","Rupture","Reaper","Offering","Havoc+1","Sever Soul","J.A.X.","Bloodletting","Cleave","Iron Wave+1","Barricade","Entrench"],"max_hp_per_floor":[80,80,80,80,80,87,87,87,87,87,87,87,87,87,87,87,87,87,87,87,87,87,87,87,87,87,87,87,87],"relics":["Burning Blood","NeowsBlessing","Strawberry","Charon\u0027s Ashes","Whetstone","Lizard Tail","Blue Candle","Dodecahedron","Prayer Wheel"],"card_choices":[{"not_picked":["Armaments","Sentinel"],"picked":"Thunderclap"},{"not_picked":["Power Through","Body Slam"],"picked":"Clothesline"},{"not_picked":["Hemokinesis","Anger"],"picked":"Brutality"},{"not_picked":["Heavy Blade","Armaments"],"picked":"Bloodletting"},{"not_picked":["True Grit","Blood for Blood"],"picked":"Seeing Red"},{"not_picked":["True Grit","Headbutt"],"picked":"Rupture"},{"not_picked":["Body Slam","Thunderclap"],"picked":"Reaper"},{"not_picked":["Brutality","Fiend Fire"],"picked":"Offering"},{"not_picked":["Whirlwind","True Grit"],"picked":"Havoc"},{"not_picked":["Flex","Pommel Strike"],"picked":"Sever Soul"},{"not_picked":["Corruption","Anger"],"picked":"Cleave"},{"not_picked":["Body Slam","Heavy Blade"],"picked":"Iron Wave"},{"not_picked":["Pummel","Anger"],"picked":"Barricade"},{"not_picked":["Sword Boomerang","Dropkick"],"picked":"Entrench"}],"player_experience":250655,"potions_floor_usage":[7,8,10,16,19,24,27],"damage_taken":[{"damage":0,"enemies":"2 Louse","floor":1,"turns":1},{"damage":0,"enemies":"Cultist","floor":4,"turns":1},{"damage":0,"enemies":"Lagavulin","floor":6,"turns":1},{"damage":13,"enemies":"Jaw Worm","floor":7,"turns":4},{"damage":8,"enemies":"Looter","floor":8,"turns":2},{"damage":8,"enemies":"Red Slaver","floor":10,"turns":2},{"damage":8,"enemies":"Large Slime","floor":13,"turns":3},{"damage":28,"enemies":"Gremlin Nob","floor":14,"turns":4},{"damage":58,"enemies":"Hexaghost","floor":16,"turns":7},{"damage":34,"enemies":"Shell Parasite","floor":18,"turns":4},{"damage":31,"enemies":"2 Thieves","floor":19,"turns":3},{"damage":23,"enemies":"Snecko","floor":22,"turns":4},{"damage":45,"enemies":"Sentry and Sphere","floor":24,"turns":4},{"damage":41,"enemies":"Gremlin Leader","floor":27,"turns":5},{"damage":84,"enemies":"Slaver and Parasite","floor":29,"turns":6},{"damage":37,"enemies":"Slavers","floor":30,"turns":2}],"event_choices":[{"event_name":"Wheel of Change","player_choice":"Full Heal","floor":3,"damage_taken":0},{"event_name":"Liars Game","player_choice":"agreed","floor":5,"damage_taken":0},{"event_name":"Purifier","player_choice":"One Purge","floor":12,"damage_taken":0},{"event_name":"Drug Dealer","player_choice":"Got JAXXED","floor":20,"damage_taken":0}],"boss_relics":[{"not_picked":["Eternal Feather","White Beast Statue"],"picked":"Lizard Tail"}],"potions_floor_spawned":[4,6,8,13,18,22,24],"seed_played":"454391794772519896","killed_by":"Slavers","ascension_level":0,"is_trial":false}