{"gold_per_floor":[119,119,130,144,155,155,188,188,188,213,213,248,260,260,260,260],"floor_reached":16,"playtime":451,"items_purged":[],"score":240,"play_id":"0f33c3bc-1479-4180-ae2a-bf72691dcdbb","local_time":"20190622221242","is_ascension_mode":true,"campfire_choices":[{"data":"Dash","floor":6.0,"key":"SMITH"},{"data":"Neutralize","floor":8.0,"key":"SMITH"},{"data":"Well Laid Plans","floor":11.0,"key":"SMITH"},{"data":"Deadly Poison","floor":15,"key":"SMITH"}],"neow_cost":"NONE","seed_source_timestamp":965582298045372,"circlet_count":0,"master_deck":["AscendersBane","Defend_G","Defend_G","Defend_G","Defend_G","Defend_G","Strike_G","Strike_G","Strike_G","Strike_G","Survivor","Neutralize+1","Backstab","Flying Knee","Deadly Poison+1","Dash+1","Footwork","Well Laid Plans+1","Infinite Blades","Acrobatics"],"special_seed":0,"relics":["Ring of the Snake","Blood Vial","Ginger","Mango","The Courier","Bag of Marbles"],"potions_floor_usage":[12,16],"damage_taken":[{"damage":0.0,"enemies":"2 Louse","floor":1.0,"turns":3.0},{"damage":0.0,"enemies":"Cultist","floor":3.0,"turns":4.0},{"damage":1.0,"enemies":"Small Slimes","floor":4.0,"turns":3.0},{"damage":3.0,"enemies":"Looter","floor":5.0,"turns":3.0},{"damage":24.0,"enemies":"Lagavulin","floor":7.0,"turns":6.0},{"damage":12.0,"enemies":"3 Sentries","floor":10.0,"turns":8.0},{"damage":10,"enemies":"Gremlin Nob","floor":12,"turns":4},{"damage":1,"enemies":"Red Slaver","floor":13,"turns":2},{"damage":41,"enemies":"Slime Boss","floor":16,"turns":10}],"seed_played":"1885641810315772468","potions_obtained":[{"floor":1.0,"key":"Explosive Potion"},{"floor":10.0,"key":"Strength Potion"},{"floor":12,"key":"GhostInAJar"}],"is_trial":false,"path_per_floor":["M","?","M","M","M","R","E","R","T","E","R","E","M","?","R","B"],"character_chosen":"THE_SILENT","items_purchased":[],"campfire_rested":0,"item_purchase_floors":[],"current_hp_per_floor":[61,61,63,64,63,63,41,41,55,45,45,37,38,38,38,0],"gold":260,"neow_bonus":"RANDOM_COMMON_RELIC","is_prod":false,"is_daily":false,"chose_seed":false,"campfire_upgraded":4,"win_rate":0,"timestamp":1561266762,"path_taken":["M","?","M","M","M","R","E","R","T","E","R","E","M","?","R","BOSS"],"build_version":"2019-01-23","purchased_purges":0,"victory":false,"max_hp_per_floor":[66,66,66,66,66,66,66,66,80,80,80,80,80,80,80,80],"card_choices":[{"not_picked":["Setup","Blade Dance"],"picked":"Backstab","floor":1.0},{"not_picked":["Escape Plan","Acrobatics"],"picked":"Flying Knee","floor":3.0},{"not_picked":["Dodge and Roll","Backflip"],"picked":"Deadly Poison","floor":4.0},{"not_picked":["Quick Slash","Riddle With Holes"],"picked":"Dash","floor":5.0},{"not_picked":["Backflip","Caltrops"],"picked":"Footwork","floor":7.0},{"not_picked":["Tools of the Trade","Caltrops"],"picked":"Well Laid Plans","floor":10.0},{"not_picked":["Riddle With Holes","Escape Plan"],"picked":"Infinite Blades","floor":12},{"not_picked":["Prepared","Expertise","Quick Slash"],"picked":"SKIP","floor":13}],"player_experience":807822,"relics_obtained":[{"floor":7.0,"key":"Ginger"},{"floor":9.0,"key":"Mango"},{"floor":10.0,"key":"The Courier"},{"floor":12,"key":"Bag of Marbles"}],"event_choices":[{"damage_healed":0.0,"max_hp_gain":0.0,"max_hp_loss":0.0,"gold_gain":0.0,"event_name":"Liars Game","player_choice":"Ignored","floor":2.0,"gold_loss":0.0,"damage_taken":0.0},{"damage_healed":0,"gold_gain":0,"cards_transformed":["Strike_G"],"player_choice":"Transformed","damage_taken":0,"max_hp_gain":0,"max_hp_loss":0,"event_name":"Transmorgrifier","floor":14,"gold_loss":0,"cards_obtained":["Acrobatics"]}],"is_beta":false,"boss_relics":[],"items_purged_floors":[],"is_endless":false,"potions_floor_spawned":[1,10,12],"killed_by":"Slime Boss","ascension_level":20}