{"gold_per_floor":[115,115,131,131,141,175,30,45,45,71,71,46,46,65,65,65],"floor_reached":16,"playtime":955,"items_purged":[],"score":127,"play_id":"5db21463-37c5-4107-b909-516f323d997a","local_time":"20190706132813","is_ascension_mode":true,"campfire_choices":[{"floor":11,"key":"DIG"},{"floor":13,"key":"DIG"},{"data":"Body Slam","floor":15,"key":"SMITH"}],"neow_cost":"NONE","seed_source_timestamp":1060421058171315,"circlet_count":0,"master_deck":["Strike_R","Strike_R","Strike_R","Strike_R","Defend_R","Defend_R","Defend_R","Defend_R","Bash","Clash","Wild Strike","Clothesline","Rage","Rage","Flex","Body Slam+1"],"relics":["Burning Blood","Art of War","PreservedInsect","Meat on the Bone","Shovel","Letter Opener","Mummified Hand"],"potions_floor_usage":[6,6,8,10,16,16],"damage_taken":[{"damage":7,"enemies":"Jaw Worm","floor":1,"turns":2},{"damage":1,"enemies":"Cultist","floor":3,"turns":3},{"damage":0,"enemies":"2 Louse","floor":5,"turns":2},{"damage":14,"enemies":"Gremlin Nob","floor":6,"turns":4},{"damage":31,"enemies":"Exordium Thugs","floor":8,"turns":5},{"damage":11,"enemies":"3 Sentries","floor":10,"turns":6},{"damage":0,"enemies":"Blue Slaver","floor":14,"turns":2},{"damage":81,"enemies":"Hexaghost","floor":16,"turns":12}],"seed_played":"8119502606420822760","potions_obtained":[{"floor":2,"key":"Weak Potion"},{"floor":2,"key":"Energy Potion"},{"floor":2,"key":"Explosive Potion"},{"floor":6,"key":"Strength Potion"},{"floor":8,"key":"Fire Potion"},{"floor":10,"key":"BloodPotion"}],"is_trial":false,"path_per_floor":["M","?","M","$","M","E","$","M","T","E","R","$","R","M","R","B"],"character_chosen":"IRONCLAD","items_purchased":["PreservedInsect","Flex"],"campfire_rested":0,"item_purchase_floors":[7,12],"current_hp_per_floor":[79,79,80,80,80,72,72,47,47,54,54,54,54,60,60,0],"gold":65,"neow_bonus":"TRANSFORM_CARD","is_prod":false,"is_daily":false,"chose_seed":false,"campfire_upgraded":1,"win_rate":0,"timestamp":1562434093,"path_taken":["M","?","M","$","M","E","$","M","T","E","R","?","R","M","R","BOSS"],"build_version":"2019-07-05","purchased_purges":0,"victory":false,"max_hp_per_floor":[80,80,80,80,80,80,80,80,80,80,80,80,80,80,80,80],"card_choices":[{"not_picked":["Heavy Blade","Rupture","Clash"],"picked":"SKIP","floor":1},{"not_picked":["Iron Wave","Body Slam"],"picked":"Wild Strike","floor":3},{"not_picked":["Body Slam","Searing Blow","Carnage"],"picked":"SKIP","floor":5},{"not_picked":["Twin Strike","Pommel Strike"],"picked":"Clothesline","floor":6},{"not_picked":["True Grit","Sentinel"],"picked":"Rage","floor":8},{"not_picked":["Sword Boomerang","Bloodletting"],"picked":"Rage","floor":10},{"not_picked":["Second Wind","Warcry"],"picked":"Body Slam","floor":14}],"player_experience":208790,"relics_obtained":[{"floor":6,"key":"Art of War"},{"floor":9,"key":"Meat on the Bone"},{"floor":10,"key":"Shovel"},{"floor":11,"key":"Letter Opener"},{"floor":13,"key":"Mummified Hand"}],"event_choices":[{"damage_healed":0,"gold_gain":0,"player_choice":"Got Potions","damage_taken":0,"max_hp_gain":0,"max_hp_loss":0,"event_name":"Lab","floor":2,"gold_loss":0}],"is_beta":false,"boss_relics":[],"items_purged_floors":[],"is_endless":false,"potions_floor_spawned":[6,8,10],"killed_by":"Hexaghost","ascension_level":3}