{"gold_per_floor":[413,428,428,445,395,395,395,108,108,126,158,171,171,184,184,288,288,303,303,321,334,20,20,31,50,76,76,76,76,110,122,122,225,275,286,561,577,597,607,607,607],"floor_reached":41,"playtime":2272,"items_purged":[],"score":696,"play_id":"3d858af1-f12a-4d22-aaa9-74b713b44e6c","local_time":"20190705154300","is_ascension_mode":true,"campfire_choices":[{"data":"Doom and Gloom","floor":6,"key":"SMITH"},{"data":"Discovery","floor":13,"key":"SMITH"},{"data":"Core Surge","floor":15,"key":"SMITH"},{"floor":23,"key":"REST"},{"floor":27,"key":"REST"},{"data":"Chaos","floor":29,"key":"SMITH"},{"floor":32,"key":"REST"},{"floor":40,"key":"REST"}],"neow_cost":"CURSE","seed_source_timestamp":139067060641199,"circlet_count":0,"master_deck":["Zap","Dualcast+1","Sweeping Beam","Conserve Battery","Doom and Gloom+1","Dualcast+1","Discovery+1","Core Surge+1","BootSequence","Chill","Core Surge","Conserve Battery","Aggregate","Core Surge","Double Energy+1","Cold Snap","Stack","Self Repair","Force Field","Consume","Capacitor","Chaos+1","Defragment","Chaos+1","White Noise","Barrage","Shame","Cold Snap","Coolheaded","Buffer","Ball Lightning","Conserve Battery+1","Regret","Tempest+1","Parasite","Glacier","Barrage"],"relics":["Cracked Core","Old Coin","WarpedTongs","DollysMirror","Pocketwatch","FossilizedHelix","Pandora\u0027s Box","Runic Capacitor","Potion Belt","Happy Flower","Orichalcum","Tiny House"],"potions_floor_usage":[10,11,16,18,24,30,33,35,35,37],"damage_taken":[{"damage":3,"enemies":"Small Slimes","floor":1,"turns":3},{"damage":1,"enemies":"Cultist","floor":2,"turns":3},{"damage":3,"enemies":"Jaw Worm","floor":4,"turns":3},{"damage":0,"enemies":"Blue Slaver","floor":10,"turns":1},{"damage":4,"enemies":"3 Sentries","floor":11,"turns":3},{"damage":0,"enemies":"Gremlin Gang","floor":12,"turns":2},{"damage":0,"enemies":"Exordium Wildlife","floor":14,"turns":1},{"damage":0,"enemies":"Slime Boss","floor":16,"turns":5},{"damage":0,"enemies":"Spheric Guardian","floor":18,"turns":4},{"damage":30,"enemies":"3 Byrds","floor":20,"turns":5},{"damage":14,"enemies":"Snecko","floor":21,"turns":5},{"damage":24,"enemies":"Sentry and Sphere","floor":24,"turns":6},{"damage":6,"enemies":"Chosen and Byrds","floor":25,"turns":6},{"damage":29,"enemies":"Slavers","floor":30,"turns":5},{"damage":6,"enemies":"3 Cultists","floor":31,"turns":5},{"damage":0,"enemies":"Automaton","floor":33,"turns":8},{"damage":0,"enemies":"3 Darklings","floor":35,"turns":7},{"damage":9,"enemies":"3 Shapes","floor":37,"turns":4},{"damage":36,"enemies":"Writhing Mass","floor":38,"turns":6},{"damage":41,"enemies":"4 Shapes","floor":39,"turns":4},{"damage":49,"enemies":"Reptomancer","floor":41,"turns":3}],"seed_played":"3505789195923494366","potions_obtained":[{"floor":4,"key":"Swift Potion"},{"floor":10,"key":"Fire Potion"},{"floor":14,"key":"Strength Potion"},{"floor":16,"key":"PowerPotion"},{"floor":20,"key":"GamblersBrew"},{"floor":24,"key":"GamblersBrew"},{"floor":31,"key":"Block Potion"},{"floor":33,"key":"Swift Potion"},{"floor":34,"key":"AttackPotion"},{"floor":35,"key":"AttackPotion"}],"is_trial":false,"path_per_floor":["M","M","?","M","?","R","?","$","T","M","E","M","R","M","R","B",null,"M","?","M","M","$","R","M","M","T","R","?","R","E","M","R","B",null,"M","?","M","M","M","R","E"],"character_chosen":"DEFECT","items_purchased":["DollysMirror","Discovery","Runic Capacitor","Defragment","Chaos"],"campfire_rested":4,"item_purchase_floors":[8,8,22,22,22],"current_hp_per_floor":[72,71,71,68,68,68,68,68,68,68,64,64,64,64,64,64,72,75,75,55,41,41,63,49,50,50,72,72,72,43,47,69,75,80,80,80,78,49,18,42,0],"gold":607,"neow_bonus":"ONE_RARE_RELIC","is_prod":false,"is_daily":false,"chose_seed":false,"campfire_upgraded":4,"win_rate":0,"timestamp":1562355780,"path_taken":["M","M","?","?","?","R","?","$","T","?","E","M","R","M","R","BOSS","M","?","M","?","$","R","M","M","T","R","?","R","E","M","R","BOSS","M","?","M","?","M","R","E"],"build_version":"2019-07-03","purchased_purges":0,"victory":false,"max_hp_per_floor":[75,75,75,75,75,75,75,75,75,75,75,75,75,75,75,75,75,75,75,75,75,75,75,75,75,75,75,75,75,75,75,75,75,80,80,80,80,80,80,80,80],"card_choices":[{"not_picked":["Turbo","Ball Lightning"],"picked":"Sweeping Beam","floor":1},{"not_picked":["Compile Driver","Stack"],"picked":"Conserve Battery","floor":2},{"not_picked":["Go for the Eyes","Sweeping Beam"],"picked":"Doom and Gloom","floor":4},{"not_picked":["Steam Power","Barrage","Stack"],"picked":"SKIP","floor":10},{"not_picked":["Rebound","Lockon"],"picked":"Core Surge","floor":11},{"not_picked":["Fusion","Ball Lightning"],"picked":"BootSequence","floor":12},{"not_picked":["Hologram","Stack"],"picked":"Chill","floor":14},{"not_picked":["Hyperbeam","Reboot"],"picked":"Core Surge","floor":16},{"not_picked":["Auto Shields","Conserve Battery"],"picked":"Consume","floor":18},{"not_picked":["Compile Driver","Ball Lightning"],"picked":"Capacitor","floor":20},{"not_picked":["Barrage","Static Discharge"],"picked":"Chaos+1","floor":21},{"not_picked":["Stack","Storm+1"],"picked":"White Noise","floor":24},{"not_picked":["Ball Lightning+1","Conserve Battery"],"picked":"Barrage","floor":25},{"not_picked":["Conserve Battery","Stack"],"picked":"Cold Snap","floor":30},{"not_picked":["Leap","Sweeping Beam"],"picked":"Coolheaded","floor":31},{"not_picked":["Core Surge","Biased Cognition"],"picked":"Buffer","floor":33},{"not_picked":["Steam+1","Sweeping Beam"],"picked":"Ball Lightning","floor":34},{"not_picked":["Stack+1","Force Field+1"],"picked":"Conserve Battery+1","floor":35},{"not_picked":["Stack+1","Gash"],"picked":"Tempest+1","floor":37},{"not_picked":["Blizzard+1","Compile Driver"],"picked":"Glacier","floor":38},{"not_picked":["Beam Cell+1","Rebound+1"],"picked":"Barrage","floor":39}],"player_experience":1196016,"relics_obtained":[{"floor":9,"key":"Pocketwatch"},{"floor":11,"key":"FossilizedHelix"},{"floor":26,"key":"Potion Belt"},{"floor":30,"key":"Orichalcum"}],"event_choices":[{"damage_healed":0,"gold_gain":0,"player_choice":"Rummage","damage_taken":0,"relics_obtained":["WarpedTongs"],"max_hp_gain":0,"max_hp_loss":0,"event_name":"Accursed Blacksmith","floor":3,"gold_loss":0,"cards_obtained":["Pain"]},{"cards_removed":["Pain"],"damage_healed":0,"gold_gain":0,"player_choice":"Card Removal","damage_taken":0,"max_hp_gain":0,"max_hp_loss":0,"event_name":"The Cleric","floor":5,"gold_loss":50},{"damage_healed":0,"gold_gain":0,"player_choice":"Upgraded","damage_taken":0,"max_hp_gain":0,"max_hp_loss":0,"event_name":"Upgrade Shrine","floor":7,"gold_loss":0,"cards_upgraded":["Dualcast"]},{"cards_removed":["Clumsy"],"damage_healed":0,"gold_gain":0,"player_choice":"Removed Curses","damage_taken":0,"max_hp_gain":0,"max_hp_loss":0,"event_name":"Fountain of Cleansing","floor":19,"gold_loss":0},{"damage_healed":0,"gold_gain":0,"player_choice":"Stole Relic","damage_taken":0,"relics_obtained":["Happy Flower"],"max_hp_gain":0,"max_hp_loss":0,"event_name":"Addict","floor":28,"gold_loss":0,"cards_obtained":["Shame"]},{"damage_healed":0,"gold_gain":275,"player_choice":"Desecrate","damage_taken":0,"max_hp_gain":0,"max_hp_loss":0,"event_name":"Golden Shrine","floor":36,"gold_loss":0,"cards_obtained":["Regret"]}],"is_beta":true,"boss_relics":[{"not_picked":["Black Star","Orrery"],"picked":"Pandora\u0027s Box"},{"not_picked":["Coffee Dripper","Sozu"],"picked":"Tiny House"}],"items_purged_floors":[],"is_endless":false,"potions_floor_spawned":[4,10,14,16,20,24,31,33,35],"killed_by":"Reptomancer","ascension_level":5}