{"path_per_floor":["M","M","?","?","?","R","$","R","T","R","$","M","R","M","R","B",null,"M","$","$","M","$","R","E"],"character_chosen":"DEFECT","items_purchased":["Shovel","Magnetism","Gash"],"gold_per_floor":[360,372,372,337,337,337,25,25,74,74,74,86,86,103,103,207,207,217,42,42,61,27,27,54,54],"floor_reached":25,"campfire_rested":1,"playtime":966,"current_hp_per_floor":[67,65,51,68,68,68,68,68,68,68,68,63,63,60,60,24,68,48,48,48,24,24,44,9,0],"items_purged":[],"gold":54,"score":207,"play_id":"bf89c687-7b18-47dc-815d-3ea154d360b3","local_time":"20180507200336","is_prod":false,"is_daily":false,"chose_seed":false,"is_ascension_mode":false,"campfire_upgraded":1,"timestamp":1525737816,"path_taken":["M","?","?","?","?","R","$","R","T","R","?","M","R","?","R","BOSS","M","?","$","M","$","R","E","?"],"build_version":"2018-05-03","seed_source_timestamp":1908104985638049,"purchased_purges":0,"victory":false,"master_deck":["Strike_B","Strike_B","Strike_B","Strike_B","Defend_B","Defend_B+1","Defend_B","Zap+1","Dualcast+1","Defragment+1","Darkness+1","Aggregate","Echo Form","Gash+1","Magnetism","Static Discharge","Gash"],"max_hp_per_floor":[68,68,68,68,68,68,68,68,68,68,68,68,68,68,68,68,68,68,68,68,68,68,68,68,68],"relics":["Cracked Core","Shovel","Bag of Preparation","Orichalcum","Centennial Puzzle","Toolbox","Bird Faced Urn","Inserter","War Paint"],"card_choices":[{"not_picked":["Go for the Eyes","Cold Snap"],"picked":"Defragment","floor":1},{"not_picked":["Cold Snap","Capacitor"],"picked":"Darkness","floor":2},{"not_picked":["Seek","Fission"],"picked":"Echo Form","floor":16},{"not_picked":["Reprogram","Beam Cell"],"picked":"Gash","floor":18},{"not_picked":["Barrage","Self Repair"],"picked":"Static Discharge","floor":21}],"player_experience":182654,"potions_floor_usage":[18],"damage_taken":[{"damage":1,"enemies":"Cultist","floor":1,"turns":3},{"damage":2,"enemies":"2 Louse","floor":2,"turns":3},{"damage":5,"enemies":"Small Slimes","floor":12,"turns":2},{"damage":3,"enemies":"Blue Slaver","floor":14,"turns":3},{"damage":38,"enemies":"The Guardian","floor":16,"turns":9},{"damage":20,"enemies":"Shell Parasite","floor":18,"turns":5},{"damage":28,"enemies":"3 Byrds","floor":21,"turns":4},{"damage":43,"enemies":"Gremlin Leader","floor":24,"turns":5},{"damage":13,"enemies":"3 Cultists","floor":25,"turns":3}],"event_choices":[{"event_name":"Shining Light","player_choice":"Entered Light","floor":3,"damage_taken":0},{"event_name":"The Cleric","player_choice":"Healed","floor":4,"damage_taken":0},{"event_name":"Transmorgrifier","player_choice":"Transform","floor":5,"damage_taken":0}],"boss_relics":[{"not_picked":["Black Star","Tiny House"],"picked":"Inserter"}],"potions_floor_spawned":[14,16,21],"seed_played":"6504673864582331937","killed_by":"3 Cultists","ascension_level":0,"is_trial":false}