{"gold_per_floor":[114,114,129,144,144,144,57,57,132,132,162,177,192,207,207,307,307,322,337,37,52,52,82,82,97,97,97,97,97,112,127,127,227,227,242,242],"floor_reached":36,"playtime":1098,"items_purged":[],"score":761,"play_id":"e749242d-c19c-4fb3-9f56-4d06fa14e16b","local_time":"20180629055609","daily_mods":["Insanity","Uncertain Future","Hoarder"],"is_ascension_mode":false,"campfire_choices":[{"data":"Dramatic Entrance","floor":8,"key":"SMITH"},{"data":"Whirlwind","floor":10,"key":"SMITH"},{"data":"Dramatic Entrance","floor":15,"key":"SMITH"},{"data":"Whirlwind","floor":24,"key":"SMITH"},{"floor":27,"key":"REST"},{"data":"Dramatic Entrance","floor":32,"key":"SMITH"}],"neow_cost":"","seed_source_timestamp":0,"circlet_count":0,"master_deck":["Barricade","Heavy Blade","Seeing Red","Sword Boomerang","Double Tap","Shrug It Off","Power Through","Rampage","Ghostly Armor","Demon Form","Headbutt","Uppercut","Sever Soul","Warcry","Metallicize","Demon Form","Heavy Blade","Reckless Charge","Warcry","Intimidate","Bludgeon","Immolate","Uppercut","Ghostly Armor","Rampage","Dual Wield","Inflame","Flex","Havoc","Uppercut","Havoc","Berserk","Bash","Shrug It Off","Thunderclap","Armaments","Rage","Havoc","Iron Wave","Shockwave","Entrench","Inflame","Rage","Barricade+1","Reaper","Rampage","Cleave","Defend_R","Perfected Strike","Uppercut+1","Perfected Strike","Perfected Strike","Perfected Strike","Headbutt","Headbutt","Headbutt","Feel No Pain","Feel No Pain","Feel No Pain","True Grit","True Grit","True Grit","Whirlwind+1","Whirlwind","Whirlwind","Dramatic Entrance+1","Dramatic Entrance+1","Dramatic Entrance+1","Fire Breathing","Fire Breathing","Fire Breathing","Flex","Flex","Flex","Blood for Blood","Blood for Blood","Blood for Blood","Twin Strike","Twin Strike","Twin Strike","Exhume","Exhume","Exhume","Whirlwind","Whirlwind","Whirlwind+1","Havoc+1","Havoc+1","Havoc+1","Wild Strike","Wild Strike","Wild Strike","Exhume","Exhume","Exhume","Evolve","Evolve","Evolve","Regret","Regret","Regret","Anger+1","Anger+1","Anger+1","Ghostly","Ghostly","Ghostly","Ghostly","Ghostly","Ghostly","Ghostly","Ghostly","Ghostly","Ghostly","Ghostly","Ghostly","Ghostly","Ghostly","Ghostly","Sword Boomerang+1","Sword Boomerang+1","Sword Boomerang+1","Intimidate","Intimidate","Intimidate","Fiend Fire","Fiend Fire","Fiend Fire","Flex+1","Flex+1","Flex+1","Thunderclap+1","Thunderclap+1","Thunderclap+1","Wild Strike","Wild Strike","Wild Strike","Sword Boomerang+1","Sword Boomerang+1","Sword Boomerang+1","Infernal Blade","Infernal Blade","Infernal Blade","Rage","Rage","Rage"],"special_seed":17711,"relics":["Burning Blood","Juzu Bracelet","Bottled Flame","Ice Cream","Cursed Key","Incense Burner","Dream Catcher","Peace Pipe","Singing Bowl","Orrery"],"potions_floor_usage":[16,16,23,25,33,35,36,36],"damage_taken":[{"damage":0,"enemies":"Small Slimes","floor":1,"turns":1},{"damage":0,"enemies":"Jaw Worm","floor":3,"turns":2},{"damage":0,"enemies":"Cultist","floor":4,"turns":3},{"damage":11,"enemies":"Gremlin Nob","floor":11,"turns":3},{"damage":0,"enemies":"Gremlin Gang","floor":12,"turns":1},{"damage":12,"enemies":"Blue Slaver","floor":13,"turns":2},{"damage":0,"enemies":"Exordium Wildlife","floor":14,"turns":1},{"damage":27,"enemies":"Slime Boss","floor":16,"turns":8},{"damage":0,"enemies":"2 Thieves","floor":18,"turns":1},{"damage":10,"enemies":"Shell Parasite","floor":19,"turns":3},{"damage":0,"enemies":"Cultist and Chosen","floor":21,"turns":3},{"damage":6,"enemies":"Slavers","floor":23,"turns":2},{"damage":0,"enemies":"Snecko","floor":25,"turns":2},{"damage":14,"enemies":"Centurion and Healer","floor":30,"turns":3},{"damage":10,"enemies":"Sentry and Sphere","floor":31,"turns":4},{"damage":17,"enemies":"Automaton","floor":33,"turns":11},{"damage":15,"enemies":"3 Shapes","floor":35,"turns":1},{"damage":42,"floor":36,"turns":1}],"seed_played":"6162315489128863662","potions_obtained":[{"floor":1,"key":"PowerPotion"},{"floor":12,"key":"Block Potion"},{"floor":13,"key":"FearPotion"},{"floor":18,"key":"SpeedPotion"},{"floor":19,"key":"Strength Potion"},{"floor":30,"key":"FearPotion"},{"floor":33,"key":"Explosive Potion"},{"floor":35,"key":"Poison Potion"}],"is_trial":false,"path_per_floor":["M","?","M","M","?","T","$","R","T","R","E","M","M","M","R","B",null,"M","M","$","M","?","E","R","M","T","R","?","?","M","M","R","B",null,"M"],"character_chosen":"IRONCLAD","items_purchased":["Dramatic Entrance","Incense Burner"],"campfire_rested":1,"item_purchase_floors":[7,20],"current_hp_per_floor":[80,64,70,76,76,76,76,76,76,76,71,77,71,77,77,62,80,80,76,76,80,65,65,65,71,71,85,42,42,34,30,30,19,42,33,0],"gold":242,"neow_bonus":"","is_prod":false,"is_daily":true,"chose_seed":false,"campfire_upgraded":5,"win_rate":0,"timestamp":1530266169,"path_taken":["M","?","M","M","?","?","$","R","T","R","E","M","M","M","R","BOSS","M","M","$","M","?","E","R","M","T","R","?","?","M","M","R","BOSS","M","?"],"build_version":"2018-06-28","purchased_purges":0,"victory":false,"max_hp_per_floor":[80,80,80,80,80,80,80,80,80,80,80,80,80,80,80,80,80,80,80,80,80,85,85,85,85,85,85,42,42,42,42,42,42,42,42,42],"card_choices":[{"not_picked":["Ghostly Armor","Warcry"],"picked":"Perfected Strike","floor":1},{"not_picked":["Warcry","Pommel Strike"],"picked":"Headbutt","floor":3},{"not_picked":["Headbutt","Anger"],"picked":"Feel No Pain","floor":4},{"not_picked":["Juggernaut","Rampage"],"picked":"Fire Breathing","floor":11},{"not_picked":["Corruption","Clash"],"picked":"Flex","floor":12},{"not_picked":["Carnage","Inflame"],"picked":"Blood for Blood","floor":13},{"not_picked":["True Grit","Burning Pact"],"picked":"Twin Strike","floor":14},{"not_picked":["Bludgeon","Double Tap"],"picked":"Exhume","floor":16},{"not_picked":["Pommel Strike+1","Warcry"],"picked":"Whirlwind","floor":18},{"not_picked":["Wild Strike","Clash"],"picked":"Havoc+1","floor":19},{"not_picked":["Feel No Pain","Body Slam"],"picked":"Wild Strike","floor":21},{"not_picked":["Headbutt","Blood for Blood"],"picked":"Exhume","floor":23},{"not_picked":["Armaments","Clash"],"picked":"Evolve","floor":25},{"not_picked":["Ghostly Armor+1","Iron Wave"],"picked":"Anger+1","floor":27},{"not_picked":["Armaments","Power Through"],"picked":"Sword Boomerang+1","floor":30},{"not_picked":["Body Slam","Battle Trance"],"picked":"Intimidate","floor":31},{"not_picked":["Demon Form","Impervious"],"picked":"Fiend Fire","floor":33},{"not_picked":["Pummel","Armaments"],"picked":"Flex+1","floor":34},{"not_picked":["Wild Strike","Clash"],"picked":"Thunderclap+1","floor":34},{"not_picked":["Blood for Blood","Searing Blow"],"picked":"Wild Strike","floor":34},{"not_picked":["Warcry","Juggernaut"],"picked":"Sword Boomerang+1","floor":34},{"not_picked":["Disarm","Sword Boomerang"],"picked":"Infernal Blade","floor":34},{"not_picked":["Heavy Blade","Warcry+1"],"picked":"Rage","floor":35}],"player_experience":359544,"relics_obtained":[{"floor":6,"key":"Juzu Bracelet"},{"floor":9,"key":"Bottled Flame"},{"floor":11,"key":"Ice Cream"},{"floor":23,"key":"Dream Catcher"},{"floor":26,"key":"Peace Pipe"}],"event_choices":[{"event_name":"Shining Light","player_choice":"Entered Light","floor":2,"damage_taken":0},{"event_name":"Match and Keep!","player_choice":"2 cards matched","floor":5,"damage_taken":0},{"event_name":"Forgotten Altar","player_choice":"Shed Blood","floor":22,"damage_taken":0},{"event_name":"Ghosts","player_choice":"Became a Ghost","floor":28,"damage_taken":0},{"event_name":"The Mausoleum","player_choice":"Yes","floor":29,"damage_taken":0},{"event_name":"Mysterious Sphere","player_choice":"Fight","floor":36,"damage_taken":0}],"boss_relics":[{"not_picked":["Runic Dome","Lizard Tail"],"picked":"Cursed Key"},{"not_picked":["Empty Cage","Sozu"],"picked":"Orrery"}],"items_purged_floors":[],"is_endless":false,"potions_floor_spawned":[1,12,13,18,19,30,33,35],"ascension_level":0}