{"path_per_floor":["M","M","?","?","$","?","?","M","T","M","?","R","$","E","R","B",null,"M","?","M","M","$","R","M","R","T","?","R","$","E","M","R"],"character_chosen":"DEFECT","items_purchased":["Consume","Hologram","SpeedPotion","Trip","AttackPotion","SkillPotion","Trip","SkillPotion","Whetstone","Double Energy"],"gold_per_floor":[110,125,125,125,19,94,94,107,107,121,86,86,34,73,73,204,204,198,198,216,234,40,40,55,55,55,415,415,40,78,99,99,99],"floor_reached":33,"campfire_rested":6,"playtime":1245,"current_hp_per_floor":[68,68,65,47,47,36,36,35,35,34,52,74,74,56,75,46,75,58,58,23,21,21,43,29,51,51,11,33,33,25,19,41,0],"items_purged":[],"gold":99,"score":263,"play_id":"e0d20f37-5a5a-4cea-b06f-365ece3992c0","local_time":"20180515115409","is_prod":false,"is_daily":false,"chose_seed":false,"is_ascension_mode":false,"campfire_upgraded":0,"timestamp":1526399649,"path_taken":["M","M","?","?","$","?","?","M","T","?","?","R","$","E","R","BOSS","M","?","M","M","$","R","M","R","T","?","R","?","E","M","R","BOSS"],"build_version":"2018-05-14v2","seed_source_timestamp":161412303349238,"purchased_purges":0,"victory":false,"master_deck":["Strike_B","Strike_B","Strike_B","Strike_B","Defend_B","Defend_B","Defend_B","Defend_B","Zap","Dualcast","Fusion","Cold Snap","BootSequence","Consume","Hologram","Rebound+1","BootSequence","Doom and Gloom+1","Writhe","Hologram+1","Trip+1","Self Repair+1","Trip+1","Double Energy+1","Multi-Cast+1"],"max_hp_per_floor":[75,75,75,75,75,75,75,75,75,75,75,75,75,75,75,75,75,75,75,75,75,75,75,75,75,75,75,75,75,75,75,75,75],"relics":["Cracked Core","Torii","Golden Idol","DataDisk","Art of War","Bird Faced Urn","Nuclear Battery","Toxic Egg 2","Molten Egg 2","Whetstone","Emotion Chip"],"card_choices":[{"not_picked":["Steam","Barrage"],"picked":"Cold Snap","floor":1},{"not_picked":["Skim","Axe Kick"],"picked":"BootSequence","floor":2},{"not_picked":["Steam Power","Capacitor"],"picked":"Rebound","floor":8},{"not_picked":["Recycle","Skim"],"picked":"BootSequence","floor":10},{"not_picked":["Undo","Leap","Scrape"],"picked":"SKIP","floor":14},{"not_picked":["Sweeping Beam","Reprogram"],"picked":"Doom and Gloom","floor":18},{"not_picked":["Leap+1","Turbo+1","Steam+1"],"picked":"SKIP","floor":20},{"not_picked":["Stack+1","Doom and Gloom+1"],"picked":"Hologram+1","floor":21},{"not_picked":["Capacitor+1","Cold Snap"],"picked":"Self Repair+1","floor":24},{"not_picked":["Cold Snap+1","Streamline+1"],"picked":"Multi-Cast+1","floor":30},{"not_picked":["Turbo+1","Leap+1","Steam+1"],"picked":"SKIP","floor":31}],"player_experience":271844,"potions_floor_usage":[8,16,16,18,24,24,24,30,30,31],"damage_taken":[{"damage":7,"enemies":"2 Louse","floor":1,"turns":3},{"damage":0,"enemies":"Small Slimes","floor":2,"turns":3},{"damage":1,"enemies":"Jaw Worm","floor":8,"turns":3},{"damage":1,"enemies":"Looter","floor":10,"turns":3},{"damage":18,"enemies":"Gremlin Nob","floor":14,"turns":5},{"damage":29,"enemies":"Slime Boss","floor":16,"turns":17},{"damage":17,"enemies":"2 Thieves","floor":18,"turns":4},{"damage":35,"enemies":"3 Byrds","floor":20,"turns":5},{"damage":2,"enemies":"Cultist and Chosen","floor":21,"turns":9},{"damage":14,"enemies":"Centurion and Healer","floor":24,"turns":4},{"damage":20,"enemies":"Slavers","floor":30,"turns":6},{"damage":18,"enemies":"Snecko","floor":31,"turns":5},{"damage":48,"enemies":"Champ","floor":33,"turns":6}],"relics_obtained":[{"floor":9,"key":"Art of War"},{"floor":14,"key":"Bird Faced Urn"},{"floor":26,"key":"Molten Egg 2"},{"floor":30,"key":"Emotion Chip"}],"event_choices":[{"event_name":"Scrap Ooze","player_choice":"success","floor":3,"damage_taken":3},{"event_name":"Golden Idol","player_choice":"Take Damage","floor":4,"damage_taken":0},{"event_name":"World of Goop","player_choice":"Gather Gold","floor":6,"damage_taken":0},{"event_name":"Dead Adventurer","player_choice":"Searched \u00271\u0027 times","floor":7,"damage_taken":0},{"event_name":"The Cleric","player_choice":"Healed","floor":11,"damage_taken":0},{"event_name":"The Mausoleum","player_choice":"Yes","floor":19,"damage_taken":0},{"event_name":"Knowing Skull","player_choice":"GOLD GOLD GOLD GOLD ","floor":27,"damage_taken":0}],"boss_relics":[{"not_picked":["Tiny House","Runic Pyramid"],"picked":"Nuclear Battery"}],"potions_floor_spawned":[2,14,16,21,24,30],"seed_played":"4440599388675895359","killed_by":"Champ","ascension_level":0,"potions_obtained":[{"floor":2,"key":"Strength Potion"},{"floor":14,"key":"SpeedPotion"},{"floor":16,"key":"GamblersBrew"},{"floor":21,"key":"Explosive Potion"},{"floor":24,"key":"Fire Potion"},{"floor":30,"key":"Energy Potion"}],"is_trial":false}