{"gold_per_floor":[10,21,21,31,51,79,79,90,90,119,133,149,35,60,60,60],"floor_reached":16,"playtime":763,"items_purged":["Writhe"],"score":242,"play_id":"7b27f5a6-f2ce-423f-a146-7cc1ab7ad2ef","local_time":"20190622020912","is_ascension_mode":true,"campfire_choices":[{"data":"Dash","floor":7,"key":"SMITH"},{"data":"Footwork","floor":15,"key":"SMITH"}],"neow_cost":"NO_GOLD","seed_source_timestamp":793176568502514,"circlet_count":0,"master_deck":["AscendersBane","Defend_G","Defend_G","Defend_G","Defend_G","Defend_G","Strike_G","Strike_G","Strike_G","Strike_G","Strike_G","Survivor","Neutralize","Leg Sweep","Underhanded Strike","Neutralize","Dash+1","Poisoned Stab","Venomology","Dagger Spray","PiercingWail","Blur","Footwork","Bullet Time","Footwork+1","Choke"],"special_seed":0,"relics":["Ring of the Snake","Incense Burner","Bag of Marbles","Gremlin Horn","Shuriken","Happy Flower"],"potions_floor_usage":[10,10,14,14],"damage_taken":[{"damage":0.0,"enemies":"2 Louse","floor":1.0,"turns":3.0},{"damage":3.0,"enemies":"Cultist","floor":2.0,"turns":5.0},{"damage":1.0,"enemies":"Small Slimes","floor":4.0,"turns":5.0},{"damage":13.0,"enemies":"Exordium Thugs","floor":5.0,"turns":7.0},{"damage":35,"enemies":"3 Sentries","floor":6,"turns":12},{"damage":0,"enemies":"2 Fungi Beasts","floor":8,"turns":2},{"damage":3,"enemies":"Lagavulin","floor":10,"turns":7},{"damage":0,"enemies":"Exordium Wildlife","floor":11,"turns":2},{"damage":0,"enemies":"Gremlin Gang","floor":12,"turns":5},{"damage":5,"enemies":"Gremlin Nob","floor":14,"turns":4},{"damage":15,"enemies":"Slime Boss","floor":16,"turns":3}],"seed_played":"-1579106131111787832","potions_obtained":[{"floor":1.0,"key":"Ancient Potion"},{"floor":4.0,"key":"Regen Potion"},{"floor":6,"key":"LiquidBronze"},{"floor":10,"key":"LiquidBronze"}],"is_trial":false,"path_per_floor":["M","M","?","M","M","E","R","M","T","E","M","M","$","E","R","B"],"character_chosen":"THE_SILENT","items_purchased":["Footwork"],"campfire_rested":0,"item_purchase_floors":[13],"current_hp_per_floor":[59,56,56,55,57,22,22,22,22,19,19,19,19,14,14,0],"gold":60,"neow_bonus":"ONE_RARE_RELIC","is_prod":false,"is_daily":false,"chose_seed":false,"campfire_upgraded":2,"win_rate":0,"timestamp":1561162152,"path_taken":["M","M","?","M","M","E","R","?","T","E","M","M","$","E","R","BOSS"],"build_version":"2019-01-23","purchased_purges":1,"victory":false,"max_hp_per_floor":[66,66,66,66,66,66,66,66,66,66,66,66,66,66,66,66],"card_choices":[{"not_picked":["Prepared","Deflect"],"picked":"Leg Sweep","floor":1.0},{"not_picked":["Blade Dance","Sucker Punch"],"picked":"Underhanded Strike","floor":2.0},{"not_picked":["Escape Plan","Heel Hook"],"picked":"Poisoned Stab","floor":4.0},{"not_picked":["Poisoned Stab","Sucker Punch"],"picked":"Venomology","floor":5.0},{"not_picked":["Dagger Throw","Slice"],"picked":"Dagger Spray","floor":6},{"not_picked":["Blur","Deadly Poison"],"picked":"PiercingWail","floor":8},{"not_picked":["Deflect","Acrobatics"],"picked":"Blur","floor":10},{"not_picked":["Finisher","Dodge and Roll"],"picked":"Footwork","floor":11},{"not_picked":["Masterful Stab","Outmaneuver"],"picked":"Bullet Time","floor":12},{"not_picked":["Slice","Prepared"],"picked":"Choke","floor":14}],"player_experience":602635,"relics_obtained":[{"floor":6,"key":"Bag of Marbles"},{"floor":9,"key":"Gremlin Horn"},{"floor":10,"key":"Shuriken"},{"floor":14,"key":"Happy Flower"}],"event_choices":[{"damage_healed":0.0,"max_hp_gain":0.0,"max_hp_loss":0.0,"gold_gain":0.0,"event_name":"Match and Keep!","player_choice":"3 cards matched","floor":3.0,"gold_loss":0.0,"damage_taken":0.0,"cards_obtained":["Writhe","Neutralize","Dash"]}],"is_beta":false,"boss_relics":[],"items_purged_floors":[13],"is_endless":false,"potions_floor_spawned":[1,4,6,10],"killed_by":"Slime Boss","ascension_level":19}