{"path_per_floor":["M","?","?","M","M","R","?","M","T","M","E","R","M","M","R","B",null,"M","M","?","M","$","E","R","$","T","?","M","?","M","M","R","B",null,"M"],"character_chosen":"DEFECT","items_purchased":["Runic Capacitor","Blizzard"],"gold_per_floor":[15,15,15,27,40,40,5,23,23,36,66,66,83,100,100,195,195,209,220,220,231,28,61,61,27,54,54,74,74,86,104,104,205,205,217,217],"floor_reached":36,"campfire_rested":2,"playtime":4045,"current_hp_per_floor":[66,59,64,64,64,64,80,80,80,80,65,65,71,65,80,30,80,71,60,60,54,54,21,45,45,45,80,80,80,80,77,77,67,80,43,0],"items_purged":[],"gold":217,"score":388,"play_id":"c65e9739-6423-4882-94e2-9d97c62a0187","local_time":"20180502175235","is_prod":false,"is_daily":false,"chose_seed":false,"is_ascension_mode":false,"campfire_upgraded":3,"timestamp":1525297955,"path_taken":["M","?","?","?","M","R","?","M","T","M","E","R","M","M","R","BOSS","M","M","?","M","?","E","R","$","T","?","?","?","M","M","R","BOSS","M","?"],"build_version":"2018-05-01v2","seed_source_timestamp":1465168720483818,"purchased_purges":0,"victory":false,"master_deck":["Strike_B+1","Defend_B+1","Defend_B+1","Zap","Dualcast","Reinforced Body","Doom and Gloom","Cold Snap","Chaos+1","Reboot","White Noise","Self Repair+1","Prime","Undo+1","White Noise+1","Hello World+1","Gash+1","Darkness+1","Blizzard","Reprieve+1","Gash+1","Impulse+1","Echo Form","Beam Cell+1"],"max_hp_per_floor":[75,75,80,80,80,80,80,80,80,80,80,80,80,80,80,80,80,80,80,80,80,80,80,80,80,80,80,80,80,80,80,80,80,80,80,80],"relics":["Cracked Core","Toolbox","Dodecahedron","Bottled Flame","Astrolabe","Runic Capacitor","Ornamental Fan","Pen Nib","Inserter"],"card_choices":[{"not_picked":["Rebound","Stack"],"picked":"Cold Snap","floor":1},{"not_picked":["Reinforced Body","Streamline"],"picked":"Chaos","floor":4},{"not_picked":["Go for the Eyes","Stack"],"picked":"Reboot","floor":5},{"not_picked":["Beam Cell","Impulse"],"picked":"White Noise","floor":8},{"not_picked":["Hologram","Stack"],"picked":"Self Repair","floor":11},{"not_picked":["Hyperbeam","Amplify"],"picked":"Prime","floor":16},{"not_picked":["Barrage","Hello World"],"picked":"Gash","floor":18},{"not_picked":["Hello World","Capacitor"],"picked":"Darkness","floor":21},{"not_picked":["Doom and Gloom","Skim"],"picked":"Reprieve","floor":28},{"not_picked":["Reboot","Ball Lightning"],"picked":"Gash","floor":30},{"not_picked":["Turbo","Hologram"],"picked":"Impulse","floor":31},{"not_picked":["Prime","Creative AI"],"picked":"Echo Form","floor":33},{"not_picked":["FTL","Hologram"],"picked":"Beam Cell","floor":35}],"player_experience":112050,"potions_floor_usage":[10,13,16,21,23,23,30,33,35],"damage_taken":[{"damage":9,"enemies":"Jaw Worm","floor":1,"turns":4},{"damage":0,"enemies":"2 Louse","floor":4,"turns":3},{"damage":0,"enemies":"Cultist","floor":5,"turns":3},{"damage":0,"enemies":"Large Slime","floor":8,"turns":4},{"damage":0,"enemies":"Blue Slaver","floor":10,"turns":2},{"damage":15,"enemies":"3 Sentries","floor":11,"turns":5},{"damage":4,"enemies":"Red Slaver","floor":13,"turns":3},{"damage":16,"enemies":"Lots of Slimes","floor":14,"turns":2},{"damage":60,"enemies":"Hexaghost","floor":16,"turns":10},{"damage":19,"enemies":"Chosen","floor":18,"turns":5},{"damage":21,"enemies":"Spheric Guardian","floor":19,"turns":4},{"damage":23,"enemies":"Centurion and Healer","floor":21,"turns":7},{"damage":53,"enemies":"Slavers","floor":23,"turns":5},{"damage":0,"enemies":"Snecko","floor":28,"turns":4},{"damage":11,"enemies":"Snake Plant","floor":30,"turns":4},{"damage":22,"enemies":"Chosen and Byrds","floor":31,"turns":5},{"damage":46,"enemies":"Automaton","floor":33,"turns":7},{"damage":57,"enemies":"3 Darklings","floor":35,"turns":4},{"damage":48,"enemies":"Mysterious Sphere","floor":36,"turns":5}],"event_choices":[{"event_name":"Scrap Ooze","player_choice":"success","floor":2,"damage_taken":7},{"event_name":"Big Fish","player_choice":"Donut","floor":3,"damage_taken":0},{"event_name":"The Cleric","player_choice":"Healed","floor":7,"damage_taken":0},{"event_name":"Back to Basics","player_choice":"Simplicity","floor":20,"damage_taken":0},{"event_name":"Wheel of Change","player_choice":"Full Heal","floor":27,"damage_taken":0},{"event_name":"Upgrade Shrine","player_choice":"Upgraded","floor":29,"damage_taken":0},{"event_name":"Mysterious Sphere","player_choice":"Fight","floor":36,"damage_taken":0}],"boss_relics":[{"not_picked":["White Beast Statue","Snecko Eye"],"picked":"Astrolabe"},{"not_picked":["Sozu","Lizard Tail"],"picked":"Inserter"}],"potions_floor_spawned":[1,8,14,16,19,21,28,31,33],"seed_played":"765060940704470824","killed_by":"Mysterious Sphere","ascension_level":0,"is_trial":false}