{"gold_per_floor":[215,229,249,18,18,18,43,43,66,97,108,108,10,42,42,120,120,132,132],"floor_reached":19,"playtime":2224,"items_purged":["Strike_B"],"score":342,"play_id":"73f029e0-1bc0-4c0c-a07d-aaa5d4d3ccd7","local_time":"20190620205211","is_ascension_mode":true,"campfire_choices":[{"data":"Seek","floor":6.0,"key":"SMITH"},{"data":"Creative AI","floor":8.0,"key":"SMITH"},{"floor":12.0,"key":"REST"},{"data":"Recycle","floor":15.0,"key":"SMITH"}],"neow_cost":"NONE","seed_source_timestamp":0,"circlet_count":0,"master_deck":["AscendersBane","Strike_B","Strike_B","Strike_B","Defend_B","Defend_B","Defend_B","Defend_B","Zap","Dualcast","Fusion","Cold Snap","Self Repair","Seek+1","Creative AI+1","Echo Form","Hologram","Glacier","Steam","Recycle+1","Core Surge"],"special_seed":0,"relics":["Cracked Core","Oddly Smooth Stone","Regal Pillow","Cables","Bottled Flame","Fusion Hammer"],"potions_floor_usage":[19],"damage_taken":[{"damage":1.0,"enemies":"Cultist","floor":1.0,"turns":3.0},{"damage":3.0,"enemies":"2 Louse","floor":2.0,"turns":3.0},{"damage":7.0,"enemies":"Jaw Worm","floor":3.0,"turns":4.0},{"damage":32.0,"enemies":"Gremlin Nob","floor":7.0,"turns":5.0},{"damage":8.0,"enemies":"Lagavulin","floor":10.0,"turns":6.0},{"damage":18.0,"enemies":"Blue Slaver","floor":11.0,"turns":5.0},{"damage":13.0,"enemies":"3 Sentries","floor":14.0,"turns":13.0},{"damage":18.0,"enemies":"The Guardian","floor":16.0,"turns":17.0},{"damage":42,"enemies":"3 Byrds","floor":18,"turns":8},{"damage":36,"enemies":"Masked Bandits","floor":19,"turns":2}],"seed_played":"-6819721137912328962","potions_obtained":[{"floor":2.0,"key":"Weak Potion"},{"floor":3.0,"key":"Poison Potion"},{"floor":10.0,"key":"Dexterity Potion"},{"floor":16.0,"key":"Explosive Potion"},{"floor":18,"key":"FocusPotion"}],"is_trial":false,"path_per_floor":["M","M","M","$","?","R","E","R","T","E","M","R","$","E","R","B",null,"M","?"],"character_chosen":"DEFECT","items_purchased":["Seek","Glacier","Steam"],"campfire_rested":1,"item_purchase_floors":[4,13,13],"current_hp_per_floor":[63,60,53,53,58,58,33,33,33,32,21,58,58,59,59,48,69,34,0],"gold":132,"neow_bonus":"HUNDRED_GOLD","is_prod":false,"is_daily":false,"chose_seed":false,"campfire_upgraded":3,"win_rate":0,"timestamp":1561078331,"path_taken":["M","M","M","$","?","R","E","R","T","E","M","R","$","E","R","BOSS","M","?"],"build_version":"2019-01-23","purchased_purges":1,"victory":false,"max_hp_per_floor":[71,71,71,71,76,76,76,76,76,76,76,76,76,76,76,76,76,76,76],"card_choices":[{"not_picked":["Coolheaded","Leap"],"picked":"Fusion","floor":1.0},{"not_picked":["Hologram","Fusion"],"picked":"Cold Snap","floor":2.0},{"not_picked":["Skim","Undo"],"picked":"Self Repair","floor":3.0},{"not_picked":["Rebound","Chaos"],"picked":"Creative AI","floor":7.0},{"not_picked":["Hologram","Turbo"],"picked":"Echo Form","floor":10.0},{"not_picked":["Coolheaded","Self Repair"],"picked":"Hologram","floor":11.0},{"not_picked":["Aggregate","Capacitor"],"picked":"Recycle","floor":14.0},{"not_picked":["Creative AI","Amplify"],"picked":"Core Surge","floor":16.0},{"not_picked":["Storm","Chill","Scrape+1"],"picked":"SKIP","floor":18}],"player_experience":2312384,"relics_obtained":[{"floor":7.0,"key":"Oddly Smooth Stone"},{"floor":9.0,"key":"Regal Pillow"},{"floor":10.0,"key":"Cables"},{"floor":14.0,"key":"Bottled Flame"}],"event_choices":[{"damage_healed":0.0,"max_hp_gain":5.0,"max_hp_loss":0.0,"gold_gain":0.0,"event_name":"Big Fish","player_choice":"Donut","floor":5.0,"gold_loss":0.0,"damage_taken":0.0},{"damage_healed":0,"gold_gain":0,"player_choice":"Fought Bandits","damage_taken":0,"max_hp_gain":0,"max_hp_loss":0,"event_name":"Masked Bandits","floor":19,"gold_loss":0}],"is_beta":false,"boss_relics":[{"not_picked":["White Beast Statue","Nuclear Battery"],"picked":"Fusion Hammer"}],"items_purged_floors":[4],"is_endless":false,"potions_floor_spawned":[2,3,10,16,18],"killed_by":"Masked Bandits","ascension_level":17}