{"gold_per_floor":[115,65,79,95,65,95,95,127,151,184,184],"floor_reached":11,"playtime":509,"items_purged":[],"score":96,"play_id":"58acc0e8-779a-437d-b485-765e37adf6f1","local_time":"20180712083527","is_ascension_mode":true,"campfire_choices":[{"floor":7,"key":"REST"}],"neow_cost":"NONE","seed_source_timestamp":277915331414327,"circlet_count":0,"master_deck":["Strike_B","Strike_B","Strike_B","Strike_B","Defend_B","Defend_B","Defend_B","Zap","Dualcast","Echo Form","Turbo","BootSequence","FTL","Turbo","Stack","FTL"],"relics":["Cracked Core","Ancient Tea Set","Strawberry","Orichalcum","Darkstone Periapt"],"potions_floor_usage":[3,6,6,6,10],"damage_taken":[{"damage":0,"enemies":"Small Slimes","floor":1,"turns":3},{"damage":1,"enemies":"2 Louse","floor":3,"turns":2},{"damage":5,"enemies":"Cultist","floor":4,"turns":4},{"damage":61,"enemies":"Gremlin Nob","floor":6,"turns":5},{"damage":30,"enemies":"3 Sentries","floor":8,"turns":6},{"damage":16,"enemies":"Gremlin Nob","floor":10,"turns":4},{"damage":13,"enemies":"Exordium Thugs","floor":11,"turns":4}],"seed_played":"-7260745665378418492","potions_obtained":[{"floor":1,"key":"Poison Potion"},{"floor":4,"key":"SkillPotion"},{"floor":5,"key":"Regen Potion"},{"floor":5,"key":"Regen Potion"},{"floor":6,"key":"Poison Potion"}],"is_trial":false,"path_per_floor":["M","?","M","M","?","E","R","E","T","E"],"character_chosen":"DEFECT","items_purchased":[],"campfire_rested":1,"item_purchase_floors":[],"current_hp_per_floor":[75,75,74,69,69,27,49,26,26,10,0],"gold":184,"neow_bonus":"ONE_RANDOM_RARE_CARD","is_prod":false,"is_daily":false,"chose_seed":false,"campfire_upgraded":0,"win_rate":0,"timestamp":1531398927,"path_taken":["M","?","M","?","?","E","R","E","T","E","M"],"build_version":"2018-07-11","purchased_purges":0,"victory":false,"max_hp_per_floor":[75,75,75,75,75,75,75,82,82,82,82],"card_choices":[{"not_picked":["Capacitor","Barrage"],"picked":"Turbo","floor":1},{"not_picked":["Defragment","Fusion"],"picked":"BootSequence","floor":3},{"not_picked":["Lockon","Beam Cell"],"picked":"FTL","floor":4},{"not_picked":["Capacitor","Compile Driver"],"picked":"Turbo","floor":6},{"not_picked":["Ball Lightning","Compile Driver"],"picked":"Stack","floor":8},{"not_picked":["Leap","Aggregate"],"picked":"FTL","floor":10}],"player_experience":392927,"relics_obtained":[{"floor":6,"key":"Ancient Tea Set"},{"floor":8,"key":"Strawberry"},{"floor":9,"key":"Orichalcum"},{"floor":10,"key":"Darkstone Periapt"}],"event_choices":[{"event_name":"The Cleric","player_choice":"Card Removal","floor":2,"damage_taken":0},{"event_name":"The Woman in Blue","player_choice":"Bought 2 Potions","floor":5,"damage_taken":0}],"boss_relics":[],"items_purged_floors":[],"is_endless":false,"potions_floor_spawned":[1,4,6],"killed_by":"Exordium Thugs","ascension_level":1}