{"gold_per_floor":[119,119,44,63,77,77,91,126,153,153,192,211,176,200,200,323,323,348,258,258,21,21,21,57,57,57,33,46,84,124,142,142,272,272,292,9,70,403,403,403],"floor_reached":40,"playtime":1526,"items_purged":["Normality"],"score":625,"play_id":"5a733f14-4b1c-48ed-9e51-9e59d7bef9d2","local_time":"20190605031511","is_ascension_mode":true,"campfire_choices":[{"data":"Demon Form","floor":6,"key":"SMITH"},{"floor":10,"key":"REST"},{"data":"Dual Wield","floor":15,"key":"SMITH"},{"floor":23,"key":"REST"},{"floor":25,"key":"REST"},{"data":"Demon Form","floor":32,"key":"SMITH"}],"neow_cost":"CURSE","seed_source_timestamp":1243018997435600,"circlet_count":0,"master_deck":["Bash","Demon Form+1","Fire Breathing","Heavy Blade","Heavy Blade","Burning Pact+1","Reaper","Infernal Blade+1","Ghostly Armor+1","Dual Wield+1","Immolate","Swift Strike","Swift Strike","Swift Strike","Pummel","Decay","Flex","Rage+1","Ghostly Armor","Demon Form+1","Rage+1","Double Tap","Metallicize","Reckless Charge","Rage","Entrench","Offering","Shrug It Off","Disarm","Sever Soul","Double Tap","Dark Shackles","Flame Barrier+1","Flame Barrier+1"],"relics":["Burning Blood","Anchor","Juzu Bracelet","Vajra","Cursed Key","War Paint","Darkstone Periapt","Singing Bowl","Red Mask","Letter Opener","Pandora\u0027s Box","Strange Spoon","Peace Pipe"],"potions_floor_usage":[7,11,14,16,18,30,31,33,35],"damage_taken":[{"damage":8,"enemies":"2 Louse","floor":1,"turns":5},{"damage":6,"enemies":"Small Slimes","floor":4,"turns":6},{"damage":28,"enemies":"Jaw Worm","floor":5,"turns":4},{"damage":16,"enemies":"Red Slaver","floor":7,"turns":4},{"damage":25,"enemies":"Lagavulin","floor":8,"turns":7},{"damage":16,"enemies":"Gremlin Nob","floor":11,"turns":3},{"damage":11,"enemies":"Looter","floor":12,"turns":3},{"damage":13,"enemies":"Exordium Thugs","floor":14,"turns":5},{"damage":0,"enemies":"Slime Boss","floor":16,"turns":5},{"damage":21,"enemies":"Shell Parasite","floor":18,"turns":4},{"damage":49,"enemies":"Gremlin Leader","floor":24,"turns":6},{"damage":4,"enemies":"3 Byrds","floor":28,"turns":4},{"damage":0,"enemies":"Masked Bandits","floor":29,"turns":2},{"damage":14,"enemies":"Book of Stabbing","floor":30,"turns":4},{"damage":0,"enemies":"Snecko","floor":31,"turns":3},{"damage":72,"enemies":"Automaton","floor":33,"turns":8},{"damage":32,"enemies":"3 Shapes","floor":35,"turns":5},{"damage":54,"enemies":"2 Orb Walkers","floor":37,"turns":5},{"damage":35,"enemies":"Reptomancer","floor":40,"turns":2}],"seed_played":"1507856655826729195","potions_obtained":[{"floor":5,"key":"GamblersBrew"},{"floor":8,"key":"Regen Potion"},{"floor":12,"key":"GamblersBrew"},{"floor":14,"key":"Energy Potion"},{"floor":16,"key":"Energy Potion"},{"floor":29,"key":"Strength Potion"},{"floor":30,"key":"PowerPotion"},{"floor":31,"key":"BloodPotion"},{"floor":33,"key":"BloodPotion"}],"is_trial":false,"path_per_floor":["M","?","$","M","M","R","M","E","T","R","E","M","?","M","R","B",null,"M","?","?","$","?","R","E","R","T","$","M","?","E","M","R","B",null,"M","$","?","?","?","E"],"character_chosen":"IRONCLAD","items_purchased":["War Paint","Swift Strike","Flex","Strange Spoon","Dark Shackles"],"campfire_rested":3,"item_purchase_floors":[21,21,27,36,36],"current_hp_per_floor":[78,78,78,78,56,56,46,27,27,51,50,52,72,73,73,80,80,65,65,65,65,41,65,37,61,67,67,69,75,67,73,73,37,74,82,82,34,34,34,0],"gold":403,"neow_bonus":"THREE_RARE_CARDS","is_prod":false,"is_daily":false,"chose_seed":false,"campfire_upgraded":3,"win_rate":0,"timestamp":1559718911,"path_taken":["M","?","$","M","M","R","M","E","T","R","E","M","?","M","R","BOSS","M","?","?","$","?","R","E","R","T","?","M","?","E","M","R","BOSS","M","$","?","?","?","E"],"build_version":"2019-06-02","purchased_purges":1,"victory":false,"max_hp_per_floor":[80,80,80,80,80,80,80,80,80,80,80,80,80,80,80,80,80,80,80,80,80,80,80,80,80,86,86,86,86,86,86,86,86,86,88,88,88,88,88,88],"card_choices":[{"not_picked":["Immolate","Impervious"],"picked":"Demon Form","floor":0},{"not_picked":["Perfected Strike","Searing Blow"],"picked":"Fire Breathing","floor":1},{"not_picked":["Twin Strike","Whirlwind"],"picked":"Heavy Blade","floor":4},{"not_picked":["Thunderclap","Power Through"],"picked":"Heavy Blade","floor":5},{"not_picked":["Carnage","Blood for Blood"],"picked":"Burning Pact","floor":7},{"not_picked":["Wild Strike","Blood for Blood"],"picked":"Reaper","floor":8},{"not_picked":["Blood for Blood","True Grit"],"picked":"Infernal Blade","floor":11},{"not_picked":["Hemokinesis","Iron Wave"],"picked":"Ghostly Armor","floor":12},{"not_picked":["Twin Strike","Second Wind"],"picked":"Dual Wield","floor":14},{"not_picked":["Brutality","Dark Embrace"],"picked":"Immolate","floor":16},{"not_picked":["True Grit","Whirlwind","Clash"],"picked":"SKIP","floor":18},{"not_picked":["Havoc","Armaments"],"picked":"Pummel","floor":24},{"not_picked":["Dropkick","True Grit"],"picked":"Rage+1","floor":28},{"not_picked":["Anger","Clash"],"picked":"Ghostly Armor","floor":29},{"not_picked":["Pommel Strike","Heavy Blade"],"picked":"Demon Form","floor":30},{"not_picked":["Body Slam","Rupture+1"],"picked":"Rage+1","floor":31},{"not_picked":["Brutality","Bludgeon"],"picked":"Double Tap","floor":33},{"not_picked":["Intimidate+1","Clash+1","Iron Wave"],"picked":"Singing Bowl","floor":35},{"not_picked":["Warcry","Cleave"],"picked":"Flame Barrier+1","floor":37}],"player_experience":964137,"relics_obtained":[{"floor":8,"key":"Anchor"},{"floor":9,"key":"Juzu Bracelet"},{"floor":11,"key":"Vajra"},{"floor":24,"key":"Darkstone Periapt"},{"floor":26,"key":"Singing Bowl"},{"floor":29,"key":"Red Mask"},{"floor":30,"key":"Letter Opener"},{"floor":37,"key":"Peace Pipe"}],"event_choices":[{"damage_healed":0,"gold_gain":0,"player_choice":"Take Wound","damage_taken":0,"relics_obtained":["Golden Idol"],"max_hp_gain":0,"max_hp_loss":0,"event_name":"Golden Idol","floor":2,"gold_loss":0,"cards_obtained":["Injury"]},{"damage_healed":20,"gold_gain":0,"player_choice":"Healed","damage_taken":0,"max_hp_gain":0,"max_hp_loss":0,"event_name":"The Cleric","floor":13,"gold_loss":35},{"cards_removed":["Injury"],"damage_healed":0,"gold_gain":0,"player_choice":"Upgrade and Remove","damage_taken":0,"max_hp_gain":0,"max_hp_loss":0,"event_name":"Designer","floor":19,"gold_loss":90,"cards_upgraded":["Infernal Blade"]},{"damage_healed":0,"gold_gain":0,"player_choice":"Simplicity","damage_taken":0,"max_hp_gain":0,"max_hp_loss":0,"event_name":"Back to Basics","floor":20,"gold_loss":0,"cards_upgraded":["Strike_R","Strike_R","Strike_R","Strike_R","Strike_R","Defend_R","Defend_R","Defend_R","Defend_R"]},{"damage_healed":0,"gold_gain":0,"player_choice":"CARD CARD ","damage_taken":24,"max_hp_gain":0,"max_hp_loss":0,"event_name":"Knowing Skull","floor":22,"potions_obtained":[],"gold_loss":0,"cards_obtained":["Swift Strike","Swift Strike"]},{"damage_healed":0,"gold_gain":0,"player_choice":"Fought Bandits","damage_taken":0,"max_hp_gain":0,"max_hp_loss":0,"event_name":"Masked Bandits","floor":29,"gold_loss":0},{"damage_healed":0,"gold_gain":0,"player_choice":"Fight","damage_taken":0,"max_hp_gain":0,"max_hp_loss":0,"event_name":"Mysterious Sphere","floor":37,"gold_loss":0},{"damage_healed":0,"gold_gain":333,"player_choice":"Gave Idol","damage_taken":0,"max_hp_gain":0,"max_hp_loss":0,"event_name":"The Moai Head","floor":38,"relics_lost":["Golden Idol"],"gold_loss":0},{"damage_healed":0,"gold_gain":0,"player_choice":"Copied","damage_taken":0,"max_hp_gain":0,"max_hp_loss":0,"event_name":"Duplicator","floor":39,"gold_loss":0,"cards_obtained":["Flame Barrier"]}],"is_beta":true,"boss_relics":[{"not_picked":["Tiny House","Philosopher\u0027s Stone"],"picked":"Cursed Key"},{"not_picked":["Black Star","Sozu"],"picked":"Pandora\u0027s Box"}],"items_purged_floors":[3],"is_endless":false,"potions_floor_spawned":[5,8,12,14,16,29,30,31,33],"killed_by":"Reptomancer","ascension_level":5}