{"gold_per_floor":[219,219,233,251,84,97,113,113,113,113,43,43,43,58,58,133,133,133,133,133,133,133,133,133,133,133,133,133,133,133,133,133,133,133,133,133,133,133,133,133,133,133,133,133,133,5,0,0,0,0],"floor_reached":51,"playtime":2783,"items_purged":["Strike_B"],"score":1315,"play_id":"de7ebdb4-1543-4a9a-bd7f-29e2c9a11937","local_time":"20190309013121","is_ascension_mode":true,"campfire_choices":[{"data":"Apotheosis","floor":8,"key":"SMITH"},{"floor":10,"key":"REST"},{"floor":15,"key":"REST"},{"floor":24,"key":"REST"},{"floor":32,"key":"REST"},{"floor":40,"key":"REST"},{"data":"Seek","floor":42,"key":"SMITH"},{"data":"Panache","floor":44,"key":"SMITH"},{"floor":49,"key":"REST"}],"neow_cost":"NONE","seed_source_timestamp":624007499265648,"circlet_count":0,"master_deck":["AscendersBane","Strike_B","Defend_B","Defend_B","Defend_B","Defend_B","Zap","Dualcast","Beam Cell","All For One","Sunder","Apotheosis+1","Beam Cell","Core Surge","Leap","Reprogram","Beam Cell","Go for the Eyes","Seek+1","Chill+1","Machine Learning","Go for the Eyes","Chill","Steam Power","Steam+1","Gash","Go for the Eyes","Panache+1","Gash","Static Discharge"],"relics":["FrozenCore","Dream Catcher","Regal Pillow","Ectoplasm","Question Card","Bag of Preparation","Ornamental Fan","Centennial Puzzle","Omamori","Orichalcum","Mercury Hourglass","Red Mask","Unceasing Top"],"potions_floor_usage":[7,16,27,27,27,27,27,33,38,41],"damage_taken":[{"damage":7,"enemies":"Small Slimes","floor":1,"turns":3},{"damage":1,"enemies":"Cultist","floor":3,"turns":3},{"damage":7,"enemies":"Jaw Worm","floor":4,"turns":2},{"damage":6,"enemies":"2 Fungi Beasts","floor":6,"turns":3},{"damage":10,"enemies":"Blue Slaver","floor":7,"turns":3},{"damage":4,"enemies":"Red Slaver","floor":14,"turns":3},{"damage":16,"enemies":"Slime Boss","floor":16,"turns":7},{"damage":0,"enemies":"3 Byrds","floor":18,"turns":3},{"damage":21,"enemies":"Shell Parasite","floor":20,"turns":4},{"damage":5,"enemies":"Centurion and Healer","floor":21,"turns":5},{"damage":0,"enemies":"Sentry and Sphere","floor":22,"turns":5},{"damage":14,"enemies":"Gremlin Leader","floor":23,"turns":5},{"damage":48,"enemies":"Slavers","floor":25,"turns":6},{"damage":0,"enemies":"Gremlin Leader","floor":27,"turns":7},{"damage":14,"enemies":"Chosen and Byrds","floor":28,"turns":6},{"damage":0,"enemies":"Snake Plant","floor":30,"turns":2},{"damage":0,"enemies":"Centurion and Healer","floor":31,"turns":5},{"damage":24,"enemies":"Champ","floor":33,"turns":9},{"damage":0,"enemies":"Orb Walker","floor":35,"turns":3},{"damage":0,"enemies":"3 Shapes","floor":37,"turns":7},{"damage":12,"enemies":"Transient","floor":38,"turns":5},{"damage":14,"enemies":"Jaw Worm Horde","floor":41,"turns":5},{"damage":0,"enemies":"Giant Head","floor":45,"turns":6},{"damage":1,"enemies":"Nemesis","floor":48,"turns":7},{"damage":43,"enemies":"Time Eater","floor":50,"turns":11}],"seed_played":"-2915870315237319095","potions_obtained":[{"floor":6,"key":"EntropicBrew"},{"floor":7,"key":"SkillPotion"},{"floor":16,"key":"Energy Potion"},{"floor":23,"key":"EntropicBrew"},{"floor":28,"key":"PowerPotion"},{"floor":33,"key":"Block Potion"},{"floor":35,"key":"FocusPotion"},{"floor":41,"key":"SpeedPotion"}],"is_trial":false,"path_per_floor":["M","?","M","M","$","M","M","R","T","R","$","?","?","M","R","B",null,"M","?","M","M","M","E","R","E","T","E","M","T","M","M","R","B",null,"M","?","M","M","?","R","M","R","T","R","E","$","?","E","R","B",null],"character_chosen":"DEFECT","items_purchased":["Apotheosis","Reprogram","Gash"],"campfire_rested":6,"item_purchase_floors":[5,11,46],"current_hp_per_floor":[57,57,56,49,49,43,33,33,33,54,54,47,40,36,71,55,67,67,67,46,41,41,27,63,15,15,30,16,16,16,16,52,28,60,60,60,60,48,48,71,57,57,57,57,57,57,57,56,71,28],"gold":0,"neow_bonus":"HUNDRED_GOLD","is_prod":false,"is_daily":false,"chose_seed":false,"campfire_upgraded":3,"win_rate":0,"timestamp":1552091481,"path_taken":["M","?","M","M","$","M","?","R","T","R","?","?","?","M","R","BOSS","M","?","M","?","M","E","R","E","T","E","M","?","M","?","R","BOSS","M","?","?","M","?","R","M","R","T","R","E","$","?","E","R","BOSS"],"build_version":"2019-01-23","purchased_purges":1,"victory":true,"max_hp_per_floor":[71,71,71,71,71,71,71,71,71,71,71,71,71,71,71,71,71,71,71,71,71,71,71,71,71,71,71,71,71,71,71,71,71,71,71,71,71,71,71,71,71,71,71,71,71,71,71,71,71,71],"card_choices":[{"not_picked":["Rebound","Compile Driver"],"picked":"Beam Cell","floor":1},{"not_picked":["Streamline","Capacitor","Redo"],"picked":"SKIP","floor":3},{"not_picked":["Redo","Turbo"],"picked":"Sunder","floor":4},{"not_picked":["Stack","Coolheaded"],"picked":"Beam Cell","floor":6},{"not_picked":["White Noise","Coolheaded"],"picked":"Core Surge","floor":7},{"not_picked":["Coolheaded","Doom and Gloom"],"picked":"Leap","floor":10},{"not_picked":["Capacitor","Sunder"],"picked":"Beam Cell","floor":14},{"not_picked":["Cold Snap","Thunder Strike"],"picked":"Go for the Eyes","floor":15},{"not_picked":["Thunder Strike","Multi-Cast"],"picked":"Seek","floor":16},{"not_picked":["Stack","Sunder"],"picked":"Chill+1","floor":18},{"not_picked":["Barrage","Leap","BootSequence"],"picked":"SKIP","floor":20},{"not_picked":["Heatsinks","Stack","Rip and Tear"],"picked":"SKIP","floor":21},{"not_picked":["Chaos","Stack","White Noise"],"picked":"SKIP","floor":22},{"not_picked":["Cold Snap","Conserve Battery"],"picked":"Machine Learning","floor":23},{"not_picked":["Undo+1","Redo","Heatsinks"],"picked":"Go for the Eyes","floor":25},{"not_picked":["Sweeping Beam","Force Field","Cold Snap"],"picked":"Chill","floor":27},{"not_picked":["Darkness","Rebound","Undo"],"picked":"Steam Power","floor":28},{"not_picked":["Stack","Skim","Genetic Algorithm"],"picked":"Steam+1","floor":30},{"not_picked":["Darkness","Capacitor","Biased Cognition"],"picked":"Gash","floor":31},{"not_picked":["Scrape","Fusion","Redo"],"picked":"Go for the Eyes","floor":32},{"not_picked":["Rebound+1","Redo+1","Barrage+1","Stack"],"picked":"SKIP","floor":35},{"not_picked":["Cold Snap","Ball Lightning","Turbo+1","Conserve Battery"],"picked":"SKIP","floor":37},{"not_picked":["Compile Driver","Loop","Aggregate+1","Consume+1"],"picked":"SKIP","floor":38},{"not_picked":["Blind","Forethought","Deep Breath"],"picked":"Panache","floor":39},{"not_picked":["Conserve Battery","Turbo","Ball Lightning","Rebound+1"],"picked":"SKIP","floor":41},{"not_picked":["Hyperbeam","Genetic Algorithm","Barrage+1","Conserve Battery"],"picked":"SKIP","floor":45},{"not_picked":["Heatsinks","Cold Snap","Rainbow","Beam Cell"],"picked":"SKIP","floor":48},{"not_picked":["Sweeping Beam+1","Stack","Double Energy+1"],"picked":"Static Discharge","floor":49}],"player_experience":520783,"relics_obtained":[{"floor":9,"key":"Dream Catcher"},{"floor":23,"key":"Question Card"},{"floor":25,"key":"Bag of Preparation"},{"floor":26,"key":"Ornamental Fan"},{"floor":27,"key":"Centennial Puzzle"},{"floor":29,"key":"Omamori"},{"floor":43,"key":"Orichalcum"},{"floor":45,"key":"Mercury Hourglass"},{"floor":48,"key":"Unceasing Top"}],"event_choices":[{"damage_healed":0,"gold_gain":0,"cards_transformed":["Strike_B"],"player_choice":"Transformed","damage_taken":0,"max_hp_gain":0,"max_hp_loss":0,"event_name":"Transmorgrifier","floor":2,"gold_loss":0,"cards_obtained":["All For One"]},{"cards_removed":["Strike_B"],"damage_healed":0,"gold_gain":0,"player_choice":"Card Removal","damage_taken":7,"max_hp_gain":0,"max_hp_loss":0,"event_name":"Golden Wing","floor":12,"gold_loss":0},{"damage_healed":0,"gold_gain":0,"player_choice":"Success","damage_taken":7,"relics_obtained":["Regal Pillow"],"max_hp_gain":0,"max_hp_loss":0,"event_name":"Scrap Ooze","floor":13,"gold_loss":0},{"damage_healed":0,"gold_gain":0,"player_choice":"Bought 0 Potions","damage_taken":0,"max_hp_gain":0,"max_hp_loss":0,"event_name":"The Woman in Blue","floor":19,"gold_loss":0},{"damage_healed":0,"gold_gain":100,"player_choice":"Pray","damage_taken":0,"max_hp_gain":0,"max_hp_loss":0,"event_name":"Golden Shrine","floor":36,"gold_loss":0},{"damage_healed":0,"gold_gain":0,"player_choice":"Memory 1","damage_taken":0,"max_hp_gain":0,"max_hp_loss":0,"event_name":"SensoryStone","floor":39,"gold_loss":0},{"damage_healed":0,"gold_gain":0,"player_choice":"Paid","damage_taken":0,"relics_obtained":["Red Mask"],"max_hp_gain":0,"max_hp_loss":0,"event_name":"Tomb of Lord Red Mask","floor":47,"gold_loss":5}],"is_beta":false,"boss_relics":[{"not_picked":["Eternal Feather","White Beast Statue"],"picked":"Ectoplasm"},{"not_picked":["Velvet Choker","Calling Bell"],"picked":"FrozenCore"}],"items_purged_floors":[46],"is_endless":false,"potions_floor_spawned":[6,7,16,21,22,23,28,33,35,37,41],"ascension_level":14}