{"path_per_floor":["M","?","M","$","?","E","$","E","T","M","M","?","?","M","R","B",null,"M","M","$","M","M","R"],"character_chosen":"IRONCLAD","items_purchased":["Whirlwind","Metallicize","Mummified Hand","Flex"],"gold_per_floor":[116,116,127,13,13,44,44,77,132,150,170,170,170,188,188,284,314,334,347,33,48,61,61],"floor_reached":24,"campfire_rested":1,"playtime":1161,"current_hp_per_floor":[80,80,80,80,80,80,80,54,54,58,64,64,64,70,70,10,85,81,67,67,43,9,34],"items_purged":[],"gold":61,"score":233,"play_id":"bf23abba-dacd-46ce-b6ea-95cd6d105002","local_time":"20180306035506","is_prod":false,"is_daily":false,"is_ascension_mode":false,"campfire_upgraded":1,"timestamp":1520326506,"path_taken":["M","?","?","$","?","E","$","E","T","M","M","?","?","M","R","BOSS","M","M","$","M","M","R","E"],"build_version":"2018-03-01-PROD1","purchased_purges":0,"victory":false,"master_deck":["Strike_R","Strike_R","Strike_R","Strike_R","Strike_R","Defend_R","Defend_R","Defend_R","Defend_R","Bash","Clash","Double Tap+1","Whirlwind","Metallicize","Thunderclap","Wild Strike+1","Sever Soul","Body Slam","Clothesline","Immolate","Flex","Seeing Red","Infernal Blade","Flex","Wild Strike","Second Wind"],"max_hp_per_floor":[80,80,80,80,80,80,80,80,80,80,80,80,80,80,80,80,85,85,85,85,85,85,85],"relics":["Burning Blood","NeowsBlessing","Bag of Preparation","Anchor","Frozen Egg 2","Juzu Bracelet","Letter Opener","Tiny House","Mummified Hand"],"card_choices":[{"not_picked":["Warcry","Headbutt"],"picked":"Clash"},{"not_picked":["Searing Blow","Clash"],"picked":"Double Tap"},{"not_picked":["Pommel Strike","Heavy Blade"],"picked":"Thunderclap"},{"not_picked":["Combust","Havoc"],"picked":"Wild Strike"},{"not_picked":["Uppercut","Clash"],"picked":"Sever Soul"},{"not_picked":["True Grit","Burning Pact"],"picked":"Body Slam"},{"not_picked":["Iron Wave","Havoc"],"picked":"Clothesline"},{"not_picked":["Double Tap","Barricade"],"picked":"Immolate"},{"not_picked":["Cleave","Twin Strike"],"picked":"Flex"},{"not_picked":["Disarm","Cleave"],"picked":"Seeing Red"},{"not_picked":["Fire Breathing","Inflame"],"picked":"Infernal Blade"},{"not_picked":["Intimidate","Rupture"],"picked":"Wild Strike"},{"not_picked":["Anger","Cleave"],"picked":"Second Wind"}],"player_experience":284652,"potions_floor_usage":[8,11,14,14,16,16,18,18,21],"damage_taken":[{"damage":0,"enemies":"Small Slimes","floor":1,"turns":1},{"damage":0,"enemies":"Cultist","floor":3,"turns":1},{"damage":0,"enemies":"3 Sentries","floor":6,"turns":2},{"damage":32,"enemies":"Gremlin Nob","floor":8,"turns":4},{"damage":2,"enemies":"Jaw Worm","floor":10,"turns":4},{"damage":0,"enemies":"Large Slime","floor":11,"turns":2},{"damage":0,"enemies":"Blue Slaver","floor":14,"turns":1},{"damage":66,"enemies":"Hexaghost","floor":16,"turns":12},{"damage":10,"enemies":"Chosen","floor":18,"turns":3},{"damage":20,"enemies":"2 Thieves","floor":19,"turns":3},{"damage":30,"enemies":"Cultist and Chosen","floor":21,"turns":8},{"damage":40,"enemies":"Centurion and Healer","floor":22,"turns":5},{"damage":36,"enemies":"Book of Stabbing","floor":24,"turns":4}],"event_choices":[{"event_name":"The Lab","player_choice":"Got Potions","floor":2,"damage_taken":0},{"event_name":"Accursed Blacksmith","player_choice":"Rummage","floor":5,"damage_taken":0},{"event_name":"Dead Adventurer","player_choice":"Searched \u00272\u0027 times","floor":12,"damage_taken":0},{"event_name":"Purifier","player_choice":"One Purge","floor":13,"damage_taken":0}],"boss_relics":[{"not_picked":["Velvet Choker","Snecko Eye"],"picked":"Tiny House"}],"potions_floor_spawned":[10,11,14,16,19],"seed_played":"4628788585434370501","killed_by":"Book of Stabbing","ascension_level":0,"is_trial":false}