{"gold_per_floor":[211,59,72,84,100,100,125,125],"floor_reached":8,"playtime":400,"items_purged":["Strike_G"],"score":110,"play_id":"aba0a201-3903-4907-9002-c1f96882f4c0","local_time":"20190606004530","is_ascension_mode":true,"campfire_choices":[{"data":"Die Die Die","floor":6,"key":"SMITH"}],"neow_cost":"NONE","seed_source_timestamp":445257781028058,"circlet_count":0,"master_deck":["AscendersBane","Defend_G","Defend_G","Defend_G","Defend_G","Defend_G","Strike_G","Strike_G","Strike_G","Strike_G","Survivor","Neutralize","Deadly Poison","Accuracy","Dagger Throw","Well Laid Plans","Die Die Die+1","Bouncing Flask"],"relics":["Ring of the Snake","Lantern"],"potions_floor_usage":[7],"damage_taken":[{"damage":1,"enemies":"Small Slimes","floor":1,"turns":5},{"damage":0,"enemies":"2 Louse","floor":3,"turns":3},{"damage":4,"enemies":"Jaw Worm","floor":4,"turns":5},{"damage":6,"enemies":"Blue Slaver","floor":5,"turns":5},{"damage":43,"enemies":"Lagavulin","floor":7,"turns":7},{"damage":20,"enemies":"Lagavulin Event","floor":8,"turns":2}],"seed_played":"5420086406883451188","potions_obtained":[{"floor":3,"key":"GamblersBrew"},{"floor":4,"key":"SpeedPotion"}],"is_trial":false,"path_per_floor":["M","$","M","M","M","R","E","?"],"character_chosen":"THE_SILENT","items_purchased":["Accuracy"],"campfire_rested":0,"item_purchase_floors":[2],"current_hp_per_floor":[58,58,58,54,48,48,5,0],"gold":125,"neow_bonus":"HUNDRED_GOLD","is_prod":false,"is_daily":false,"chose_seed":false,"campfire_upgraded":1,"win_rate":0,"timestamp":1559774730,"path_taken":["M","$","M","M","M","R","E","?"],"build_version":"2019-01-23","purchased_purges":1,"victory":false,"max_hp_per_floor":[66,66,66,66,66,66,66,66],"card_choices":[{"not_picked":["Backflip","PiercingWail"],"picked":"Deadly Poison","floor":1},{"not_picked":["Tactician","Dodge and Roll"],"picked":"Dagger Throw","floor":3},{"not_picked":["Backflip","Sucker Punch"],"picked":"Well Laid Plans","floor":4},{"not_picked":["Flying Knee","Bane"],"picked":"Die Die Die","floor":5},{"not_picked":["Sucker Punch","Choke"],"picked":"Bouncing Flask","floor":7}],"player_experience":590905,"relics_obtained":[{"floor":7,"key":"Lantern"}],"event_choices":[{"damage_healed":0,"gold_gain":0,"player_choice":"Searched \u00271\u0027 times","damage_taken":0,"max_hp_gain":0,"max_hp_loss":0,"event_name":"Dead Adventurer","floor":8,"gold_loss":0}],"is_beta":false,"boss_relics":[],"items_purged_floors":[2],"is_endless":false,"potions_floor_spawned":[3,4],"killed_by":"Lagavulin Event","ascension_level":18}