{"path_per_floor":["M","?","M","$","?","R","E","M","T","M","$","?","$","?","R","B",null,"M","$","?","?","M","R"],"character_chosen":"IRONCLAD","items_purchased":["Carnage","Jack Of All Trades","Strawberry"],"gold_per_floor":[116,116,140,66,26,26,61,86,109,127,38,38,38,38,38,158,158,173,20,20,20,38,38,38],"floor_reached":24,"campfire_rested":2,"playtime":974,"current_hp_per_floor":[52,52,57,57,57,85,61,60,60,45,45,45,45,69,96,9,96,82,89,89,89,73,73,0],"items_purged":[],"gold":38,"score":236,"play_id":"19916f11-388a-415f-9bfa-5462c75edfc2","local_time":"20180413172429","is_prod":false,"is_daily":false,"chose_seed":false,"is_ascension_mode":true,"campfire_upgraded":1,"timestamp":1523654669,"path_taken":["M","?","M","$","?","R","E","M","T","M","?","?","?","?","R","BOSS","M","$","?","?","M","R","E"],"build_version":"2018-04-12","seed_source_timestamp":633890410625512,"purchased_purges":0,"victory":false,"master_deck":["Strike_R","Strike_R","Strike_R","Strike_R","Strike_R","Defend_R","Defend_R","Defend_R","Bash","Flex","Injury","Carnage","Seeing Red","Jack Of All Trades","Dropkick","Parasite","Feed+1","Ghostly Armor"],"max_hp_per_floor":[96,96,96,96,96,96,96,96,96,96,96,96,96,96,96,96,96,99,106,106,106,109,109,109],"relics":["Burning Blood","Golden Idol","Toolbox","Anchor","Runic Cube","Strawberry"],"card_choices":[{"not_picked":["Flame Barrier","Rage"],"picked":"Flex","floor":1},{"not_picked":["Twin Strike","Pommel Strike"],"picked":"Seeing Red","floor":10},{"not_picked":["Limit Break","Double Tap"],"picked":"Feed","floor":16},{"not_picked":["Power Through","Headbutt"],"picked":"Ghostly Armor","floor":22}],"player_experience":639773,"potions_floor_usage":[8,16,16,18,24],"damage_taken":[{"damage":2,"enemies":"Jaw Worm","floor":1,"turns":4},{"damage":1,"enemies":"2 Louse","floor":3,"turns":2},{"damage":30,"enemies":"Gremlin Nob","floor":7,"turns":4},{"damage":7,"enemies":"Small Slimes","floor":8,"turns":2},{"damage":21,"enemies":"Exordium Thugs","floor":10,"turns":4},{"damage":93,"enemies":"Hexaghost","floor":16,"turns":12},{"damage":23,"enemies":"Spheric Guardian","floor":18,"turns":4},{"damage":29,"enemies":"2 Thieves","floor":22,"turns":4},{"damage":85,"enemies":"Slavers","floor":24,"turns":4}],"event_choices":[{"event_name":"Golden Idol","player_choice":"Take Wound","floor":2,"damage_taken":0},{"event_name":"The Woman in Blue","player_choice":"Bought 3 Potions","floor":5,"damage_taken":0},{"event_name":"Transmorgrifier","player_choice":"Transform","floor":12,"damage_taken":0},{"event_name":"Mushrooms","player_choice":"Healed and dodged fight","floor":14,"damage_taken":0},{"event_name":"Addict","player_choice":"Ignored","floor":20,"damage_taken":0},{"event_name":"Drug Dealer","player_choice":"Ignored","floor":21,"damage_taken":0}],"boss_relics":[{"not_picked":["Runic Pyramid","Pandora\u0027s Box"],"picked":"Runic Cube"}],"potions_floor_spawned":[1,3,16,22],"seed_played":"-695761145043399530","killed_by":"Slavers","ascension_level":2,"is_trial":false}