{"path_per_floor":["M","?","?","M","M","E","$","M","T","E","M","M","M","M","R"],"character_chosen":"IRONCLAD","items_purchased":["Meat on the Bone","Flame Barrier"],"gold_per_floor":[114,114,289,300,311,343,60,80,158,190,202,217,187,198,198,198],"floor_reached":16,"campfire_rested":0,"playtime":952,"current_hp_per_floor":[80,80,80,80,80,33,33,50,50,52,50,52,58,62,62,0],"items_purged":[],"gold":198,"score":114,"play_id":"f0d03361-b41d-4f0e-ab23-5bc4460cefd5","local_time":"20180420172858","is_prod":false,"is_daily":false,"chose_seed":false,"is_ascension_mode":false,"campfire_upgraded":1,"timestamp":1524259738,"path_taken":["M","?","?","M","?","E","$","M","T","E","M","M","M","M","R","BOSS"],"build_version":"2018-04-19","seed_source_timestamp":430080432598835,"purchased_purges":0,"victory":false,"master_deck":["Strike_R","Strike_R","Strike_R","Strike_R","Strike_R","Defend_R","Defend_R","Defend_R","Defend_R","Bash","Metallicize+1","Doubt","Rampage+1","Battle Trance","Flame Barrier","Flame Barrier","Battle Trance","Whirlwind","Flame Barrier"],"max_hp_per_floor":[80,80,80,80,80,80,80,80,80,80,80,80,80,80,80,80],"relics":["Burning Blood","Ice Cream","Meat on the Bone","Bottled Flame","Juzu Bracelet"],"card_choices":[{"not_picked":["Cleave","Sentinel"],"picked":"Metallicize","floor":1},{"not_picked":["Entrench","Shrug It Off"],"picked":"Rampage","floor":4},{"not_picked":["Sever Soul","Sword Boomerang"],"picked":"Battle Trance","floor":5},{"not_picked":["Uppercut","Searing Blow"],"picked":"Flame Barrier","floor":6},{"not_picked":["Shrug It Off","Fire Breathing"],"picked":"Battle Trance","floor":10},{"not_picked":["Flex","Flame Barrier"],"picked":"Whirlwind","floor":11},{"not_picked":["Headbutt","Flex"],"picked":"Flame Barrier","floor":12}],"player_experience":695245,"potions_floor_usage":[4,8,10,11,16],"damage_taken":[{"damage":0,"enemies":"Small Slimes","floor":1,"turns":3},{"damage":2,"enemies":"Jaw Worm","floor":4,"turns":6},{"damage":0,"enemies":"2 Louse","floor":5,"turns":3},{"damage":53,"enemies":"Gremlin Nob","floor":6,"turns":6},{"damage":1,"enemies":"Looter","floor":8,"turns":3},{"damage":4,"enemies":"Lagavulin","floor":10,"turns":7},{"damage":35,"enemies":"Gremlin Gang","floor":11,"turns":7},{"damage":4,"enemies":"Large Slime","floor":12,"turns":7},{"damage":0,"enemies":"Looter","floor":13,"turns":4},{"damage":2,"enemies":"2 Fungi Beasts","floor":14,"turns":4},{"damage":63,"enemies":"Hexaghost","floor":16,"turns":14}],"event_choices":[{"event_name":"Living Wall","player_choice":"Grow","floor":2,"damage_taken":0},{"event_name":"Liars Game","player_choice":"agreed","floor":3,"damage_taken":0}],"boss_relics":[],"potions_floor_spawned":[1,6,8,10,14],"seed_played":"-149388127991828749","killed_by":"Hexaghost","ascension_level":0,"is_trial":false}