{"gold_per_floor":[113,130,156,16,66,66,86,119,166,199,215,228,256,270,270,349,349,363,363,200,217,71,97,22,22,22,33,133,59,69,89,89,164,164,183,102,120,166,166,166,194,194,194,194,294,264,274,332,332,332,332,332,332,33,64,64],"floor_reached":56,"playtime":2869,"items_purged":["Strike_B+1"],"score":1996,"play_id":"5c8325fa-ab59-4162-b418-88aac836c535","local_time":"20181122193621","is_ascension_mode":true,"campfire_choices":[{"data":"Sunder","floor":6.0,"key":"SMITH"},{"data":"Defragment","floor":15.0,"key":"SMITH"},{"floor":25.0,"key":"REST"},{"floor":32.0,"key":"REST"},{"floor":40.0,"key":"REST"},{"floor":42.0,"key":"RECALL"},{"data":"Defragment","floor":49.0,"key":"SMITH"},{"floor":53.0,"key":"REST"}],"neow_cost":"NONE","seed_source_timestamp":0,"circlet_count":0,"master_deck":["AscendersBane","Strike_B+1","Strike_B+1","Defend_B+1","Defend_B+1","Defend_B+1","Defend_B+1","Zap","Dualcast","Sunder+1","Glacier","Cold Snap","Ball Lightning","Defragment+1","Sweeping Beam+1","Compile Driver+1","Leap+1","Electrodynamics","Glacier+1","Coolheaded+1","Steam+1","Sweeping Beam+1","Hologram+1","Good Instincts+1","Steam Power+1","Go for the Eyes+1","Chaos+1","Stack+1","Meteor Strike+1","Hologram+1","Conserve Battery+1","Sweeping Beam+1","Thinking Ahead+1","Transmutation+1","Deep Breath+1","Defragment+1"],"special_seed":0,"relics":["Cracked Core","Centennial Puzzle","Kunai","Bronze Scales","Molten Egg 2","Toxic Egg 2","Runic Dome","Pen Nib","DataDisk","Turnip","Gremlin Horn","Inserter","Gambling Chip","Strawberry","Emotion Chip","Art of War","Happy Flower","Boot"],"potions_floor_usage":[56,56],"damage_taken":[{"damage":2.0,"enemies":"Cultist","floor":1.0,"turns":4.0},{"damage":7.0,"enemies":"Small Slimes","floor":2.0,"turns":3.0},{"damage":2.0,"enemies":"2 Louse","floor":7.0,"turns":4.0},{"damage":6.0,"enemies":"3 Sentries","floor":8.0,"turns":6.0},{"damage":11.0,"enemies":"Lagavulin","floor":10.0,"turns":6.0},{"damage":0.0,"enemies":"Blue Slaver","floor":11.0,"turns":3.0},{"damage":1.0,"enemies":"Looter","floor":12.0,"turns":3.0},{"damage":5.0,"enemies":"3 Sentries","floor":13.0,"turns":3.0},{"damage":14.0,"enemies":"Red Slaver","floor":14.0,"turns":2.0},{"damage":11.0,"enemies":"Hexaghost","floor":16.0,"turns":9.0},{"damage":9.0,"enemies":"Shell Parasite","floor":18.0,"turns":5.0},{"damage":10.0,"enemies":"2 Thieves","floor":21.0,"turns":3.0},{"damage":23.0,"enemies":"Book of Stabbing","floor":23.0,"turns":6.0},{"damage":21.0,"enemies":"Shelled Parasite and Fungi","floor":27.0,"turns":4.0},{"damage":0.0,"enemies":"Colosseum Slavers","floor":28.0,"turns":3.0},{"damage":17.0,"enemies":"Colosseum Nobs","floor":28.0,"turns":3.0},{"damage":0.0,"enemies":"Cultist and Chosen","floor":30.0,"turns":5.0},{"damage":14.0,"enemies":"Snake Plant","floor":31.0,"turns":3.0},{"damage":19.0,"enemies":"Automaton","floor":33.0,"turns":14.0},{"damage":4.0,"enemies":"3 Shapes","floor":35.0,"turns":6.0},{"damage":0.0,"enemies":"Orb Walker","floor":37.0,"turns":3.0},{"damage":35.0,"enemies":"2 Orb Walkers","floor":38.0,"turns":5.0},{"damage":0.0,"enemies":"Reptomancer","floor":41.0,"turns":5.0},{"damage":0.0,"enemies":"Mind Bloom Boss Battle","floor":45.0,"turns":6.0},{"damage":0.0,"enemies":"Writhing Mass","floor":47.0,"turns":8.0},{"damage":6.0,"enemies":"Giant Head","floor":48.0,"turns":8.0},{"damage":33.0,"enemies":"Donu and Deca","floor":50.0,"turns":11.0},{"damage":30.0,"enemies":"Time Eater","floor":51.0,"turns":37.0},{"damage":38,"enemies":"Shield and Spear","floor":55,"turns":5},{"damage":48,"enemies":"The Heart","floor":56,"turns":5}],"seed_played":"447747205931651706","potions_obtained":[{"floor":1.0,"key":"SteroidPotion"},{"floor":2.0,"key":"Weak Potion"},{"floor":10.0,"key":"Swift Potion"},{"floor":13.0,"key":"Block Potion"},{"floor":18.0,"key":"GamblersBrew"},{"floor":27.0,"key":"Regen Potion"},{"floor":30.0,"key":"AttackPotion"},{"floor":37.0,"key":"Regen Potion"},{"floor":41.0,"key":"Regen Potion"},{"floor":46.0,"key":"PowerPotion"},{"floor":48.0,"key":"Block Potion"}],"is_trial":false,"path_per_floor":["M","M","T","$","?","R","M","E","T","E","M","M","E","M","R","B",null,"M","?","$","M","$","E","?","R","T","M","?","$","M","M","R","B",null,"M","$","M","?","?","R","E","R","T","?","?","?","M","E","R","B","B",null,"R","$","E","B"],"character_chosen":"DEFECT","items_purchased":["Glacier","Cold Snap","Coolheaded+1","Steam+1","Sweeping Beam+1","Good Instincts+1","Steam Power+1","Chaos+1","Conserve Battery+1","Sweeping Beam+1","Happy Flower","SkillPotion"],"campfire_rested":4,"item_purchase_floors":[4,4,20,20,20,22,22,29,36,36,54,54],"current_hp_per_floor":[69,62,62,62,55,55,53,47,47,36,36,35,30,16,16,5,60,51,51,51,41,41,18,18,41,41,20,15,15,15,1,24,5,60,56,56,56,35,35,58,65,65,65,55,55,55,55,64,64,31,1,64,85,85,47,0],"gold":64,"neow_bonus":"TEN_PERCENT_HP_BONUS","is_prod":false,"is_daily":false,"chose_seed":false,"campfire_upgraded":3,"win_rate":0,"timestamp":1542940581,"path_taken":["M","M","?","?","?","R","?","E","T","E","M","M","E","M","R","BOSS","M","?","$","M","$","E","?","R","T","M","?","?","M","?","R","BOSS","M","$","M","?","?","R","E","R","T","?","?","?","M","E","R","BOSS","BOSS","R","$","E","BOSS"],"build_version":"2018-11-15","purchased_purges":1,"victory":false,"max_hp_per_floor":[78,78,78,78,78,78,78,78,78,78,78,78,78,78,78,78,78,78,78,78,78,78,78,78,78,78,78,78,78,78,78,78,78,78,78,78,78,78,78,78,85,85,85,85,85,85,85,85,85,85,85,85,85,85,85,85],"card_choices":[{"not_picked":["Loop","Double Energy"],"picked":"Sunder","floor":1.0},{"not_picked":["Storm","Auto Shields","Barrage"],"picked":"SKIP","floor":2.0},{"not_picked":["Hologram","Sweeping Beam"],"picked":"Ball Lightning","floor":7.0},{"not_picked":["Sunder","Heatsinks","Stack"],"picked":"SKIP","floor":8.0},{"not_picked":["Rebound","Melter"],"picked":"Defragment","floor":10.0},{"not_picked":["Reprogram","Hologram"],"picked":"Sweeping Beam+1","floor":11.0},{"not_picked":["Steam","Melter+1"],"picked":"Compile Driver+1","floor":12.0},{"not_picked":["Compile Driver+1","Lockon+1","Doom and Gloom+1"],"picked":"SKIP","floor":13.0},{"not_picked":["Compile Driver+1","Lockon+1","Doom and Gloom+1"],"picked":"SKIP","floor":13.0},{"not_picked":["Compile Driver+1","Rip and Tear+1"],"picked":"Leap+1","floor":14.0},{"not_picked":["Fission+1","Buffer"],"picked":"Electrodynamics","floor":16.0},{"not_picked":["Static Discharge","Redo+1"],"picked":"Glacier+1","floor":18.0},{"not_picked":["Coolheaded+1","Rebound+1"],"picked":"Hologram+1","floor":21.0},{"not_picked":["Lockon+1","Gash+1","Doom and Gloom+1"],"picked":"SKIP","floor":23.0},{"not_picked":["Hello World","Cold Snap+1","Fusion+1"],"picked":"SKIP","floor":27.0},{"not_picked":["Leap+1","Beam Cell+1"],"picked":"Go for the Eyes+1","floor":28.0},{"not_picked":["Ball Lightning+1","Leap+1"],"picked":"Stack+1","floor":30.0},{"not_picked":["Gash+1","Storm+1","Stack+1"],"picked":"SKIP","floor":31.0},{"not_picked":["Thunder Strike+1","Amplify+1"],"picked":"Meteor Strike+1","floor":33.0},{"not_picked":["Coolheaded+1","Sweeping Beam+1"],"picked":"Hologram+1","floor":35.0},{"not_picked":["Reprogram+1","Capacitor","Stack+1"],"picked":"SKIP","floor":37.0},{"not_picked":["Tempest+1","Steam+1","Reprogram+1"],"picked":"SKIP","floor":41.0},{"not_picked":["HandOfGreed+1","Forethought+1"],"picked":"Thinking Ahead+1","floor":44.0},{"not_picked":["Madness+1","Good Instincts+1"],"picked":"Transmutation+1","floor":44.0},{"not_picked":["Metamorphosis+1","Jack Of All Trades+1"],"picked":"Deep Breath+1","floor":44.0},{"not_picked":["Double Energy+1","Ball Lightning+1","Heatsinks"],"picked":"SKIP","floor":47.0},{"not_picked":["Ball Lightning+1","Blizzard+1"],"picked":"Defragment","floor":48.0},{"not_picked":["Gash+1","Storm","Multi-Cast+1"],"picked":"SKIP","floor":55}],"player_experience":650818,"relics_obtained":[{"floor":3.0,"key":"Centennial Puzzle"},{"floor":8.0,"key":"Kunai"},{"floor":9.0,"key":"Bronze Scales"},{"floor":10.0,"key":"Molten Egg 2"},{"floor":13.0,"key":"Toxic Egg 2"},{"floor":23.0,"key":"Pen Nib"},{"floor":26.0,"key":"DataDisk"},{"floor":28.0,"key":"Turnip"},{"floor":28.0,"key":"Gremlin Horn"},{"floor":38.0,"key":"Gambling Chip"},{"floor":41.0,"key":"Strawberry"},{"floor":45.0,"key":"Emotion Chip"},{"floor":48.0,"key":"Art of War"},{"floor":55,"key":"Boot"}],"event_choices":[{"damage_healed":0.0,"max_hp_gain":0.0,"max_hp_loss":0.0,"gold_gain":50.0,"event_name":"FaceTrader","player_choice":"Touch","floor":5.0,"gold_loss":0.0,"damage_taken":7.0},{"damage_healed":0.0,"max_hp_gain":0.0,"max_hp_loss":0.0,"gold_gain":0.0,"event_name":"Back to Basics","player_choice":"Simplicity","floor":19.0,"gold_loss":0.0,"damage_taken":0.0,"cards_upgraded":["Strike_B","Strike_B","Strike_B","Strike_B","Defend_B","Defend_B","Defend_B","Defend_B"]},{"cards_removed":["Strike_B"],"damage_healed":0.0,"max_hp_gain":0.0,"max_hp_loss":0.0,"gold_gain":0.0,"event_name":"Beggar","player_choice":"Gave Gold","floor":24.0,"gold_loss":75.0,"damage_taken":0.0},{"damage_healed":0.0,"max_hp_gain":0.0,"max_hp_loss":0.0,"gold_gain":0.0,"event_name":"Colosseum","player_choice":"Fight","floor":28.0,"gold_loss":0.0,"damage_taken":0.0},{"damage_healed":0.0,"max_hp_gain":0.0,"max_hp_loss":0.0,"gold_gain":0.0,"event_name":"Colosseum","player_choice":"Fought Nobs","floor":28.0,"gold_loss":0.0,"damage_taken":0.0},{"damage_healed":0.0,"max_hp_gain":0.0,"max_hp_loss":0.0,"gold_gain":0.0,"event_name":"Mysterious Sphere","player_choice":"Fight","floor":38.0,"gold_loss":0.0,"damage_taken":0.0},{"damage_healed":0.0,"max_hp_gain":0.0,"max_hp_loss":0.0,"gold_gain":0.0,"event_name":"The Moai Head","player_choice":"Ignored","floor":39.0,"gold_loss":0.0,"damage_taken":0.0},{"damage_healed":0.0,"max_hp_gain":0.0,"max_hp_loss":0.0,"gold_gain":0.0,"event_name":"SensoryStone","player_choice":"Memory 3","floor":44.0,"gold_loss":0.0,"damage_taken":10.0},{"damage_healed":0.0,"max_hp_gain":0.0,"max_hp_loss":0.0,"gold_gain":0.0,"event_name":"MindBloom","player_choice":"Fight","floor":45.0,"gold_loss":0.0,"damage_taken":0.0},{"damage_healed":0.0,"max_hp_gain":0.0,"max_hp_loss":0.0,"gold_gain":0.0,"event_name":"The Woman in Blue","player_choice":"Bought 2 Potions","floor":46.0,"gold_loss":0.0,"damage_taken":0.0}],"is_beta":false,"boss_relics":[{"not_picked":["Astrolabe","Pandora\u0027s Box"],"picked":"Runic Dome"},{"not_picked":["White Beast Statue","Empty Cage"],"picked":"Inserter"}],"items_purged_floors":[54],"is_endless":false,"potions_floor_spawned":[1,2,10,13,14,18,27,30,31,37,41,47,48],"killed_by":"The Heart","ascension_level":20}