{"gold_per_floor":[110,121,17,35,35,35,52,66,143,143,157,173,190,190],"floor_reached":14,"playtime":439,"items_purged":[],"score":108,"play_id":"c9829773-fabd-4126-a5f7-a37f50720dec","local_time":"20180722033231","is_ascension_mode":true,"campfire_choices":[{"data":"Clothesline","floor":6,"key":"SMITH"}],"neow_cost":"","seed_source_timestamp":1123772352341009,"circlet_count":0,"master_deck":["Strike_R","Strike_R","Strike_R","Strike_R","Strike_R","Defend_R","Defend_R","Defend_R","Defend_R","Bash","Inflame","Pummel","Whirlwind","Disarm","Clothesline+1","Cleave","Searing Blow","Parasite","Dual Wield","Brutality","Corruption"],"relics":["Burning Blood","Dodecahedron"],"potions_floor_usage":[7,8,12,14],"damage_taken":[{"damage":10,"enemies":"Cultist","floor":1,"turns":5},{"damage":12,"enemies":"Jaw Worm","floor":2,"turns":3},{"damage":0,"enemies":"2 Louse","floor":4,"turns":1},{"damage":25,"enemies":"Large Slime","floor":7,"turns":5},{"damage":27,"enemies":"Exordium Thugs","floor":8,"turns":6},{"damage":18,"enemies":"Looter","floor":11,"turns":4},{"damage":4,"enemies":"Blue Slaver","floor":12,"turns":2},{"damage":0,"enemies":"Lots of Slimes","floor":13,"turns":1},{"damage":62,"enemies":"Lagavulin","floor":14,"turns":6}],"seed_played":"8606046726994702248","potions_obtained":[{"floor":2,"key":"Swift Potion"},{"floor":7,"key":"Weak Potion"},{"floor":11,"key":"AttackPotion"},{"floor":12,"key":"SkillPotion"}],"is_trial":false,"path_per_floor":["M","M","$","M","?","R","M","M","T","?","M","M","M"],"character_chosen":"IRONCLAD","items_purchased":["Whirlwind","Disarm"],"campfire_rested":0,"item_purchase_floors":[3,3],"current_hp_per_floor":[76,70,70,76,76,76,57,36,36,56,44,46,52,0],"gold":190,"neow_bonus":"","is_prod":false,"is_daily":false,"chose_seed":false,"campfire_upgraded":1,"win_rate":0,"timestamp":1532244751,"path_taken":["M","M","$","M","?","R","M","M","T","?","?","M","M","E"],"build_version":"2018-07-19","purchased_purges":0,"victory":false,"max_hp_per_floor":[80,80,80,80,80,80,80,80,80,80,80,80,80,80],"card_choices":[{"not_picked":["Sword Boomerang","Heavy Blade"],"picked":"Inflame","floor":1},{"not_picked":["Pommel Strike","Flex"],"picked":"Pummel","floor":2},{"not_picked":["Warcry","Armaments"],"picked":"Clothesline","floor":4},{"not_picked":["Iron Wave","Pommel Strike"],"picked":"Cleave","floor":7},{"not_picked":["Battle Trance","Sword Boomerang"],"picked":"Searing Blow","floor":8},{"not_picked":["Thunderclap","Disarm"],"picked":"Dual Wield","floor":11},{"not_picked":["Thunderclap","Cleave"],"picked":"Brutality","floor":12},{"not_picked":["Pummel","Body Slam"],"picked":"Corruption","floor":13}],"player_experience":475663,"relics_obtained":[{"floor":9,"key":"Dodecahedron"}],"event_choices":[{"event_name":"The Cleric","player_choice":"Leave","floor":5,"damage_taken":0},{"event_name":"Mushrooms","player_choice":"Healed and dodged fight","floor":10,"damage_taken":0}],"is_beta":true,"boss_relics":[],"items_purged_floors":[],"is_endless":false,"potions_floor_spawned":[2,7,11,12],"killed_by":"Lagavulin","ascension_level":5}