{"gold_per_floor":[112,122,141,13,25,42,72,72,142,142,162,177,505,519,519,593,593,593,593,258,258,258,258,258,258,258,258,258,208,208,208,208,208,208,208,208,208,208,208,208,208,208,208,208,208,208,208,208,208,208,208,208,208,83,83,83],"floor_reached":57,"playtime":4585,"items_purged":["Strike_B","Pain","Strike_B"],"score":2840,"play_id":"f6624926-156b-4b84-807b-81ca570d6095","local_time":"20190608212708","is_ascension_mode":true,"campfire_choices":[{"data":"Defragment","floor":8.0,"key":"SMITH"},{"floor":10.0,"key":"REST"},{"data":"Zap","floor":15.0,"key":"SMITH"},{"data":"Coolheaded","floor":23.0,"key":"SMITH"},{"data":"Buffer","floor":30.0,"key":"SMITH"},{"floor":32.0,"key":"REST"},{"floor":42.0,"key":"RECALL"},{"floor":49.0,"key":"REST"},{"floor":53.0,"key":"REST"}],"neow_cost":"NONE","seed_source_timestamp":2131442741362337,"circlet_count":0,"master_deck":["AscendersBane","Strike_B","Strike_B","Defend_B","Defend_B","Defend_B","Defend_B","Zap+1","Dualcast","Rebound","Compile Driver","Glacier","Defragment+1","Coolheaded","Core Surge","Hello World","Tempest","Sweeping Beam","Blizzard","Echo Form","Undo","Defragment+1","Coolheaded+1","Echo Form","Self Repair","Buffer+1","Echo Form","Coolheaded+1","Hologram","Capacitor"],"special_seed":0,"relics":["Cracked Core","Smiling Mask","Ornamental Fan","Singing Bowl","Old Coin","Ectoplasm","DollysMirror","WarpedTongs","Question Card","Happy Flower","Calipers","Fusion Hammer","Oddly Smooth Stone","Bag of Marbles","Lantern"],"potions_floor_usage":[56,56],"damage_taken":[{"damage":2.0,"enemies":"Cultist","floor":1.0,"turns":4.0},{"damage":11.0,"enemies":"Jaw Worm","floor":2.0,"turns":6.0},{"damage":2.0,"enemies":"2 Louse","floor":3.0,"turns":3.0},{"damage":4.0,"enemies":"2 Fungi Beasts","floor":5.0,"turns":5.0},{"damage":16.0,"enemies":"Lots of Slimes","floor":6.0,"turns":7.0},{"damage":10.0,"enemies":"3 Sentries","floor":7.0,"turns":15.0},{"damage":6.0,"enemies":"Large Slime","floor":11.0,"turns":6.0},{"damage":5.0,"enemies":"Exordium Wildlife","floor":12.0,"turns":4.0},{"damage":5.0,"enemies":"Lagavulin","floor":13.0,"turns":6.0},{"damage":9.0,"enemies":"Red Slaver","floor":14.0,"turns":3.0},{"damage":2.0,"enemies":"The Guardian","floor":16.0,"turns":13.0},{"damage":0.0,"enemies":"Chosen","floor":18.0,"turns":5.0},{"damage":5.0,"enemies":"Spheric Guardian","floor":19.0,"turns":6.0},{"damage":5.0,"enemies":"Centurion and Healer","floor":24.0,"turns":9.0},{"damage":22.0,"enemies":"Gremlin Leader","floor":27.0,"turns":8.0},{"damage":26.0,"enemies":"3 Cultists","floor":28.0,"turns":6.0},{"damage":44.0,"enemies":"Slavers","floor":31.0,"turns":12.0},{"damage":0.0,"enemies":"Champ","floor":33.0,"turns":23.0},{"damage":9.0,"enemies":"Orb Walker","floor":35.0,"turns":5.0},{"damage":0.0,"enemies":"3 Shapes","floor":36.0,"turns":8.0},{"damage":0.0,"enemies":"Spire Growth","floor":38.0,"turns":7.0},{"damage":4.0,"enemies":"4 Shapes","floor":39.0,"turns":12.0},{"damage":13.0,"enemies":"Giant Head","floor":40.0,"turns":9.0},{"damage":45.0,"enemies":"Transient","floor":44.0,"turns":6.0},{"damage":0.0,"enemies":"Maw","floor":45.0,"turns":8.0},{"damage":16.0,"enemies":"Writhing Mass","floor":46.0,"turns":9.0},{"damage":30.0,"enemies":"Nemesis","floor":47.0,"turns":11.0},{"damage":28.0,"enemies":"3 Darklings","floor":48.0,"turns":14.0},{"damage":50.0,"enemies":"Awakened One","floor":50.0,"turns":21.0},{"damage":37.0,"enemies":"Time Eater","floor":51.0,"turns":21.0},{"damage":48.0,"enemies":"Shield and Spear","floor":55.0,"turns":12.0},{"damage":68,"enemies":"The Heart","floor":56,"turns":15}],"seed_played":"8705444419020825568","potions_obtained":[{"floor":1.0,"key":"Regen Potion"},{"floor":6.0,"key":"SkillPotion"},{"floor":11.0,"key":"SkillPotion"},{"floor":13.0,"key":"Fruit Juice"},{"floor":14.0,"key":"FearPotion"},{"floor":19.0,"key":"Fruit Juice"},{"floor":24.0,"key":"Dexterity Potion"},{"floor":28.0,"key":"Swift Potion"},{"floor":35.0,"key":"FearPotion"},{"floor":38.0,"key":"Block Potion"},{"floor":40.0,"key":"FocusPotion"},{"floor":45.0,"key":"Swift Potion"},{"floor":55.0,"key":"FearPotion"}],"is_trial":false,"path_per_floor":["M","M","M","$","M","M","E","R","T","R","M","M","E","M","R","B",null,"M","M","$","?","?","R","M","?","T","E","M","$","R","E","R","B",null,"M","M","?","M","M","E","?","R","T","M","M","M","E","M","R","B","B",null,"R","$","E","B",null],"character_chosen":"DEFECT","items_purchased":["Glacier","Defragment","Coolheaded","DollysMirror","Capacitor"],"campfire_rested":4,"item_purchase_floors":[4,4,20,20,54],"current_hp_per_floor":[62,65,63,63,59,43,33,33,33,54,48,43,38,34,34,32,65,65,60,60,60,60,60,76,76,76,74,57,57,57,29,55,75,84,89,89,89,91,93,92,92,92,92,47,69,75,61,55,85,45,15,81,103,103,71,13],"gold":83,"neow_bonus":"RANDOM_COMMON_RELIC","is_prod":false,"is_daily":false,"chose_seed":false,"campfire_upgraded":4,"win_rate":0,"timestamp":1560054428,"path_taken":["M","M","M","$","M","?","E","R","T","R","M","M","E","M","R","BOSS","M","?","$","?","?","R","M","?","T","E","M","$","R","E","R","BOSS","M","?","?","M","M","E","?","R","T","M","M","M","E","?","R","BOSS","BOSS","R","$","E","BOSS"],"build_version":"2019-01-23","purchased_purges":3,"victory":true,"max_hp_per_floor":[71,71,71,71,71,71,71,71,71,71,71,71,71,76,76,76,76,76,76,76,76,76,76,83,83,83,83,85,85,85,87,87,87,87,89,89,89,91,93,95,95,95,95,95,97,99,101,103,103,103,103,103,103,103,105,105],"card_choices":[{"not_picked":["Reprogram","Turbo","Stack"],"picked":"SKIP","floor":1.0},{"not_picked":["Blizzard","Leap"],"picked":"Rebound","floor":2.0},{"not_picked":["Redo","Hologram"],"picked":"Compile Driver","floor":3.0},{"not_picked":["Recycle","Stack"],"picked":"Coolheaded","floor":5.0},{"not_picked":["Chaos","Coolheaded"],"picked":"Core Surge","floor":6.0},{"not_picked":["Steam Power","Leap"],"picked":"Hello World","floor":7.0},{"not_picked":["Melter","Conserve Battery"],"picked":"Cold Snap","floor":11.0},{"not_picked":["Steam","Rebound"],"picked":"Tempest","floor":12.0},{"not_picked":["Steam","Redo"],"picked":"Sweeping Beam","floor":13.0},{"not_picked":["Beam Cell","Streamline"],"picked":"Blizzard","floor":14.0},{"not_picked":["Seek","Biased Cognition"],"picked":"Echo Form","floor":16.0},{"not_picked":["Sweeping Beam","Steam"],"picked":"Undo","floor":18.0},{"not_picked":["Scrape+1","Auto Shields"],"picked":"Defragment+1","floor":19.0},{"not_picked":["Barrage","Rebound","Heatsinks"],"picked":"Singing Bowl","floor":24.0},{"not_picked":["Rainbow","Barrage","Ball Lightning"],"picked":"Buffer","floor":27.0},{"not_picked":["Barrage","Beam Cell","Sweeping Beam","Ball Lightning"],"picked":"Singing Bowl","floor":28.0},{"not_picked":["Coolheaded","Amplify","Steam","Machine Learning"],"picked":"Singing Bowl","floor":31.0},{"not_picked":["Fission","Reboot","Core Surge"],"picked":"Echo Form","floor":33.0},{"not_picked":["Beam Cell","Rip and Tear","Conserve Battery","Compile Driver"],"picked":"Singing Bowl","floor":35.0},{"not_picked":["Gash","Darkness+1","Redo+1"],"picked":"Coolheaded+1","floor":36.0},{"not_picked":["Barrage","Sweeping Beam","Compile Driver","Stack"],"picked":"Singing Bowl","floor":38.0},{"not_picked":["Ball Lightning+1","BootSequence","Go for the Eyes+1","Self Repair"],"picked":"Singing Bowl","floor":39.0},{"not_picked":["Storm","Heatsinks","Echo Form","Stack"],"picked":"Singing Bowl","floor":40.0},{"not_picked":["Loop","Doom and Gloom","Sweeping Beam+1"],"picked":"Hologram","floor":44.0},{"not_picked":["Redo+1","Hello World+1","FTL","Skim"],"picked":"Singing Bowl","floor":45.0},{"not_picked":["Thunder Strike","Double Energy","Redo","Gash+1"],"picked":"Singing Bowl","floor":46.0},{"not_picked":["Go for the Eyes","Ball Lightning+1","Chaos","Streamline"],"picked":"Singing Bowl","floor":47.0},{"not_picked":["Tempest","Go for the Eyes","Hologram+1","Turbo"],"picked":"Singing Bowl","floor":48.0},{"not_picked":["Conserve Battery+1","Storm","Gash","Cold Snap"],"picked":"Singing Bowl","floor":55.0}],"player_experience":783889,"relics_obtained":[{"floor":7.0,"key":"Ornamental Fan"},{"floor":9.0,"key":"Singing Bowl"},{"floor":13.0,"key":"Old Coin"},{"floor":26.0,"key":"Question Card"},{"floor":27.0,"key":"Happy Flower"},{"floor":31.0,"key":"Calipers"},{"floor":40.0,"key":"Oddly Smooth Stone"},{"floor":47.0,"key":"Bag of Marbles"},{"floor":55.0,"key":"Lantern"}],"event_choices":[{"damage_healed":0.0,"max_hp_gain":0.0,"max_hp_loss":0.0,"gold_gain":0.0,"event_name":"The Library","player_choice":"Read","floor":21.0,"gold_loss":0.0,"damage_taken":0.0,"cards_obtained":["Self Repair"]},{"damage_healed":0.0,"max_hp_gain":0.0,"max_hp_loss":0.0,"gold_gain":0.0,"event_name":"The Mausoleum","player_choice":"Ignored","floor":22.0,"gold_loss":0.0,"damage_taken":0.0},{"damage_healed":0.0,"max_hp_gain":0.0,"max_hp_loss":0.0,"gold_gain":0.0,"event_name":"Accursed Blacksmith","player_choice":"Rummage","floor":25.0,"gold_loss":0.0,"damage_taken":0.0,"relics_obtained":["WarpedTongs"],"cards_obtained":["Pain"]},{"cards_removed":["Cold Snap"],"damage_healed":0.0,"max_hp_gain":0.0,"max_hp_loss":0.0,"gold_gain":0.0,"event_name":"Falling","player_choice":"Removed Attack","floor":37.0,"gold_loss":0.0,"damage_taken":0.0},{"damage_healed":0.0,"max_hp_gain":0.0,"max_hp_loss":0.0,"gold_gain":0.0,"event_name":"SecretPortal","player_choice":"Ignored","floor":41.0,"gold_loss":0.0,"damage_taken":0.0}],"is_beta":false,"boss_relics":[{"not_picked":["Calling Bell","Cursed Key"],"picked":"Ectoplasm"},{"not_picked":["Lizard Tail","Empty Cage"],"picked":"Fusion Hammer"}],"items_purged_floors":[20,29,54],"is_endless":false,"potions_floor_spawned":[1,6,11,13,14,19,24,28,35,38,40,45,47,55],"ascension_level":20}