{"gold_per_floor":[113,113,288,288,288,318,318,334,334,334,347,51,69,82,82,82],"floor_reached":16,"playtime":427,"items_purged":[],"score":115,"play_id":"54da0659-9a58-48bc-b81b-db8953d8347a","local_time":"20180714035747","is_ascension_mode":true,"campfire_choices":[{"floor":7,"key":"REST"},{"floor":10,"key":"REST"},{"floor":15,"key":"REST"}],"neow_cost":"TEN_PERCENT_HP_LOSS","seed_source_timestamp":434136183422474,"circlet_count":0,"master_deck":["Strike_R","Strike_R","Strike_R","Strike_R","Strike_R","Defend_R","Defend_R","Defend_R","Defend_R","Bash","Fiend Fire","Spot Weakness+1","Doubt","Regret","Flex","Thunderclap","Perfected Strike","Perfected Strike+1","Perfected Strike+1","Dual Wield"],"relics":["Burning Blood","Peace Pipe","NlothsMask","Shuriken","Molten Egg 2"],"potions_floor_usage":[6,13,16],"damage_taken":[{"damage":0,"enemies":"2 Louse","floor":1,"turns":2},{"damage":71,"enemies":"Lagavulin","floor":6,"turns":9},{"damage":1,"enemies":"Cultist","floor":8,"turns":2},{"damage":15,"enemies":"Small Slimes","floor":11,"turns":3},{"damage":18,"enemies":"3 Louse","floor":13,"turns":4},{"damage":3,"enemies":"Blue Slaver","floor":14,"turns":2},{"damage":69,"enemies":"The Guardian","floor":16,"turns":7}],"seed_played":"-5365279877375042448","potions_obtained":[{"floor":1,"key":"GamblersBrew"},{"floor":11,"key":"Regen Potion"},{"floor":14,"key":"FearPotion"}],"is_trial":false,"path_per_floor":["M","?","?","?","?","E","R","M","T","R","M","$","M","M","R"],"character_chosen":"IRONCLAD","items_purchased":["Molten Egg 2","Perfected Strike+1"],"campfire_rested":3,"item_purchase_floors":[12,12],"current_hp_per_floor":[72,72,72,72,72,7,28,33,33,54,45,45,45,48,69,0],"gold":82,"neow_bonus":"THREE_RARE_CARDS","is_prod":false,"is_daily":false,"chose_seed":false,"campfire_upgraded":0,"win_rate":0,"timestamp":1531555067,"path_taken":["M","?","?","?","?","E","R","M","T","R","?","$","M","M","R","BOSS"],"build_version":"2018-07-12","purchased_purges":0,"victory":false,"max_hp_per_floor":[72,72,72,72,72,72,72,72,72,72,72,72,72,72,72,72],"card_choices":[{"not_picked":["Double Tap","Dark Embrace"],"picked":"Fiend Fire","floor":0},{"not_picked":["Headbutt","Twin Strike"],"picked":"Spot Weakness","floor":1},{"not_picked":["Bloodletting","Shrug It Off"],"picked":"Flex","floor":6},{"not_picked":["Iron Wave","Anger"],"picked":"Thunderclap","floor":8},{"not_picked":["Wild Strike","Flex"],"picked":"Perfected Strike","floor":11},{"not_picked":["Thunderclap+1","Reckless Charge+1"],"picked":"Perfected Strike+1","floor":13},{"not_picked":["Flex","Evolve"],"picked":"Dual Wield","floor":14}],"player_experience":418036,"relics_obtained":[{"floor":6,"key":"Shuriken"}],"event_choices":[{"event_name":"Accursed Blacksmith","player_choice":"Forge","floor":2,"damage_taken":0},{"event_name":"Liars Game","player_choice":"agreed","floor":3,"damage_taken":0},{"event_name":"Big Fish","player_choice":"Box","floor":4,"damage_taken":0},{"event_name":"FaceTrader","player_choice":"Trade","floor":5,"damage_taken":0}],"boss_relics":[],"items_purged_floors":[],"is_endless":false,"potions_floor_spawned":[1,11,14],"killed_by":"The Guardian","ascension_level":3}