{"path_per_floor":["M","?","M","$","?","R","?","R","T","R","E","M","M","M","R","B",null,"M","?","$","M","M","R","E","R","T","M","M","R","$","M","R","B",null,"M","?","?","M","?","R","M","M","T","?","R","M","?","$","R"],"character_chosen":"DEFECT","items_purchased":["Echo Form","Double Energy","Apotheosis","Mind Blast"],"gold_per_floor":[115,75,95,25,25,25,25,25,25,25,55,67,85,105,105,202,202,217,217,137,148,165,165,196,196,267,286,297,297,17,31,31,133,133,152,0,0,13,13,13,25,45,45,45,45,60,60,60,60,60],"floor_reached":50,"campfire_rested":5,"playtime":2312,"current_hp_per_floor":[74,74,73,73,73,73,73,73,73,73,67,67,57,33,55,40,75,62,62,62,52,49,71,70,70,70,70,58,75,75,65,65,50,75,66,66,57,52,52,74,63,26,26,66,66,7,7,7,26,0],"items_purged":[],"gold":60,"score":512,"play_id":"16b4d106-bce4-401f-8f43-6cb6aeeeb37c","local_time":"20180506222540","is_prod":false,"is_daily":false,"chose_seed":false,"is_ascension_mode":false,"campfire_upgraded":6,"timestamp":1525659940,"path_taken":["M","?","M","$","?","R","?","R","T","R","E","M","?","?","R","BOSS","M","?","?","M","M","R","E","R","T","M","?","R","?","M","R","BOSS","M","?","?","M","?","R","?","M","T","?","R","M","?","?","R","BOSS"],"build_version":"2018-05-03","seed_source_timestamp":1828850628330625,"purchased_purges":1,"victory":false,"master_deck":["Strike_B","Strike_B","Strike_B","Defend_B","Defend_B","Defend_B","Defend_B","Zap","Dualcast","All For One+1","Tempest","Doom and Gloom+1","Echo Form+1","Melter","All For One","Sunder","Gash","Auto Shields","Echo Form+1","Glacier","Double Energy+1","Blizzard","Parasite","Skim+1","Apotheosis+1","Mind Blast","Consume","Amplify","Gash+1","Madness","Madness","Streamline+1","Storm+1","Go for the Eyes+1","Clumsy","Gash+1"],"max_hp_per_floor":[75,75,75,75,75,75,75,75,75,75,75,75,75,75,75,75,75,75,75,75,75,75,75,75,75,75,75,75,75,75,75,75,75,75,75,75,75,75,75,75,75,75,75,66,66,66,66,66,66,66],"relics":["Cracked Core","Kunai","Mummified Hand","Cursed Key","Vajra","Question Card","Shuriken","Lizard Tail","Red Mask","Bottled Lightning"],"card_choices":[{"not_picked":["Impulse","Barrage"],"picked":"Tempest","floor":1.0},{"not_picked":["Barrage","Axe Kick"],"picked":"Doom and Gloom","floor":3.0},{"not_picked":["Skim","Stack"],"picked":"All For One","floor":11.0},{"not_picked":["Coolheaded","Streamline"],"picked":"Sunder","floor":12.0},{"not_picked":["Impulse","Cold Snap"],"picked":"Gash","floor":13.0},{"not_picked":["Sweeping Beam","Melter"],"picked":"Auto Shields","floor":14.0},{"not_picked":["Fusion","Seek"],"picked":"Echo Form","floor":16.0},{"not_picked":["Rebound","Stack"],"picked":"Glacier","floor":18.0},{"not_picked":["Rebound","Capacitor"],"picked":"Chill","floor":22.0},{"not_picked":["Skim","Barrage"],"picked":"Blizzard","floor":24.0},{"not_picked":["Capacitor","Hello World","Cold Snap"],"picked":"Skim","floor":27.0},{"not_picked":["Sweeping Beam","Reinforced Body","Beam Cell"],"picked":"Consume","floor":31.0},{"not_picked":["Multi-Cast","Reboot","Thunder Strike"],"picked":"Amplify","floor":33.0},{"not_picked":["Ball Lightning","Doom and Gloom","Go for the Eyes"],"picked":"Gash","floor":35.0},{"not_picked":["Go for the Eyes","Recycle","Cold Snap"],"picked":"Streamline","floor":38.0},{"not_picked":["Heatsinks","Steam Power","Barrage"],"picked":"Storm","floor":41.0},{"not_picked":["Rebound","Capacitor","Ball Lightning"],"picked":"Go for the Eyes","floor":42.0},{"not_picked":["Turbo","Coolheaded","Darkness"],"picked":"Gash","floor":46.0}],"player_experience":157171,"potions_floor_usage":[],"damage_taken":[{"damage":1.0,"enemies":"Jaw Worm","floor":1.0,"turns":3.0},{"damage":1.0,"enemies":"Cultist","floor":3.0,"turns":3.0},{"damage":11.0,"enemies":"3 Sentries","floor":11.0,"turns":4.0},{"damage":0.0,"enemies":"Small Slimes","floor":12.0,"turns":3.0},{"damage":10.0,"enemies":"Looter","floor":13.0,"turns":2.0},{"damage":24.0,"enemies":"Exordium Thugs","floor":14.0,"turns":5.0},{"damage":15.0,"enemies":"The Guardian","floor":16.0,"turns":9.0},{"damage":13.0,"enemies":"Shell Parasite","floor":18.0,"turns":3.0},{"damage":10.0,"enemies":"3 Byrds","floor":21.0,"turns":4.0},{"damage":3.0,"enemies":"Snecko","floor":22.0,"turns":3.0},{"damage":1.0,"enemies":"Book of Stabbing","floor":24.0,"turns":5.0},{"damage":0.0,"enemies":"Sentry and Sphere","floor":27.0,"turns":4.0},{"damage":20.0,"enemies":"Chosen and Byrds","floor":28.0,"turns":6.0},{"damage":10.0,"enemies":"Snecko","floor":31.0,"turns":6.0},{"damage":15.0,"enemies":"Champ","floor":33.0,"turns":9.0},{"damage":9.0,"enemies":"3 Darklings","floor":35.0,"turns":4.0},{"damage":5.0,"enemies":"Orb Walker","floor":38.0,"turns":3.0},{"damage":11.0,"enemies":"Maw","floor":41.0,"turns":6.0},{"damage":37.0,"enemies":"4 Shapes","floor":42.0,"turns":5.0},{"damage":59.0,"enemies":"Spire Growth","floor":46.0,"turns":6.0},{"damage":89,"enemies":"Time Eater","floor":50,"turns":6}],"event_choices":[{"event_name":"The Woman in Blue","player_choice":"Bought 3 Potions","floor":2.0,"damage_taken":0.0},{"event_name":"Match and Keep!","player_choice":"1 cards matched","floor":5.0,"damage_taken":0.0},{"event_name":"The Lab","player_choice":"Got Potions","floor":7.0,"damage_taken":0.0},{"event_name":"The Mausoleum","player_choice":"Yes","floor":19.0,"damage_taken":0.0},{"event_name":"Tomb of Lord Red Mask","player_choice":"Paid","floor":36.0,"damage_taken":0.0},{"event_name":"Winding Halls","player_choice":"Embrace Madness","floor":37.0,"damage_taken":0.0},{"event_name":"The Moai Head","player_choice":"Heal","floor":44.0,"damage_taken":0.0},{"event_name":"Mysterious Sphere","player_choice":"Ignore","floor":47.0,"damage_taken":0.0}],"boss_relics":[],"potions_floor_spawned":[3,12,13,16,21,22,27,35,41],"seed_played":"-1373175701725392237","killed_by":"Time Eater","ascension_level":0,"is_trial":false}