{"path_per_floor":["M","$","?","M","$","E","M","R","T","M","?","M","?","$","R","B",null,"M","M","?","?","M","M","?","E","T","R","$","R","?","M","R"],"character_chosen":"DEFECT","items_purchased":["Beam Cell","Energy Potion","Block Potion","Beam Cell","Axe Kick","Trip","DataDisk"],"gold_per_floor":[119,43,43,60,11,39,51,51,51,62,27,38,113,11,11,112,112,132,145,145,145,163,175,175,201,255,255,16,16,16,26,26,26],"floor_reached":33,"campfire_rested":2,"playtime":1128,"current_hp_per_floor":[75,75,75,75,75,80,74,74,74,65,87,87,76,76,76,42,89,89,79,62,62,49,28,28,21,21,49,49,77,47,45,45,0],"items_purged":[],"gold":26,"score":315,"play_id":"c4c9f0a0-cdd3-432a-a27a-f96167297558","local_time":"20180507160926","is_prod":false,"is_daily":false,"chose_seed":false,"is_ascension_mode":false,"campfire_upgraded":3,"timestamp":1525723766,"path_taken":["M","$","?","M","$","E","M","R","T","M","?","?","?","?","R","BOSS","M","M","?","?","M","M","?","E","T","R","$","R","?","?","R","BOSS"],"build_version":"2018-05-03","seed_source_timestamp":1893893947623650,"purchased_purges":0,"victory":false,"master_deck":["Strike_B","Strike_B","Strike_B","Strike_B","Defend_B","Defend_B","Defend_B","Defend_B","Zap+1","Dualcast+1","All For One","Beam Cell","Streamline","Beam Cell+1","Double Energy+1","Axe Kick","Beam Cell","Axe Kick","Seek","Buffer","Sunder","Static Discharge","Beam Cell","Buffer","Trip","Ghostly","Ghostly","Ghostly","Ghostly","Ghostly","Streamline+1"],"max_hp_per_floor":[75,75,75,75,75,89,89,89,89,89,89,89,89,89,89,89,89,89,89,94,94,94,94,94,94,94,94,94,94,47,47,47,47],"relics":["Cracked Core","Mango","Gambling Chip","Lizard Tail","Symbiotic Virus","Mummified Hand","Tiny Chest","DataDisk"],"card_choices":[{"not_picked":["Hologram","Heatsinks"],"picked":"Streamline","floor":4},{"not_picked":["Sweeping Beam","Rebound"],"picked":"Beam Cell","floor":6},{"not_picked":["Leap","Stack"],"picked":"Double Energy","floor":7},{"not_picked":["Impulse","Hologram"],"picked":"Axe Kick","floor":10},{"not_picked":["Creative AI","Thunder Strike"],"picked":"Seek","floor":16},{"not_picked":["Turbo","Hologram"],"picked":"Buffer","floor":18},{"not_picked":["Barrage","Force Field"],"picked":"Sunder","floor":19},{"not_picked":["Sweeping Beam","Impulse"],"picked":"Static Discharge","floor":22},{"not_picked":["Barrage","Coolheaded"],"picked":"Beam Cell","floor":23},{"not_picked":["Self Repair","Defragment"],"picked":"Buffer","floor":25},{"not_picked":["Cold Snap","Blizzard"],"picked":"Streamline","floor":31}],"player_experience":168667,"potions_floor_usage":[6,6,6,16,16,22,22,25],"damage_taken":[{"damage":0,"enemies":"Small Slimes","floor":1,"turns":2},{"damage":0,"enemies":"Cultist","floor":4,"turns":2},{"damage":9,"enemies":"Lagavulin","floor":6,"turns":5},{"damage":6,"enemies":"Jaw Worm","floor":7,"turns":2},{"damage":9,"enemies":"3 Louse","floor":10,"turns":2},{"damage":0,"enemies":"Red Slaver","floor":12,"turns":1},{"damage":34,"enemies":"Hexaghost","floor":16,"turns":7},{"damage":0,"enemies":"Shell Parasite","floor":18,"turns":1},{"damage":10,"enemies":"Spheric Guardian","floor":19,"turns":3},{"damage":13,"enemies":"3 Cultists","floor":22,"turns":4},{"damage":21,"enemies":"Snake Plant","floor":23,"turns":2},{"damage":7,"enemies":"Book of Stabbing","floor":25,"turns":3},{"damage":2,"enemies":"Sentry and Sphere","floor":31,"turns":4},{"damage":89,"enemies":"Automaton","floor":33,"turns":10}],"event_choices":[{"event_name":"Accursed Blacksmith","player_choice":"Forge","floor":3,"damage_taken":0},{"event_name":"The Cleric","player_choice":"Healed","floor":11,"damage_taken":0},{"event_name":"World of Goop","player_choice":"Gather Gold","floor":13,"damage_taken":0},{"event_name":"Forgotten Altar","player_choice":"Shed Blood","floor":20,"damage_taken":0},{"event_name":"The Mausoleum","player_choice":"Yes","floor":21,"damage_taken":0},{"event_name":"Drug Dealer","player_choice":"Ignored","floor":24,"damage_taken":0},{"event_name":"Ghosts","player_choice":"Became a Ghost","floor":30,"damage_taken":0}],"boss_relics":[{"not_picked":["Black Star","Snecko Eye"],"picked":"Lizard Tail"}],"potions_floor_spawned":[1,10,12,16,19,23],"seed_played":"1933116898165991493","killed_by":"Automaton","ascension_level":0,"is_trial":false}