{"gold_per_floor":[210,210,7,7,24,24,58,58,58,58,70,83,83,96,96,96],"floor_reached":16,"playtime":1197,"items_purged":[],"score":130,"play_id":"d8967145-7208-4b4a-8219-24c7d3043a70","local_time":"20190608011114","is_ascension_mode":true,"campfire_choices":[{"floor":6,"key":"RECALL"},{"floor":8,"key":"REST"},{"data":"Thunderclap","floor":13,"key":"SMITH"},{"data":"Flex","floor":15,"key":"SMITH"}],"neow_cost":"NONE","seed_source_timestamp":0,"circlet_count":0,"master_deck":["Strike_R","Strike_R","Strike_R","Defend_R","Defend_R","Defend_R","Defend_R","Bash","Cleave+1","Thunderclap+1","Flex+1","Cleave"],"special_seed":0,"relics":["Burning Blood","Membership Card","Meat on the Bone","Singing Bowl"],"potions_floor_usage":[11,16],"damage_taken":[{"damage":8,"enemies":"Jaw Worm","floor":1,"turns":4},{"damage":8,"enemies":"2 Louse","floor":5,"turns":2},{"damage":32,"enemies":"Gremlin Nob","floor":7,"turns":4},{"damage":0,"enemies":"Cultist","floor":11,"turns":2},{"damage":1,"enemies":"2 Fungi Beasts","floor":12,"turns":2},{"damage":15,"enemies":"Gremlin Gang","floor":14,"turns":2},{"damage":76,"enemies":"Slime Boss","floor":16,"turns":9}],"seed_played":"-7275170204638692786","potions_obtained":[{"floor":7,"key":"AttackPotion"},{"floor":11,"key":"SpeedPotion"}],"is_trial":false,"path_per_floor":["M","?","$","?","M","R","E","R","T","?","M","M","R","M","R","B"],"character_chosen":"IRONCLAD","items_purchased":["Membership Card"],"campfire_rested":1,"item_purchase_floors":[3],"current_hp_per_floor":[70,70,70,70,68,68,42,66,66,66,74,81,81,72,72,0],"gold":96,"neow_bonus":"HUNDRED_GOLD","is_prod":false,"is_daily":false,"chose_seed":false,"campfire_upgraded":2,"win_rate":0,"timestamp":1559970674,"path_taken":["M","?","$","?","?","R","E","R","T","?","M","M","R","M","R","BOSS"],"build_version":"2019-06-05","purchased_purges":0,"victory":false,"max_hp_per_floor":[80,80,80,80,80,80,80,80,80,80,82,84,84,84,84,84],"card_choices":[{"not_picked":["Iron Wave","Havoc"],"picked":"Cleave","floor":1},{"not_picked":["True Grit","Clash"],"picked":"Thunderclap","floor":5},{"not_picked":["Clothesline","Blood for Blood","Evolve"],"picked":"SKIP","floor":7},{"not_picked":["Havoc","Feel No Pain","Clothesline"],"picked":"Singing Bowl","floor":11},{"not_picked":["Twin Strike","True Grit","Whirlwind"],"picked":"Singing Bowl","floor":12},{"not_picked":["Sword Boomerang","Sentinel"],"picked":"Cleave","floor":14}],"player_experience":1004360,"relics_obtained":[{"floor":7,"key":"Meat on the Bone"},{"floor":9,"key":"Singing Bowl"}],"event_choices":[{"damage_healed":0,"gold_gain":0,"player_choice":"Grow","damage_taken":0,"max_hp_gain":0,"max_hp_loss":0,"event_name":"Living Wall","floor":2,"gold_loss":0,"cards_upgraded":["Cleave"]},{"cards_removed":["Strike_R"],"damage_healed":0,"gold_gain":0,"player_choice":"Offered Basic","damage_taken":0,"max_hp_gain":0,"max_hp_loss":0,"event_name":"Bonfire Elementals","floor":4,"gold_loss":0},{"damage_healed":0,"gold_gain":0,"cards_transformed":["Strike_R"],"player_choice":"Transformed","damage_taken":0,"max_hp_gain":0,"max_hp_loss":0,"event_name":"Transmorgrifier","floor":10,"gold_loss":0,"cards_obtained":["Flex"]}],"is_beta":true,"boss_relics":[],"items_purged_floors":[],"is_endless":false,"potions_floor_spawned":[7,11],"killed_by":"Slime Boss","ascension_level":6}