{"path_per_floor":["M","?","$","M","M","E","M","M","T","R","M","M","?","?","R","B",null,"M","?","?","M","$"],"character_chosen":"IRONCLAD","items_purchased":["Membership Card","Double Tap","Clash"],"gold_per_floor":[10,10,10,35,51,89,103,124,124,124,140,165,245,301,301,422,422,440,355,355,368,33],"floor_reached":23,"campfire_rested":2,"playtime":705,"current_hp_per_floor":[80,60,60,65,71,53,51,52,52,76,74,66,50,50,74,47,80,32,32,32,25,25],"items_purged":[],"gold":33,"score":193,"play_id":"8c74274f-e328-4a7a-ac01-3f6b57738f6e","local_time":"20180315015357","is_prod":false,"is_daily":false,"is_ascension_mode":false,"campfire_upgraded":0,"timestamp":1521093237,"path_taken":["M","?","$","M","?","E","M","M","T","R","M","M","?","?","R","BOSS","M","?","?","?","?","E"],"build_version":"2018-03-09","purchased_purges":0,"victory":false,"master_deck":["Strike_R+1","Strike_R+1","Strike_R+1","Defend_R+1","Defend_R+1","Defend_R+1","Defend_R+1","Bash","Rampage","Pommel Strike","Wild Strike","Thunderclap","Infernal Blade","Demon Form","Inflame","Shrug It Off","Limit Break","Wild Strike","Flex","Double Tap","Heavy Blade","Uppercut","Double Tap","Clash"],"max_hp_per_floor":[80,80,80,80,80,80,80,80,80,80,80,80,80,80,80,80,80,80,80,80,80,80],"relics":["Burning Blood","Golden Idol","Centennial Puzzle","Bag of Marbles","Blood Vial","White Beast Statue","Bird Faced Urn","Membership Card"],"card_choices":[{"not_picked":["Sentinel","Hemokinesis"],"picked":"Wild Strike"},{"not_picked":["Pommel Strike","Perfected Strike"],"picked":"Thunderclap"},{"not_picked":["Burning Pact","Anger"],"picked":"Infernal Blade"},{"not_picked":["True Grit","Warcry"],"picked":"Demon Form"},{"not_picked":["Uppercut","Wild Strike"],"picked":"Inflame"},{"not_picked":["Heavy Blade","Perfected Strike"],"picked":"Shrug It Off"},{"not_picked":["Ghostly Armor","Body Slam"],"picked":"Limit Break"},{"not_picked":["Clothesline","Warcry"],"picked":"Wild Strike"},{"not_picked":["Anger","Havoc"],"picked":"Flex"},{"not_picked":["Berserk","Immolate"],"picked":"Double Tap"},{"not_picked":["Burning Pact","Iron Wave"],"picked":"Heavy Blade"},{"not_picked":["Havoc","Disarm"],"picked":"Uppercut"}],"player_experience":442333,"potions_floor_usage":[13,13,13,18,21,23,23],"damage_taken":[{"damage":4,"enemies":"2 Louse","floor":1,"turns":2},{"damage":1,"enemies":"Jaw Worm","floor":4,"turns":3},{"damage":0,"enemies":"Small Slimes","floor":5,"turns":2},{"damage":24,"enemies":"Gremlin Nob","floor":6,"turns":4},{"damage":8,"enemies":"Red Slaver","floor":7,"turns":2},{"damage":5,"enemies":"3 Louse","floor":8,"turns":2},{"damage":8,"enemies":"Lots of Slimes","floor":11,"turns":2},{"damage":15,"enemies":"Looter","floor":12,"turns":3},{"damage":33,"enemies":"Lagavulin Event","floor":13,"turns":6},{"damage":35,"enemies":"Slime Boss","floor":16,"turns":7},{"damage":54,"enemies":"2 Thieves","floor":18,"turns":4},{"damage":25,"enemies":"Chosen","floor":21,"turns":4},{"damage":32,"enemies":"Slavers","floor":23,"turns":3}],"event_choices":[{"event_name":"Golden Idol","player_choice":"Take Damage","floor":2,"damage_taken":0},{"event_name":"Dead Adventurer","player_choice":"Searched \u00272\u0027 times","floor":13,"damage_taken":0},{"event_name":"Golden Wing","player_choice":"Gained Gold","floor":14,"damage_taken":0},{"event_name":"Addict","player_choice":"Obtained Relic","floor":19,"damage_taken":0},{"event_name":"Back to Basics","player_choice":"Simplicity","floor":20,"damage_taken":0}],"boss_relics":[{"not_picked":["Runic Dome","Ectoplasm"],"picked":"White Beast Statue"}],"potions_floor_spawned":[1,5,7,11,13,16,18,21],"seed_played":"-7437757344566586664","killed_by":"Slavers","ascension_level":0,"is_trial":false}