{"gold_per_floor":[117,117,141,161,161,199,199,243,243,266,266,279,312,328,328,447,447,467,485,508,508,527,527,562,477,477,477,447,466,466,485,485,615,615,639,56,56,79,97,132,152,173,255,290,415,18,18,351,351,351],"floor_reached":51,"playtime":2560,"items_purged":["Gash"],"score":904,"play_id":"9a3a57fe-a151-4a0f-a542-4d90cf3c407a","local_time":"20190406001556","is_ascension_mode":true,"campfire_choices":[{"floor":7,"key":"REST"},{"data":"FTL","floor":11,"key":"SMITH"},{"floor":15,"key":"REST"},{"data":"Storm","floor":23,"key":"SMITH"},{"data":"Amplify","floor":27,"key":"SMITH"},{"data":"Loop","floor":32,"key":"SMITH"},{"floor":47,"key":"REST"},{"data":"Metamorphosis","floor":49,"key":"SMITH"}],"neow_cost":"NONE","seed_source_timestamp":1595213730450500,"circlet_count":0,"master_deck":["Zap","Dualcast","Redo","BootSequence","Cold Snap","FTL+1","Coolheaded","Chill","Self Repair","Electrodynamics+1","Barrage","White Noise","Aggregate","Undo","Compile Driver","Storm+1","Steam Power","Ball Lightning","Defragment+1","Melter+1","Glacier","Rebound+1","Amplify+1","Chaos","Loop+1","Rainbow","Capacitor+1","Metamorphosis+1","Beam Cell+1","Loop","Consume","Redo+1","Chill","Master of Strategy","Impatience"],"relics":["Cracked Core","Bottled Flame","DataDisk","Cables","FossilizedHelix","Pandora\u0027s Box","Symbiotic Virus","Bag of Marbles","Anchor","Meat on the Bone","Art of War","Lizard Tail","OrangePellets","Boot","Oddly Smooth Stone","Singing Bowl","Happy Flower","Du-Vu Doll","Juzu Bracelet"],"potions_floor_usage":[6,8,10,13,29,31,38,41,44,45,50],"damage_taken":[{"damage":3,"enemies":"2 Louse","floor":1,"turns":2},{"damage":7,"enemies":"Jaw Worm","floor":3,"turns":3},{"damage":0,"enemies":"Cultist","floor":4,"turns":4},{"damage":33,"enemies":"Gremlin Nob","floor":6,"turns":4},{"damage":10,"enemies":"Lagavulin","floor":8,"turns":8},{"damage":0,"enemies":"Lots of Slimes","floor":10,"turns":4},{"damage":0,"enemies":"Blue Slaver","floor":12,"turns":2},{"damage":1,"enemies":"Gremlin Nob","floor":13,"turns":4},{"damage":0,"enemies":"Large Slime","floor":14,"turns":4},{"damage":41,"enemies":"Hexaghost","floor":16,"turns":12},{"damage":0,"enemies":"Shell Parasite","floor":18,"turns":5},{"damage":11,"enemies":"2 Thieves","floor":19,"turns":3},{"damage":9,"enemies":"Centurion and Healer","floor":20,"turns":5},{"damage":0,"enemies":"Chosen and Byrds","floor":22,"turns":5},{"damage":2,"enemies":"Gremlin Leader","floor":24,"turns":8},{"damage":6,"enemies":"3 Cultists","floor":29,"turns":3},{"damage":0,"enemies":"Centurion and Healer","floor":31,"turns":2},{"damage":53,"enemies":"Champ","floor":33,"turns":10},{"damage":0,"enemies":"3 Shapes","floor":35,"turns":2},{"damage":12,"enemies":"3 Darklings","floor":38,"turns":3},{"damage":20,"enemies":"Transient","floor":39,"turns":5},{"damage":11,"enemies":"Nemesis","floor":40,"turns":7},{"damage":0,"enemies":"4 Shapes","floor":41,"turns":2},{"damage":0,"enemies":"Sphere and 2 Shapes","floor":42,"turns":5},{"damage":39,"enemies":"Giant Head","floor":44,"turns":7},{"damage":24,"enemies":"Mind Bloom Boss Battle","floor":45,"turns":5},{"damage":53,"enemies":"Time Eater","floor":50,"turns":7}],"seed_played":"5455100605007959918","potions_obtained":[{"floor":4,"key":"Poison Potion"},{"floor":6,"key":"SneckoOil"},{"floor":8,"key":"PowerPotion"},{"floor":10,"key":"Explosive Potion"},{"floor":20,"key":"SteroidPotion"},{"floor":24,"key":"LiquidBronze"},{"floor":28,"key":"PowerPotion"},{"floor":29,"key":"PowerPotion"},{"floor":40,"key":"Poison Potion"},{"floor":41,"key":"FearPotion"},{"floor":44,"key":"Regen Potion"},{"floor":45,"key":"Ancient Potion"}],"is_trial":false,"path_per_floor":["M","?","M","M","?","E","R","E","T","M","R","M","E","M","R","B",null,"M","M","M","T","M","R","E","?","T","R","?","M","?","M","R","B",null,"M","$","?","M","M","E","M","M","T","E","?","$","R","?","R","B",null],"character_chosen":"DEFECT","items_purchased":["OrangePellets","Metamorphosis","Boot","Juzu Bracelet","Master of Strategy","Impatience"],"campfire_rested":3,"item_purchase_floors":[36,36,36,46,46,46],"current_hp_per_floor":[79,79,72,72,72,39,63,53,53,53,53,53,52,52,76,42,82,82,71,69,69,76,76,81,81,81,81,81,75,75,75,75,41,82,82,82,82,77,71,67,67,74,74,56,48,48,73,73,73,39],"gold":351,"neow_bonus":"TEN_PERCENT_HP_BONUS","is_prod":false,"is_daily":false,"chose_seed":false,"campfire_upgraded":5,"win_rate":0,"timestamp":1554524156,"path_taken":["M","?","M","M","?","E","R","E","T","M","R","M","E","M","R","BOSS","M","M","M","?","?","R","E","?","T","R","?","?","?","?","R","BOSS","M","$","?","M","M","E","M","?","T","E","?","?","R","?","R","BOSS"],"build_version":"2019-04-04","purchased_purges":1,"victory":true,"max_hp_per_floor":[82,82,82,82,82,82,82,82,82,82,82,82,82,82,82,82,82,82,82,82,82,82,82,82,82,82,82,82,82,82,82,82,82,82,82,82,82,82,82,82,82,82,82,84,86,86,86,86,86,86],"card_choices":[{"not_picked":["Reprogram","Beam Cell"],"picked":"Redo","floor":1},{"not_picked":["Undo","Ball Lightning"],"picked":"BootSequence","floor":3},{"not_picked":["Gash","Streamline"],"picked":"Cold Snap","floor":4},{"not_picked":["Force Field","Lockon"],"picked":"FTL","floor":6},{"not_picked":["Seek","Hyperbeam"],"picked":"Coolheaded","floor":8},{"not_picked":["Barrage","Conserve Battery","Aggregate"],"picked":"SKIP","floor":10},{"not_picked":["Stack","Steam"],"picked":"Gash","floor":12},{"not_picked":["Aggregate","Double Energy"],"picked":"Chill","floor":13},{"not_picked":["Heatsinks","Defragment"],"picked":"Self Repair","floor":14},{"not_picked":["Seek","Biased Cognition"],"picked":"Electrodynamics","floor":16},{"not_picked":["Hello World+1","Turbo+1"],"picked":"Defragment+1","floor":18},{"not_picked":["Aggregate","Chill"],"picked":"Melter+1","floor":19},{"not_picked":["Steam","Self Repair"],"picked":"Glacier","floor":20},{"not_picked":["Turbo","Auto Shields"],"picked":"Rebound+1","floor":22},{"not_picked":["Sweeping Beam","Recycle"],"picked":"Amplify","floor":24},{"not_picked":["Leap","Turbo"],"picked":"Chaos","floor":29},{"not_picked":["Coolheaded","Multi-Cast"],"picked":"Loop","floor":31},{"not_picked":["Hyperbeam","Fission"],"picked":"Rainbow","floor":33},{"not_picked":["Streamline+1","Leap+1"],"picked":"Capacitor+1","floor":35},{"not_picked":["Gash","Compile Driver"],"picked":"Beam Cell+1","floor":38},{"not_picked":["Stack","Streamline"],"picked":"Loop","floor":39},{"not_picked":["Meteor Strike","Sweeping Beam"],"picked":"Consume","floor":40},{"not_picked":["Aggregate+1","Beam Cell"],"picked":"Redo+1","floor":41},{"not_picked":["Redo+1","Steam+1"],"picked":"Chill","floor":42},{"not_picked":["Streamline","Compile Driver+1","Reinforced Body"],"picked":"Singing Bowl","floor":44},{"not_picked":["Sweeping Beam","Turbo+1","Gash+1"],"picked":"Singing Bowl","floor":45}],"player_experience":768725,"relics_obtained":[{"floor":6,"key":"Bottled Flame"},{"floor":8,"key":"DataDisk"},{"floor":9,"key":"Cables"},{"floor":13,"key":"FossilizedHelix"},{"floor":21,"key":"Symbiotic Virus"},{"floor":24,"key":"Bag of Marbles"},{"floor":26,"key":"Meat on the Bone"},{"floor":40,"key":"Oddly Smooth Stone"},{"floor":43,"key":"Singing Bowl"},{"floor":44,"key":"Happy Flower"},{"floor":45,"key":"Du-Vu Doll"}],"event_choices":[{"damage_healed":0,"gold_gain":0,"player_choice":"Take Wound","damage_taken":0,"relics_obtained":["Golden Idol"],"max_hp_gain":0,"max_hp_loss":0,"event_name":"Golden Idol","floor":2,"gold_loss":0,"cards_obtained":["Injury"]},{"cards_removed":["Injury"],"damage_healed":0,"gold_gain":0,"player_choice":"Card Removal","damage_taken":0,"max_hp_gain":0,"max_hp_loss":0,"event_name":"Wheel of Change","floor":5,"gold_loss":0},{"damage_healed":0,"gold_gain":0,"player_choice":"Obtained Relic","damage_taken":0,"relics_obtained":["Anchor"],"max_hp_gain":0,"max_hp_loss":0,"event_name":"Addict","floor":25,"gold_loss":85},{"damage_healed":0,"gold_gain":0,"player_choice":"Bought 2 Potions","damage_taken":0,"max_hp_gain":0,"max_hp_loss":0,"event_name":"The Woman in Blue","floor":28,"gold_loss":0},{"damage_healed":0,"gold_gain":0,"player_choice":"Gave Potion","damage_taken":0,"relics_obtained":["Art of War"],"max_hp_gain":0,"max_hp_loss":0,"event_name":"WeMeetAgain","floor":30,"gold_loss":0},{"damage_healed":0,"gold_gain":0,"player_choice":"Forge","damage_taken":0,"max_hp_gain":0,"max_hp_loss":0,"event_name":"Accursed Blacksmith","floor":37,"gold_loss":0,"cards_upgraded":["Electrodynamics"]},{"damage_healed":0,"gold_gain":0,"player_choice":"Fight","damage_taken":0,"max_hp_gain":0,"max_hp_loss":0,"event_name":"MindBloom","floor":45,"gold_loss":0},{"damage_healed":0,"gold_gain":333,"player_choice":"Gave Idol","damage_taken":0,"max_hp_gain":0,"max_hp_loss":0,"event_name":"The Moai Head","floor":48,"relics_lost":["Golden Idol"],"gold_loss":0}],"is_beta":true,"boss_relics":[{"not_picked":["Fusion Hammer","Nuclear Battery"],"picked":"Pandora\u0027s Box"},{"not_picked":["Velvet Choker","Calling Bell"],"picked":"Lizard Tail"}],"items_purged_floors":[36],"is_endless":false,"potions_floor_spawned":[4,6,8,10,20,24,29,40,41,44,45],"ascension_level":3}