{"gold_per_floor":[115,115,290,302,302,302,313,29,29,29,29,44,75,75],"floor_reached":14,"playtime":525,"items_purged":["Doubt"],"score":119,"play_id":"5c1bb098-2ba7-4ece-8c11-e8bfbb2f12a6","local_time":"20190611023956","is_ascension_mode":true,"campfire_choices":[{"data":"Armaments","floor":6,"key":"SMITH"},{"floor":10,"key":"RECALL"}],"neow_cost":"CURSE","seed_source_timestamp":1760263590489900,"circlet_count":0,"master_deck":["Strike_R","Strike_R","Strike_R","Strike_R","Strike_R","Defend_R","Defend_R","Defend_R","Defend_R","Bash","Demon Form+1","Armaments+1","Cleave","Heavy Blade","Seeing Red"],"relics":["Burning Blood","Toy Ornithopter","Unceasing Top","Turnip"],"potions_floor_usage":[4,12],"damage_taken":[{"damage":10,"enemies":"Small Slimes","floor":1,"turns":3},{"damage":11,"enemies":"2 Louse","floor":4,"turns":4},{"damage":7,"enemies":"Jaw Worm","floor":7,"turns":5},{"damage":9,"enemies":"Red Slaver","floor":12,"turns":3},{"damage":47,"enemies":"3 Sentries","floor":13,"turns":10},{"damage":33,"enemies":"Exordium Thugs","floor":14,"turns":4}],"seed_played":"-2880783775339739305","potions_obtained":[{"floor":1,"key":"SkillPotion"},{"floor":7,"key":"Poison Potion"}],"is_trial":false,"path_per_floor":["M","?","?","M","?","R","M","$","T","R","$","M","E","M"],"character_chosen":"IRONCLAD","items_purchased":["Toy Ornithopter"],"campfire_rested":0,"item_purchase_floors":[8],"current_hp_per_floor":[68,68,68,63,56,56,55,55,55,55,55,57,16,0],"gold":75,"neow_bonus":"THREE_RARE_CARDS","is_prod":false,"is_daily":false,"chose_seed":false,"campfire_upgraded":1,"win_rate":0,"timestamp":1560235196,"path_taken":["M","?","?","M","?","R","M","$","T","R","?","M","E","M"],"build_version":"2019-06-07","purchased_purges":1,"victory":false,"max_hp_per_floor":[80,80,80,80,80,80,80,80,80,80,80,80,80,80],"card_choices":[{"not_picked":["Berserk","Fiend Fire"],"picked":"Demon Form","floor":0},{"not_picked":["Warcry","Flex"],"picked":"Armaments","floor":1},{"not_picked":["Havoc","Rage"],"picked":"Cleave","floor":4},{"not_picked":["Clash","Pommel Strike"],"picked":"Heavy Blade","floor":7},{"not_picked":["Entrench","Armaments"],"picked":"Seeing Red","floor":12},{"not_picked":["Searing Blow","Heavy Blade","Burning Pact"],"picked":"SKIP","floor":13}],"player_experience":1029352,"relics_obtained":[{"floor":9,"key":"Unceasing Top"},{"floor":13,"key":"Turnip"}],"event_choices":[{"damage_healed":0,"gold_gain":0,"player_choice":"Grow","damage_taken":0,"max_hp_gain":0,"max_hp_loss":0,"event_name":"Living Wall","floor":2,"gold_loss":0,"cards_upgraded":["Demon Form"]},{"damage_healed":0,"gold_gain":175,"player_choice":"AGREE","damage_taken":0,"max_hp_gain":0,"max_hp_loss":0,"event_name":"Liars Game","floor":3,"gold_loss":0,"cards_obtained":["Doubt"]},{"cards_removed":["Normality"],"damage_healed":0,"gold_gain":0,"player_choice":"Card Removal","damage_taken":7,"max_hp_gain":0,"max_hp_loss":0,"event_name":"Golden Wing","floor":5,"gold_loss":0}],"is_beta":true,"boss_relics":[],"items_purged_floors":[8],"is_endless":false,"potions_floor_spawned":[1,7],"killed_by":"Exordium Thugs","ascension_level":7}