{"gold_per_floor":[114,64,83,97,108,108,124,149,194,194,194,227,0,12,12,112,112,127,127,146,163,163,163,177,177,259,16,47,58,75,75,75,174,174,186,186,203,103,121,121,135,150,150,167,181,181,0,12,12,12],"floor_reached":51,"playtime":3433,"items_purged":["Strike_R","Strike_R"],"score":809,"play_id":"b9da261c-3497-44f1-bcc5-afc91c3f5e2b","local_time":"20190706142554","is_ascension_mode":true,"campfire_choices":[{"data":"Whirlwind","floor":6,"key":"SMITH"},{"data":"Inflame","floor":10,"key":"SMITH"},{"data":"Armaments","floor":15,"key":"SMITH"},{"data":"Rupture","floor":23,"key":"SMITH"},{"data":"Rupture","floor":25,"key":"SMITH"},{"floor":32,"key":"REST"},{"floor":40,"key":"REST"},{"floor":49,"key":"REST"}],"neow_cost":"NONE","seed_source_timestamp":1061386343909248,"circlet_count":0,"master_deck":["Strike_R","Defend_R","Defend_R","Defend_R","Defend_R","Bash","Metallicize","Whirlwind+1","Flame Barrier","Clothesline","Limit Break","Inflame+1","Infernal Blade","Rupture+1","Hemokinesis+1","Armaments+1","Offering","Rupture+1","Seeing Red","Double Tap","Heavy Blade+1","Whirlwind+1","Combust","Rupture+1","Fire Breathing+1"],"relics":["Burning Blood","Happy Flower","Darkstone Periapt","Strawberry","Singing Bowl","Runic Cube","Pear","Mummified Hand","Red Skull","Fusion Hammer","Shuriken","Red Mask"],"potions_floor_usage":[8,12,14,14,20,21,30,45,50],"damage_taken":[{"damage":12,"enemies":"2 Louse","floor":1,"turns":3},{"damage":3,"enemies":"Cultist","floor":3,"turns":3},{"damage":4,"enemies":"Jaw Worm","floor":4,"turns":5},{"damage":6,"enemies":"Looter","floor":5,"turns":4},{"damage":0,"enemies":"2 Fungi Beasts","floor":7,"turns":2},{"damage":19,"enemies":"Lagavulin","floor":8,"turns":8},{"damage":7,"enemies":"3 Sentries","floor":12,"turns":4},{"damage":4,"enemies":"Gremlin Gang","floor":14,"turns":4},{"damage":18,"enemies":"The Guardian","floor":16,"turns":9},{"damage":25,"enemies":"Shell Parasite","floor":18,"turns":4},{"damage":17,"enemies":"Chosen","floor":20,"turns":3},{"damage":27,"enemies":"Snecko","floor":21,"turns":4},{"damage":19,"enemies":"Centurion and Healer","floor":24,"turns":4},{"damage":21,"enemies":"Book of Stabbing","floor":28,"turns":4},{"damage":27,"enemies":"Sentry and Sphere","floor":29,"turns":5},{"damage":44,"enemies":"Snake Plant","floor":30,"turns":4},{"damage":74,"enemies":"Champ","floor":33,"turns":9},{"damage":16,"enemies":"3 Darklings","floor":35,"turns":2},{"damage":6,"enemies":"Orb Walker","floor":37,"turns":1},{"damage":11,"enemies":"Transient","floor":39,"turns":5},{"damage":44,"enemies":"Sphere and 2 Shapes","floor":41,"turns":2},{"damage":27,"enemies":"3 Darklings","floor":42,"turns":3},{"damage":15,"enemies":"Transient","floor":44,"turns":5},{"damage":21,"enemies":"Writhing Mass","floor":45,"turns":3},{"damage":20,"enemies":"3 Darklings","floor":48,"turns":2},{"damage":60,"enemies":"Time Eater","floor":50,"turns":7}],"seed_played":"3991240140326037413","potions_obtained":[{"floor":4,"key":"Weak Potion"},{"floor":7,"key":"Weak Potion"},{"floor":8,"key":"AttackPotion"},{"floor":12,"key":"SkillPotion"},{"floor":16,"key":"Ancient Potion"},{"floor":20,"key":"BloodPotion"},{"floor":28,"key":"BloodPotion"},{"floor":41,"key":"AttackPotion"},{"floor":42,"key":"SpeedPotion"},{"floor":44,"key":"Poison Potion"}],"is_trial":false,"path_per_floor":["M","?","M","M","M","R","M","E","T","R","?","E","$","M","R","B",null,"M","?","M","M","?","R","M","R","T","$","E","M","M","?","R","B",null,"M","?","M","$","M","R","M","M","T","M","M","?","?","M","R","B",null],"character_chosen":"IRONCLAD","items_purchased":["Rupture","Hemokinesis","Armaments","Mummified Hand"],"campfire_rested":3,"item_purchase_floors":[13,13,13,27],"current_hp_per_floor":[74,74,77,79,79,79,80,67,74,74,74,75,75,79,79,67,91,72,72,63,67,95,95,82,82,92,92,79,60,51,51,84,16,111,101,101,101,101,98,113,75,56,56,49,36,104,104,90,104,50],"gold":12,"neow_bonus":"RANDOM_COMMON_RELIC","is_prod":false,"is_daily":false,"chose_seed":false,"campfire_upgraded":5,"win_rate":0,"timestamp":1562437554,"path_taken":["M","?","M","M","M","R","M","E","T","R","?","E","$","?","R","BOSS","M","?","M","?","?","R","M","R","T","$","E","M","M","?","R","BOSS","M","?","M","$","M","R","M","?","T","M","M","?","?","M","R","BOSS"],"build_version":"2019-07-05","purchased_purges":2,"victory":true,"max_hp_per_floor":[80,80,80,80,80,80,80,80,87,87,87,89,89,91,91,91,91,91,91,93,95,95,95,95,95,105,105,107,109,111,111,111,111,111,111,111,111,111,113,113,113,115,115,117,119,104,104,104,104,104],"card_choices":[{"not_picked":["True Grit","Heavy Blade"],"picked":"Metallicize","floor":1},{"not_picked":["Bloodletting","Infernal Blade"],"picked":"Whirlwind","floor":3},{"not_picked":["Disarm","Infernal Blade"],"picked":"Flame Barrier","floor":4},{"not_picked":["Shrug It Off","Havoc"],"picked":"Clothesline","floor":5},{"not_picked":["Clothesline","Heavy Blade"],"picked":"Limit Break","floor":7},{"not_picked":["Double Tap","Infernal Blade"],"picked":"Inflame","floor":8},{"not_picked":["Rupture","Reckless Charge","Clothesline"],"picked":"Singing Bowl","floor":12},{"not_picked":["Clash","Headbutt","Sword Boomerang"],"picked":"Singing Bowl","floor":14},{"not_picked":["Feed","Exhume"],"picked":"Offering","floor":16},{"not_picked":["Perfected Strike+1","Flame Barrier"],"picked":"Rupture","floor":18},{"not_picked":["Clothesline","Wild Strike","Dropkick"],"picked":"Singing Bowl","floor":20},{"not_picked":["Infernal Blade","Warcry+1","Searing Blow+1"],"picked":"Singing Bowl","floor":21},{"not_picked":["Rampage","Iron Wave"],"picked":"Seeing Red","floor":24},{"not_picked":["Anger","Pommel Strike","Clash"],"picked":"Singing Bowl","floor":28},{"not_picked":["True Grit+1","Twin Strike","Dropkick"],"picked":"Singing Bowl","floor":29},{"not_picked":["Anger+1","Reckless Charge","Thunderclap+1"],"picked":"Singing Bowl","floor":30},{"not_picked":["Dark Embrace","Juggernaut"],"picked":"Double Tap","floor":33},{"not_picked":["Thunderclap+1","Rage"],"picked":"Heavy Blade+1","floor":35},{"not_picked":["Body Slam","Sword Boomerang+1"],"picked":"Combust","floor":37},{"not_picked":["Feel No Pain","Disarm+1","Twin Strike"],"picked":"Singing Bowl","floor":39},{"not_picked":["Cleave+1","Ghostly Armor+1"],"picked":"Rupture+1","floor":41},{"not_picked":["Battle Trance","Sword Boomerang","Power Through+1"],"picked":"Singing Bowl","floor":42},{"not_picked":["Dropkick","Anger","Iron Wave"],"picked":"Singing Bowl","floor":44},{"not_picked":["Shrug It Off","Body Slam+1","Pommel Strike"],"picked":"Singing Bowl","floor":45},{"not_picked":["True Grit","Thunderclap"],"picked":"Fire Breathing+1","floor":48}],"player_experience":209745,"relics_obtained":[{"floor":8,"key":"Darkstone Periapt"},{"floor":9,"key":"Strawberry"},{"floor":12,"key":"Singing Bowl"},{"floor":26,"key":"Pear"},{"floor":28,"key":"Red Skull"},{"floor":43,"key":"Shuriken"}],"event_choices":[{"cards_removed":["Strike_R"],"damage_healed":0,"gold_gain":0,"player_choice":"Card Removal","damage_taken":0,"max_hp_gain":0,"max_hp_loss":0,"event_name":"The Cleric","floor":2,"gold_loss":50},{"damage_healed":0,"gold_gain":0,"player_choice":"1 cards matched","damage_taken":0,"max_hp_gain":0,"max_hp_loss":0,"event_name":"Match and Keep!","floor":11,"gold_loss":0,"cards_obtained":["Infernal Blade"]},{"damage_healed":0,"gold_gain":0,"player_choice":"Upgraded","damage_taken":0,"max_hp_gain":0,"max_hp_loss":0,"event_name":"Upgrade Shrine","floor":19,"gold_loss":0,"cards_upgraded":["Hemokinesis"]},{"damage_healed":31,"gold_gain":0,"player_choice":"Heal","damage_taken":0,"max_hp_gain":0,"max_hp_loss":0,"event_name":"The Library","floor":22,"gold_loss":0},{"cards_removed":["Strike_R"],"damage_healed":0,"gold_gain":0,"player_choice":"Elegance","damage_taken":0,"max_hp_gain":0,"max_hp_loss":0,"event_name":"Back to Basics","floor":31,"gold_loss":0},{"damage_healed":0,"gold_gain":0,"player_choice":"Copied","damage_taken":0,"max_hp_gain":0,"max_hp_loss":0,"event_name":"Duplicator","floor":36,"gold_loss":0,"cards_obtained":["Whirlwind"]},{"damage_healed":104,"gold_gain":0,"player_choice":"Heal","damage_taken":0,"max_hp_gain":0,"max_hp_loss":15,"event_name":"The Moai Head","floor":46,"gold_loss":0},{"damage_healed":0,"gold_gain":0,"player_choice":"Paid","damage_taken":0,"relics_obtained":["Red Mask"],"max_hp_gain":0,"max_hp_loss":0,"event_name":"Tomb of Lord Red Mask","floor":47,"gold_loss":181}],"is_beta":false,"boss_relics":[{"not_picked":["Black Star","Runic Pyramid"],"picked":"Runic Cube"},{"not_picked":["Eternal Feather","Astrolabe"],"picked":"Fusion Hammer"}],"items_purged_floors":[13,38],"is_endless":false,"potions_floor_spawned":[4,7,8,12,16,20,28,41,42,44],"ascension_level":3}