{"gold_per_floor":[112,129,129,144,219,249,249,8,8,28,39,52,12,28,28,125,125,144,144,144,59,11,11,26,26,26,26,26,26,55,16,16,16],"floor_reached":33,"playtime":896,"items_purged":[],"score":305,"play_id":"c3023d49-5b70-4280-8124-7f7689b3ec5d","local_time":"20180701032022","is_ascension_mode":true,"campfire_choices":[{"floor":7,"key":"REST"},{"floor":15,"key":"REST"},{"data":"1","floor":23,"key":"LIFT"},{"floor":25,"key":"REST"},{"floor":27,"key":"REST"},{"data":"2","floor":29,"key":"LIFT"},{"data":"3","floor":32,"key":"LIFT"}],"neow_cost":"NONE","seed_source_timestamp":305280098402729,"circlet_count":0,"master_deck":["Strike_R+1","Strike_R","Strike_R","Strike_R","Strike_R","Defend_R+1","Defend_R","Defend_R","Defend_R","Bash","Bludgeon","Inflame","Bloodletting","Iron Wave","Pummel","Twin Strike","Flex","Sword Boomerang","Barricade","Flex","Wild Strike","Second Wind","Sword Boomerang","Feel No Pain"],"relics":["Burning Blood","Paper Frog","Bottled Flame","Potion Belt","Runic Cube","Nilry\u0027s Codex","Girya","Mercury Hourglass","Bag of Preparation"],"potions_floor_usage":[10,14,14,14,16,18,20,33],"damage_taken":[{"damage":5,"enemies":"Small Slimes","floor":1,"turns":2},{"damage":0,"enemies":"2 Louse","floor":2,"turns":3},{"damage":0,"enemies":"Cultist","floor":4,"turns":3},{"damage":28,"enemies":"Lagavulin","floor":6,"turns":5},{"damage":13,"enemies":"Gremlin Gang","floor":10,"turns":4},{"damage":16,"enemies":"Blue Slaver","floor":11,"turns":3},{"damage":11,"enemies":"Looter","floor":12,"turns":2},{"damage":26,"enemies":"Exordium Thugs","floor":14,"turns":3},{"damage":42,"enemies":"Hexaghost","floor":16,"turns":9},{"damage":12,"enemies":"3 Byrds","floor":18,"turns":5},{"damage":0,"enemies":"2 Thieves","floor":20,"turns":1},{"damage":39,"enemies":"Cultist and Chosen","floor":24,"turns":5},{"damage":39,"enemies":"Gremlin Leader","floor":30,"turns":5},{"damage":58,"enemies":"Collector","floor":33,"turns":5}],"seed_played":"-4127354900178551507","potions_obtained":[{"floor":4,"key":"SmokeBomb"},{"floor":6,"key":"PowerPotion"},{"floor":13,"key":"Explosive Potion"},{"floor":13,"key":"Explosive Potion"},{"floor":13,"key":"SneckoOil"},{"floor":14,"key":"Block Potion"},{"floor":16,"key":"AttackPotion"},{"floor":30,"key":"BloodPotion"}],"is_trial":false,"path_per_floor":["M","M","?","M","?","E","R","$","T","M","M","M","?","M","R","B",null,"M","?","M","?","$","R","M","R","T","R","$","R","E","$","R"],"character_chosen":"IRONCLAD","items_purchased":["Bottled Flame","Wild Strike","Feel No Pain"],"campfire_rested":4,"item_purchase_floors":[8,22,31],"current_hp_per_floor":[80,80,64,70,59,37,61,61,61,54,44,39,39,19,43,7,80,74,58,64,64,64,64,34,58,58,82,82,82,49,49,49,0],"gold":16,"neow_bonus":"ONE_RANDOM_RARE_CARD","is_prod":false,"is_daily":false,"chose_seed":false,"campfire_upgraded":0,"win_rate":0,"timestamp":1530429622,"path_taken":["M","M","?","?","?","E","R","$","T","M","?","M","?","M","R","BOSS","M","?","M","?","$","R","M","R","T","R","?","R","E","$","R","BOSS"],"build_version":"2018-06-29","purchased_purges":0,"victory":false,"max_hp_per_floor":[80,80,80,80,80,80,80,80,80,80,80,80,80,80,80,80,80,80,80,80,80,80,80,83,83,83,83,83,83,83,83,83,83],"card_choices":[{"not_picked":["Armaments","Rage"],"picked":"Inflame","floor":1},{"not_picked":["Battle Trance","Heavy Blade"],"picked":"Bloodletting","floor":2},{"not_picked":["Clash","Perfected Strike"],"picked":"Iron Wave","floor":4},{"not_picked":["Clash","Sentinel"],"picked":"Pummel","floor":6},{"not_picked":["Heavy Blade","Bloodletting"],"picked":"Twin Strike","floor":10},{"not_picked":["Fire Breathing","Hemokinesis"],"picked":"Flex","floor":11},{"not_picked":["Havoc","Body Slam"],"picked":"Sword Boomerang","floor":12},{"not_picked":["Havoc","Heavy Blade","Armaments"],"picked":"SKIP","floor":14},{"not_picked":["Exhume","Impervious"],"picked":"Barricade","floor":16},{"not_picked":["Twin Strike","Warcry+1"],"picked":"Flex","floor":18},{"not_picked":["Heavy Blade","Barricade"],"picked":"Second Wind","floor":24},{"not_picked":["Twin Strike","Headbutt+1"],"picked":"Sword Boomerang","floor":30}],"player_experience":364687,"relics_obtained":[{"floor":6,"key":"Paper Frog"},{"floor":9,"key":"Potion Belt"},{"floor":19,"key":"Nilry\u0027s Codex"},{"floor":26,"key":"Mercury Hourglass"},{"floor":30,"key":"Bag of Preparation"}],"event_choices":[{"event_name":"Shining Light","player_choice":"Entered Light","floor":3,"damage_taken":0},{"event_name":"World of Goop","player_choice":"Gather Gold","floor":5,"damage_taken":0},{"event_name":"The Woman in Blue","player_choice":"Bought 3 Potions","floor":13,"damage_taken":0},{"event_name":"Cursed Tome","player_choice":"Obtained Book","floor":19,"damage_taken":0},{"event_name":"Addict","player_choice":"Obtained Relic","floor":21,"damage_taken":0}],"boss_relics":[{"not_picked":["Busted Crown","Philosopher\u0027s Stone"],"picked":"Runic Cube"}],"items_purged_floors":[],"is_endless":false,"potions_floor_spawned":[4,6,14,16,30],"killed_by":"Collector","ascension_level":3}