{"gold_per_floor":[117,94,105,120,139,139,154,229,229,247,247,247],"floor_reached":12,"playtime":438,"items_purged":[],"score":86,"play_id":"67ef79b8-967a-4468-bc67-37f5350ee4f5","local_time":"20190606172609","is_ascension_mode":true,"campfire_choices":[{"data":"Zap","floor":6,"key":"SMITH"}],"neow_cost":"NONE","seed_source_timestamp":1381568599563200,"circlet_count":0,"master_deck":["Strike_B","Strike_B","Strike_B","Strike_B","Defend_B","Defend_B","Defend_B","Defend_B","Zap+1","Dualcast","Consume","Rebound","Static Discharge","BootSequence","Loop"],"relics":["Cracked Core","NeowsBlessing","Dream Catcher"],"potions_floor_usage":[5,5],"damage_taken":[{"damage":0,"enemies":"Cultist","floor":1,"turns":1},{"damage":0,"enemies":"2 Louse","floor":3,"turns":1},{"damage":0,"enemies":"Jaw Worm","floor":4,"turns":1},{"damage":11,"enemies":"Blue Slaver","floor":5,"turns":3},{"damage":20,"enemies":"Large Slime","floor":7,"turns":4},{"damage":25,"enemies":"Gremlin Gang","floor":10,"turns":5},{"damage":15,"enemies":"3 Sentries","floor":12,"turns":2}],"seed_played":"-2515836598226639173","potions_obtained":[{"floor":1,"key":"SpeedPotion"},{"floor":4,"key":"LiquidBronze"}],"is_trial":false,"path_per_floor":["M","$","M","M","M","R","M","?","T","M","?","E"],"character_chosen":"DEFECT","items_purchased":["Rebound"],"campfire_rested":0,"item_purchase_floors":[2],"current_hp_per_floor":[75,75,75,75,64,64,44,33,33,8,8,0],"gold":247,"neow_bonus":"THREE_ENEMY_KILL","is_prod":false,"is_daily":false,"chose_seed":false,"campfire_upgraded":1,"win_rate":0,"timestamp":1559856369,"path_taken":["M","?","M","M","M","R","?","?","T","M","?","E"],"build_version":"2019-06-05","purchased_purges":0,"victory":false,"max_hp_per_floor":[75,75,75,75,75,75,75,75,75,75,75,75],"card_choices":[{"not_picked":["Defragment","Reprogram"],"picked":"Consume","floor":1},{"not_picked":["Conserve Battery","Streamline"],"picked":"Static Discharge","floor":3},{"not_picked":["Consume","Barrage","Hologram"],"picked":"SKIP","floor":4},{"not_picked":["Beam Cell","Stack"],"picked":"BootSequence","floor":5},{"not_picked":["Turbo","Go for the Eyes","Barrage"],"picked":"SKIP","floor":7},{"not_picked":["Streamline","Darkness"],"picked":"Loop","floor":10}],"player_experience":1000290,"relics_obtained":[{"floor":9,"key":"Dream Catcher"}],"event_choices":[{"damage_healed":0,"gold_gain":75,"player_choice":"Gather Gold","damage_taken":11,"max_hp_gain":0,"max_hp_loss":0,"event_name":"World of Goop","floor":8,"gold_loss":0},{"damage_healed":0,"gold_gain":0,"player_choice":"Ignored","damage_taken":0,"max_hp_gain":0,"max_hp_loss":0,"event_name":"Shining Light","floor":11,"gold_loss":0}],"is_beta":true,"boss_relics":[],"items_purged_floors":[],"is_endless":false,"potions_floor_spawned":[1,4],"killed_by":"3 Sentries","ascension_level":4}