{"gold_per_floor":[115,127,141,141,216,216,242,242,242,271,289,306,306,71,83,170,182,205,197,224,247,259],"floor_reached":22,"playtime":667,"items_purged":["Strike_B"],"score":392,"play_id":"46c09ed6-6f17-4c1e-90e7-47292b437a10","local_time":"20181123185637","is_ascension_mode":true,"campfire_choices":[{"data":"Hologram","floor":6.0,"key":"SMITH"},{"data":"Rainbow","floor":8.0,"key":"SMITH"},{"data":"Coolheaded","floor":13,"key":"SMITH"},{"data":"Dualcast","floor":15,"key":"SMITH"}],"neow_cost":"NONE","seed_source_timestamp":835452861108434,"circlet_count":0,"master_deck":["AscendersBane","Strike_B","Strike_B","Strike_B","Defend_B","Defend_B","Defend_B","Defend_B","Zap+1","Dualcast+1","Cold Snap","Hologram+1","Melter","Rainbow+1","Coolheaded+1","Echo Form","Ball Lightning"],"special_seed":0,"relics":["Cracked Core","Cables","Matryoshka","Anchor","MawBank","Runic Pyramid"],"potions_floor_usage":[20,21],"damage_taken":[{"damage":0.0,"enemies":"2 Louse","floor":1.0,"turns":3.0},{"damage":0.0,"enemies":"Small Slimes","floor":2.0,"turns":4.0},{"damage":6.0,"enemies":"Cultist","floor":3.0,"turns":3.0},{"damage":13.0,"enemies":"3 Sentries","floor":7.0,"turns":6.0},{"damage":19.0,"enemies":"Lagavulin","floor":10.0,"turns":6.0},{"damage":2,"enemies":"Exordium Wildlife","floor":11,"turns":4},{"damage":0,"enemies":"3 Louse","floor":12,"turns":4},{"damage":4,"enemies":"Hexaghost","floor":16,"turns":8},{"damage":13,"enemies":"Shell Parasite","floor":18,"turns":4},{"damage":17,"enemies":"2 Thieves","floor":20,"turns":4},{"damage":27,"enemies":"3 Cultists","floor":21,"turns":5},{"damage":9,"enemies":"Snake Plant","floor":22,"turns":1}],"seed_played":"1740803735224572242","potions_obtained":[{"floor":2.0,"key":"AttackPotion"},{"floor":10.0,"key":"GamblersBrew"},{"floor":12,"key":"GamblersBrew"},{"floor":16,"key":"PowerPotion"},{"floor":19,"key":"Weak Potion"},{"floor":20,"key":"Poison Potion"}],"is_trial":false,"path_per_floor":["M","M","M","?","?","R","E","R","T","E","M","M","R","$","R","B",null,"M","?","M","M","M"],"character_chosen":"DEFECT","items_purchased":["MawBank"],"campfire_rested":0,"item_purchase_floors":[14],"current_hp_per_floor":[71,71,65,65,54,54,41,41,41,22,20,20,20,20,20,16,63,50,50,33,6,0],"gold":259,"neow_bonus":"TEN_PERCENT_HP_BONUS","is_prod":false,"is_daily":false,"chose_seed":false,"campfire_upgraded":4,"win_rate":0,"timestamp":1543024597,"path_taken":["M","M","M","?","?","R","E","R","T","E","M","M","R","$","R","BOSS","M","?","M","M","M"],"build_version":"2018-11-15","purchased_purges":1,"victory":false,"max_hp_per_floor":[78,78,78,78,78,78,78,78,78,78,78,78,78,78,78,78,78,78,78,78,78,78],"card_choices":[{"not_picked":["Streamline","Hologram"],"picked":"Cold Snap","floor":1.0},{"not_picked":["Turbo","Leap"],"picked":"Hologram","floor":2.0},{"not_picked":["Turbo","Steam"],"picked":"Melter","floor":3.0},{"not_picked":["Aggregate","Melter"],"picked":"Rainbow","floor":7.0},{"not_picked":["Stack","Recycle"],"picked":"Coolheaded","floor":10.0},{"not_picked":["Scrape","Barrage","Buffer"],"picked":"SKIP","floor":11},{"not_picked":["Steam","Coolheaded","Compile Driver"],"picked":"SKIP","floor":12},{"not_picked":["Creative AI","Amplify"],"picked":"Echo Form","floor":16},{"not_picked":["Recycle","Hologram","Loop"],"picked":"SKIP","floor":18},{"not_picked":["Redo","Stack+1"],"picked":"Ball Lightning","floor":20},{"not_picked":["Gash+1","Stack+1","Sweeping Beam"],"picked":"SKIP","floor":21}],"player_experience":654012,"relics_obtained":[{"floor":7.0,"key":"Cables"},{"floor":9.0,"key":"Matryoshka"},{"floor":10.0,"key":"Anchor"}],"event_choices":[{"damage_healed":0.0,"max_hp_gain":0.0,"max_hp_loss":0.0,"gold_gain":0.0,"event_name":"Living Wall","player_choice":"Grow","floor":4.0,"gold_loss":0.0,"damage_taken":0.0,"cards_upgraded":["Zap"]},{"damage_healed":0.0,"max_hp_gain":0.0,"max_hp_loss":0.0,"gold_gain":75.0,"event_name":"World of Goop","player_choice":"Gather Gold","floor":5.0,"gold_loss":0.0,"damage_taken":11.0},{"damage_healed":0,"gold_gain":0,"player_choice":"Bought 1 Potion","damage_taken":0,"max_hp_gain":0,"max_hp_loss":0,"event_name":"The Woman in Blue","floor":19,"gold_loss":0}],"is_beta":false,"boss_relics":[{"not_picked":["White Beast Statue","Eternal Feather"],"picked":"Runic Pyramid"}],"items_purged_floors":[14],"is_endless":false,"potions_floor_spawned":[2,10,12,16,20],"killed_by":"Snake Plant","ascension_level":20}