{"path_per_floor":["M","M","?","?","?","R","?","M","T","M","?","M","R","E","R"],"character_chosen":"IRONCLAD","items_purchased":[],"gold_per_floor":[15,34,34,34,34,34,34,54,78,92,166,187,187,218,218],"floor_reached":16,"campfire_rested":0,"playtime":456,"current_hp_per_floor":[80,80,62,62,62,62,62,68,68,74,74,70,70,59,59],"items_purged":[],"gold":218,"score":100,"play_id":"ae755b8c-9aac-4e6e-9231-c7b19feabe7e","local_time":"20180313140807","is_prod":false,"is_daily":false,"is_ascension_mode":false,"campfire_upgraded":3,"timestamp":1520964487,"path_taken":["M","M","?","?","?","R","?","?","T","M","?","M","R","E","R","BOSS"],"build_version":"2018-03-09","purchased_purges":0,"victory":false,"master_deck":["Strike_R","Strike_R","Strike_R","Strike_R","Strike_R","Defend_R","Defend_R","Defend_R","Defend_R","Bash","Cleave+1","Fiend Fire+1","Injury","Bash","Thunderclap+1","Second Wind","Havoc","Warcry","Brutality+1","Immolate"],"max_hp_per_floor":[80,80,80,80,80,80,80,80,80,80,80,80,80,80,80],"relics":["Burning Blood","Torii","Letter Opener","Golden Idol","Bag of Marbles","Bottled Flame"],"card_choices":[{"not_picked":["Heavy Blade","Disarm"],"picked":"Cleave"},{"not_picked":["Hemokinesis","Infernal Blade"],"picked":"Fiend Fire"},{"not_picked":["Uppercut","True Grit"],"picked":"Havoc"},{"not_picked":["Wild Strike","Sword Boomerang"],"picked":"Warcry"},{"not_picked":["Havoc","Warcry"],"picked":"Brutality"},{"not_picked":["Armaments","Intimidate"],"picked":"Immolate"}],"player_experience":418304,"potions_floor_usage":[8,12],"damage_taken":[{"damage":2,"enemies":"2 Louse","floor":1,"turns":4},{"damage":1,"enemies":"Small Slimes","floor":2,"turns":4},{"damage":0,"enemies":"Cultist","floor":8,"turns":2},{"damage":0,"enemies":"2 Fungi Beasts","floor":10,"turns":2},{"damage":10,"enemies":"Looter","floor":12,"turns":2},{"damage":17,"enemies":"Lagavulin","floor":14,"turns":4},{"damage":63,"enemies":"Hexaghost","floor":16,"turns":12}],"event_choices":[{"event_name":"Scrap Ooze","player_choice":"success","floor":3,"damage_taken":18},{"event_name":"Living Wall","player_choice":"Grow","floor":4,"damage_taken":0},{"event_name":"Golden Idol","player_choice":"Take Wound","floor":5,"damage_taken":0},{"event_name":"Match and Keep!","player_choice":"3 cards matched","floor":7,"damage_taken":0},{"event_name":"Golden Wing","player_choice":"Gained Gold","floor":11,"damage_taken":0}],"boss_relics":[],"potions_floor_spawned":[2,10],"seed_played":"-5579172783750432207","killed_by":"Hexaghost","ascension_level":0,"is_trial":false}