{"gold_per_floor":[114,128,128,303,44,73,84,84,84,99,99,99,119,135,135,232,282,298,298,298,298],"floor_reached":21,"playtime":1341,"items_purged":[],"score":226,"play_id":"5bee0ef4-20e9-4aaf-96bb-6fc2c596c711","local_time":"20190408185936","is_ascension_mode":true,"campfire_choices":[{"data":"1","floor":8,"key":"LIFT"},{"data":"2","floor":12,"key":"LIFT"},{"floor":15,"key":"REST"}],"neow_cost":"CURSE","seed_source_timestamp":1836639929651600,"circlet_count":0,"master_deck":["Strike_R","Strike_R","Strike_R","Strike_R","Strike_R","Defend_R","Defend_R","Defend_R","Defend_R","Bash","Decay","Pommel Strike","Pommel Strike","Doubt","Flame Barrier+1","Inflame","Clothesline+1","Infernal Blade","Thunderclap","Dark Embrace","Uppercut","Feel No Pain"],"relics":["Burning Blood","Girya","Gremlin Horn","Paper Frog","Tiny House","Nloth\u0027s Gift"],"potions_floor_usage":[2,6,10,16,16,20],"damage_taken":[{"damage":2,"enemies":"Small Slimes","floor":1,"turns":3},{"damage":6,"enemies":"2 Louse","floor":2,"turns":3},{"damage":61,"enemies":"3 Sentries","floor":6,"turns":11},{"damage":0,"enemies":"Cultist","floor":7,"turns":4},{"damage":11,"enemies":"Red Slaver","floor":10,"turns":4},{"damage":0,"enemies":"Lots of Slimes","floor":13,"turns":2},{"damage":0,"enemies":"Gremlin Gang","floor":14,"turns":3},{"damage":43,"enemies":"Hexaghost","floor":16,"turns":9},{"damage":34,"enemies":"Shell Parasite","floor":18,"turns":6},{"damage":30,"enemies":"Spheric Guardian","floor":20,"turns":5},{"damage":38,"enemies":"Snecko","floor":21,"turns":3}],"seed_played":"4250431025881199418","potions_obtained":[{"floor":1,"key":"Strength Potion"},{"floor":2,"key":"SneckoOil"},{"floor":7,"key":"EssenceOfSteel"},{"floor":13,"key":"Block Potion"},{"floor":14,"key":"FearPotion"},{"floor":17,"key":"SmokeBomb"}],"is_trial":false,"path_per_floor":["M","M","?","?","$","E","M","R","T","M","?","R","M","M","R","B",null,"M","?","M","M"],"character_chosen":"IRONCLAD","items_purchased":["Gremlin Horn"],"campfire_rested":1,"item_purchase_floors":[5],"current_hp_per_floor":[80,80,85,85,85,30,36,36,36,31,31,31,37,43,68,31,77,49,49,25,0],"gold":298,"neow_bonus":"ONE_RARE_RELIC","is_prod":false,"is_daily":false,"chose_seed":false,"campfire_upgraded":0,"win_rate":0,"timestamp":1554764376,"path_taken":["M","M","?","?","$","E","M","R","T","M","?","R","M","?","R","BOSS","M","?","?","?"],"build_version":"2019-04-04","purchased_purges":0,"victory":false,"max_hp_per_floor":[80,80,85,85,85,85,85,85,85,85,85,85,85,85,85,85,90,90,90,90,90],"card_choices":[{"not_picked":["Corruption","True Grit"],"picked":"Pommel Strike","floor":1},{"not_picked":["Clash","Anger"],"picked":"Pommel Strike","floor":2},{"not_picked":["Rage","Barricade"],"picked":"Flame Barrier","floor":6},{"not_picked":["Armaments","Heavy Blade"],"picked":"Inflame","floor":7},{"not_picked":["True Grit","Wild Strike"],"picked":"Clothesline","floor":10},{"not_picked":["Clothesline","Cleave"],"picked":"Infernal Blade","floor":13},{"not_picked":["Flex","Ghostly Armor"],"picked":"Thunderclap","floor":14},{"not_picked":["Double Tap","Reaper"],"picked":"Dark Embrace","floor":16},{"not_picked":["Havoc","Armaments"],"picked":"Uppercut","floor":17},{"not_picked":["Clash+1","Inflame"],"picked":"Feel No Pain","floor":18}],"player_experience":777729,"relics_obtained":[{"floor":6,"key":"Ornamental Fan"},{"floor":9,"key":"Paper Frog"}],"event_choices":[{"damage_healed":0,"gold_gain":0,"player_choice":"Donut","damage_taken":0,"max_hp_gain":5,"max_hp_loss":0,"event_name":"Big Fish","floor":3,"gold_loss":0},{"damage_healed":0,"gold_gain":175,"player_choice":"AGREE","damage_taken":0,"max_hp_gain":0,"max_hp_loss":0,"event_name":"Liars Game","floor":4,"gold_loss":0,"cards_obtained":["Doubt"]},{"damage_healed":0,"gold_gain":0,"player_choice":"Upgraded","damage_taken":0,"max_hp_gain":0,"max_hp_loss":0,"event_name":"Upgrade Shrine","floor":11,"gold_loss":0,"cards_upgraded":["Flame Barrier"]},{"damage_healed":0,"gold_gain":0,"player_choice":"Traded Relic","damage_taken":0,"relics_obtained":["Nloth\u0027s Gift"],"max_hp_gain":0,"max_hp_loss":0,"event_name":"N\u0027loth","floor":19,"relics_lost":["Ornamental Fan"],"gold_loss":0}],"is_beta":true,"boss_relics":[{"not_picked":["Lizard Tail","Eternal Feather"],"picked":"Tiny House"}],"items_purged_floors":[],"is_endless":false,"potions_floor_spawned":[1,2,7,13,14,20],"killed_by":"Snecko","ascension_level":5}