{"gold_per_floor":[117,117,117,130,147,147,178,188,266,266,17,17,28,63,63,164,164,175,252,252,252,267,292,292,319,342,342,377,377,403,40,40,140,140,157,157,171,271,286,286,297,297,324,357,8,8,57,81,81,81,81,81,6,33,33],"floor_reached":56,"playtime":6956,"items_purged":["Parasite"],"score":1353,"play_id":"21ff6b9d-fb31-4b58-8458-a0619b11e403","local_time":"20190621225723","is_ascension_mode":true,"campfire_choices":[{"data":"Dual Wield","floor":6,"key":"SMITH"},{"data":"Limit Break","floor":10,"key":"SMITH"},{"data":"Flex","floor":12,"key":"SMITH"},{"data":"Swift Strike","floor":15,"key":"SMITH"},{"floor":24,"key":"REST"},{"data":"Double Tap","floor":27,"key":"SMITH"},{"floor":29,"key":"REST"},{"data":"Havoc","floor":32,"key":"SMITH"},{"floor":40,"key":"REST"},{"floor":42,"key":"RECALL"},{"data":"1","floor":49,"key":"LIFT"},{"data":"2","floor":52,"key":"LIFT"}],"neow_cost":"NONE","seed_source_timestamp":79067971517204,"circlet_count":0,"master_deck":["Bash+1","Iron Wave","Inflame","Dropkick","Swift Strike+1","Reckless Charge","Dual Wield+1","Limit Break+1","Ghostly Armor","Flex+1","Sword Boomerang+1","Impervious","Brutality","Second Wind","Fiend Fire","Brutality","Double Tap+1","Dual Wield","Demon Form","Havoc+1","Cleave","Dropkick+1","Feel No Pain","Thunderclap+1","Exhume","Sentinel","Reckless Charge+1","Discovery","Offering","Seeing Red+1","Flash of Steel+1","Panache","Panacea","Warcry+1","Disarm+1","True Grit+1","Disarm+1","Metallicize","Offering","Iron Wave+1","Headbutt+1"],"relics":["Burning Blood","Question Card","Tiny Chest","HandDrill","War Paint","Pandora\u0027s Box","Molten Egg 2","Shuriken","Enchiridion","Lantern","Whetstone","Matryoshka","Sundial","Mummified Hand","Sozu","Nunchaku","Pear","Strawberry","Prayer Wheel","OrangePellets","Girya","Anchor","Vajra","Bag of Marbles"],"potions_floor_usage":[14,16,23,33,47],"damage_taken":[{"damage":7,"enemies":"Small Slimes","floor":1,"turns":4},{"damage":1,"enemies":"Cultist","floor":4,"turns":3},{"damage":4,"enemies":"Jaw Worm","floor":5,"turns":3},{"damage":18,"enemies":"Gremlin Nob","floor":7,"turns":4},{"damage":3,"enemies":"3 Louse","floor":8,"turns":3},{"damage":0,"enemies":"Exordium Thugs","floor":13,"turns":4},{"damage":7,"enemies":"Lagavulin","floor":14,"turns":3},{"damage":28,"enemies":"The Guardian","floor":16,"turns":5},{"damage":9,"enemies":"Chosen","floor":18,"turns":3},{"damage":13,"enemies":"3 Byrds","floor":22,"turns":5},{"damage":51,"enemies":"Slavers","floor":23,"turns":6},{"damage":20,"enemies":"Book of Stabbing","floor":28,"turns":4},{"damage":7,"enemies":"Gremlin Leader","floor":30,"turns":5},{"damage":26,"enemies":"Automaton","floor":33,"turns":5},{"damage":12,"enemies":"Orb Walker","floor":35,"turns":3},{"damage":28,"enemies":"3 Shapes","floor":37,"turns":5},{"damage":10,"enemies":"Mind Bloom Boss Battle","floor":38,"turns":2},{"damage":30,"enemies":"Writhing Mass","floor":39,"turns":4},{"damage":2,"enemies":"Maw","floor":41,"turns":6},{"damage":65,"enemies":"Nemesis","floor":44,"turns":7},{"damage":45,"enemies":"2 Orb Walkers","floor":47,"turns":3},{"damage":43,"enemies":"Donu and Deca","floor":50,"turns":4},{"damage":12,"enemies":"Shield and Spear","floor":54,"turns":4},{"damage":47,"enemies":"The Heart","floor":55,"turns":4}],"seed_played":"56067912668096682","potions_obtained":[{"floor":7,"key":"Fire Potion"},{"floor":8,"key":"Fire Potion"},{"floor":13,"key":"AttackPotion"},{"floor":14,"key":"AttackPotion"},{"floor":18,"key":"AttackPotion"},{"floor":28,"key":"Energy Potion"}],"is_trial":false,"path_per_floor":["M","?","?","M","M","R","E","M","T","R","$","R","M","E","R","B",null,"M","T","T","?","M","E","R","T","T","R","E","R","E","$","R","B",null,"M","?","M","?","M","R","M","R","T","E","$","?","?","T","R","B",null,"R","$","E","B",null],"character_chosen":"IRONCLAD","items_purchased":["HandDrill","Flex","Reckless Charge+1","Mummified Hand","Discovery","OrangePellets","Offering"],"campfire_rested":3,"item_purchase_floors":[11,11,31,31,31,45,45],"current_hp_per_floor":[87,87,87,88,88,88,76,79,79,79,79,79,85,84,84,62,88,85,85,85,69,62,17,43,43,43,43,29,55,54,54,54,34,88,82,72,50,46,22,48,52,52,69,10,10,92,53,53,53,16,92,92,89,83,42],"gold":33,"neow_bonus":"TEN_PERCENT_HP_BONUS","is_prod":false,"is_daily":false,"chose_seed":false,"campfire_upgraded":6,"win_rate":0,"timestamp":1561172243,"path_taken":["M","?","?","?","M","R","E","M","T","R","?","R","M","E","R","BOSS","M","?","?","?","?","E","R","?","T","R","E","R","E","$","R","BOSS","M","?","M","?","M","R","M","R","T","E","$","?","?","?","R","BOSS","R","$","E","BOSS"],"build_version":"2019-01-23","purchased_purges":1,"victory":true,"max_hp_per_floor":[88,88,88,88,88,88,88,88,88,88,88,88,88,88,88,88,88,88,88,88,88,88,88,88,88,88,88,88,88,88,88,88,88,88,88,88,88,88,88,88,88,88,105,105,105,92,92,92,92,92,92,92,89,89,89],"card_choices":[{"not_picked":["Wild Strike","Clash"],"picked":"Iron Wave","floor":1},{"not_picked":["Wild Strike","True Grit"],"picked":"Reckless Charge","floor":4},{"not_picked":["Warcry","Twin Strike"],"picked":"Dual Wield","floor":5},{"not_picked":["Rupture","Shrug It Off"],"picked":"Limit Break","floor":7},{"not_picked":["Pommel Strike","Perfected Strike","Heavy Blade"],"picked":"Ghostly Armor","floor":8},{"not_picked":["True Grit","Cleave","Body Slam"],"picked":"Sword Boomerang","floor":13},{"not_picked":["Warcry","Body Slam","Headbutt"],"picked":"Impervious","floor":14},{"not_picked":["Berserk","Barricade","Dark Embrace"],"picked":"Brutality","floor":16},{"not_picked":["Pommel Strike+1","Carnage+1","Second Wind+1"],"picked":"Dropkick+1","floor":18},{"not_picked":["Reckless Charge+1","Dual Wield","Searing Blow+1"],"picked":"Feel No Pain","floor":22},{"not_picked":["Dual Wield+1","Shrug It Off","Flex"],"picked":"Thunderclap+1","floor":23},{"not_picked":["Warcry","Armaments","Clothesline+1"],"picked":"Exhume","floor":28},{"not_picked":["Shrug It Off","Barricade","Anger+1"],"picked":"Sentinel","floor":30},{"not_picked":["Double Tap","Berserk","Demon Form"],"picked":"Offering","floor":33},{"not_picked":["Thunderclap+1","Searing Blow+1","Flex"],"picked":"Seeing Red+1","floor":35},{"not_picked":["Purity","Jack Of All Trades","Enlightenment"],"picked":"Flash of Steel+1","floor":36},{"not_picked":["Madness","Bandage Up","Chrysalis"],"picked":"Panache","floor":36},{"not_picked":["Discovery","Good Instincts","Purity"],"picked":"Panacea","floor":36},{"not_picked":["Sword Boomerang+1","Searing Blow+1","Clash+1"],"picked":"Warcry+1","floor":37},{"not_picked":["Rupture+1","Shrug It Off+1","Pommel Strike+1"],"picked":"Disarm+1","floor":38},{"not_picked":["Perfected Strike+1","Iron Wave+1","Shockwave+1"],"picked":"True Grit+1","floor":39},{"not_picked":["Immolate+1","Rampage+1","Flame Barrier+1"],"picked":"Disarm+1","floor":41},{"not_picked":["Searing Blow+1","Sword Boomerang+1","Carnage+1"],"picked":"Metallicize","floor":44},{"not_picked":["Flex+1","Spot Weakness","Blood for Blood+1"],"picked":"Iron Wave+1","floor":47},{"not_picked":["Juggernaut","Flame Barrier","Thunderclap+1"],"picked":"Headbutt+1","floor":54}],"player_experience":75457,"relics_obtained":[{"floor":7,"key":"Question Card"},{"floor":9,"key":"Tiny Chest"},{"floor":14,"key":"War Paint"},{"floor":19,"key":"Molten Egg 2"},{"floor":20,"key":"Shuriken"},{"floor":21,"key":"Enchiridion"},{"floor":23,"key":"Lantern"},{"floor":26,"key":"Whetstone"},{"floor":28,"key":"Matryoshka"},{"floor":30,"key":"Sundial"},{"floor":38,"key":"Nunchaku"},{"floor":43,"key":"Pear"},{"floor":43,"key":"Strawberry"},{"floor":44,"key":"Prayer Wheel"},{"floor":47,"key":"Girya"},{"floor":48,"key":"Anchor"},{"floor":48,"key":"Vajra"},{"floor":54,"key":"Bag of Marbles"}],"event_choices":[{"damage_healed":0,"gold_gain":0,"cards_transformed":["Strike_R"],"player_choice":"Change","damage_taken":0,"max_hp_gain":0,"max_hp_loss":0,"event_name":"Living Wall","floor":2,"gold_loss":0,"cards_obtained":["Inflame"]},{"damage_healed":0,"gold_gain":0,"player_choice":"2 cards matched","damage_taken":0,"max_hp_gain":0,"max_hp_loss":0,"event_name":"Match and Keep!","floor":3,"gold_loss":0,"cards_obtained":["Dropkick","Swift Strike"]},{"damage_healed":0,"gold_gain":0,"player_choice":"2 cards matched","damage_taken":0,"max_hp_gain":0,"max_hp_loss":0,"event_name":"Match and Keep!","floor":3,"gold_loss":0,"cards_obtained":["Dropkick","Swift Strike"]},{"damage_healed":0,"gold_gain":0,"player_choice":"Obtained Book","damage_taken":16,"max_hp_gain":0,"max_hp_loss":0,"event_name":"Cursed Tome","floor":21,"gold_loss":0},{"damage_healed":0,"gold_gain":0,"player_choice":"Memory 3","damage_taken":10,"max_hp_gain":0,"max_hp_loss":0,"event_name":"SensoryStone","floor":36,"gold_loss":0},{"damage_healed":0,"gold_gain":0,"player_choice":"Fight","damage_taken":0,"max_hp_gain":0,"max_hp_loss":0,"event_name":"MindBloom","floor":38,"gold_loss":0},{"damage_healed":92,"gold_gain":0,"player_choice":"Heal","damage_taken":0,"max_hp_gain":0,"max_hp_loss":13,"event_name":"The Moai Head","floor":46,"gold_loss":0},{"damage_healed":0,"gold_gain":0,"player_choice":"Fight","damage_taken":0,"max_hp_gain":0,"max_hp_loss":0,"event_name":"Mysterious Sphere","floor":47,"gold_loss":0}],"is_beta":false,"boss_relics":[{"not_picked":["Snecko Eye","Empty Cage"],"picked":"Pandora\u0027s Box"},{"not_picked":["Astrolabe","Orrery"],"picked":"Sozu"}],"items_purged_floors":[53],"is_endless":false,"potions_floor_spawned":[7,8,13,14,18,28,35,38,47,54],"ascension_level":3}