{"gold_per_floor":[117,117,20,40,57,57,122,122,147,180,7,27,38,38,38,134,134,145,145,158,10,10],"floor_reached":22,"playtime":983,"items_purged":[],"score":213,"play_id":"67a6452a-5064-4361-bc25-2bc53d5663de","local_time":"20180829075709","is_ascension_mode":true,"campfire_choices":[{"floor":6,"key":"REST"},{"floor":15,"key":"REST"}],"neow_cost":"PERCENT_DAMAGE","seed_source_timestamp":148724175028879,"circlet_count":0,"master_deck":["Zap","Dualcast","Machine Learning","Static Discharge","Rebound","Darkness","All For One+1","Melter","Gash","Glacier","Melter","Defragment","Leap","Parasite","Electrodynamics","Beam Cell","Leap","Coolheaded","Consume","Consume","Coolheaded","Aggregate","Redo","Gash+1","Self Repair","Double Energy"],"relics":["Cracked Core","Unceasing Top","Tiny Chest","Darkstone Periapt","Whetstone","Bag of Marbles","Pandora\u0027s Box","MutagenicStrength"],"potions_floor_usage":[12,16,22],"damage_taken":[{"damage":3,"enemies":"Jaw Worm","floor":1,"turns":5},{"damage":1,"enemies":"Cultist","floor":4,"turns":3},{"damage":20,"enemies":"Small Slimes","floor":5,"turns":3},{"damage":26,"enemies":"Lagavulin","floor":7,"turns":6},{"damage":25,"enemies":"Gremlin Nob","floor":10,"turns":4},{"damage":14,"enemies":"Red Slaver","floor":12,"turns":2},{"damage":1,"enemies":"Exordium Thugs","floor":13,"turns":3},{"damage":50,"enemies":"The Guardian","floor":16,"turns":13},{"damage":44,"enemies":"Chosen","floor":18,"turns":7},{"damage":23,"enemies":"3 Byrds","floor":20,"turns":4},{"damage":22,"enemies":"Centurion and Healer","floor":22,"turns":2}],"seed_played":"2580988997857169770","potions_obtained":[{"floor":7,"key":"Swift Potion"},{"floor":10,"key":"FairyPotion"},{"floor":13,"key":"Strength Potion"},{"floor":20,"key":"SkillPotion"}],"is_trial":false,"path_per_floor":["M","?","?","M","M","R","E","T","T","E","$","M","M","?","R","B",null,"M","?","M","$"],"character_chosen":"DEFECT","items_purchased":["Gash","Glacier","Melter","Self Repair","Double Energy"],"campfire_rested":2,"item_purchase_floors":[11,11,11,21,21],"current_hp_per_floor":[51,51,51,50,30,52,26,26,26,1,1,7,6,30,54,4,81,37,37,14,14,0],"gold":10,"neow_bonus":"THREE_RARE_CARDS","is_prod":false,"is_daily":false,"chose_seed":false,"campfire_upgraded":0,"win_rate":0,"timestamp":1535543829,"path_taken":["M","?","?","M","M","R","E","?","T","E","$","M","M","?","R","BOSS","M","?","M","$","M"],"build_version":"2018-08-28","purchased_purges":0,"victory":false,"max_hp_per_floor":[75,75,75,75,75,75,75,75,75,75,75,75,75,81,81,81,81,81,81,81,81,81],"card_choices":[{"not_picked":["Hyperbeam","Amplify"],"picked":"Machine Learning","floor":0},{"not_picked":["Sweeping Beam","Streamline"],"picked":"Static Discharge","floor":1},{"not_picked":["Stack","Go for the Eyes"],"picked":"Rebound","floor":4},{"not_picked":["Aggregate","Compile Driver"],"picked":"Darkness","floor":5},{"not_picked":["Scrape","Coolheaded"],"picked":"All For One","floor":7},{"not_picked":["Chill","Static Discharge"],"picked":"Melter","floor":10},{"not_picked":["Hologram","Stack"],"picked":"Defragment","floor":12},{"not_picked":["Ball Lightning","Genetic Algorithm"],"picked":"Leap","floor":13},{"not_picked":["All For One","Fission"],"picked":"Electrodynamics","floor":16},{"not_picked":["Recycle","Steam"],"picked":"Redo","floor":18},{"not_picked":["Barrage+1","Chaos"],"picked":"Gash+1","floor":20}],"player_experience":536116,"relics_obtained":[{"floor":7,"key":"Tiny Chest"},{"floor":8,"key":"Darkstone Periapt"},{"floor":9,"key":"Whetstone"},{"floor":10,"key":"Bag of Marbles"}],"event_choices":[{"event_name":"Purifier","player_choice":"One Purge","floor":2,"damage_taken":0},{"event_name":"WeMeetAgain","player_choice":"Gold","floor":3,"damage_taken":0},{"event_name":"Mushrooms","player_choice":"Healed and dodged fight","floor":14,"damage_taken":0},{"event_name":"Drug Dealer","player_choice":"Inject Mutagens","floor":19,"damage_taken":0}],"is_beta":true,"boss_relics":[{"not_picked":["Philosopher\u0027s Stone","Runic Pyramid"],"picked":"Pandora\u0027s Box"}],"items_purged_floors":[],"is_endless":false,"potions_floor_spawned":[7,10,13,20],"killed_by":"Centurion and Healer","ascension_level":2}