{"gold_per_floor":[113,133,133,133,133,133,150,169,169,169,199,52,52,72,72,72],"floor_reached":16,"playtime":597,"items_purged":[],"score":115,"play_id":"3b266aa7-0a52-4043-bedf-dc6fb20074cd","local_time":"20180703025235","is_ascension_mode":true,"campfire_choices":[{"data":"Searing Blow+1","floor":6,"key":"SMITH"},{"data":"Searing Blow+2","floor":10,"key":"SMITH"},{"data":"Searing Blow+3","floor":13,"key":"SMITH"},{"floor":15,"key":"REST"}],"neow_cost":"NONE","seed_source_timestamp":97502212166071,"circlet_count":0,"master_deck":["Strike_R","Strike_R","Strike_R","Strike_R","Defend_R","Defend_R","Defend_R","Defend_R","Bash","Searing Blow+4","True Grit","Ghostly Armor","Dual Wield","Exhume","Seeing Red"],"relics":["Burning Blood","Toolbox","Smiling Mask","Singing Bowl"],"potions_floor_usage":[8,11],"damage_taken":[{"damage":9,"enemies":"Jaw Worm","floor":1,"turns":4},{"damage":1,"enemies":"Cultist","floor":2,"turns":3},{"damage":1,"enemies":"2 Louse","floor":7,"turns":2},{"damage":42,"enemies":"Exordium Thugs","floor":8,"turns":8},{"damage":23,"enemies":"Lagavulin","floor":11,"turns":5},{"damage":28,"enemies":"Lots of Slimes","floor":14,"turns":7},{"damage":58,"enemies":"Slime Boss","floor":16,"turns":8}],"seed_played":"5627974312679769673","potions_obtained":[{"floor":1,"key":"PowerPotion"},{"floor":8,"key":"Regen Potion"},{"floor":11,"key":"LiquidBronze"}],"is_trial":false,"path_per_floor":["M","M","$","?","?","R","M","M","T","R","E","$","R","M","R"],"character_chosen":"IRONCLAD","items_purchased":["Singing Bowl"],"campfire_rested":1,"item_purchase_floors":[12],"current_hp_per_floor":[77,80,80,90,90,90,90,54,54,54,46,46,46,24,51,0],"gold":72,"neow_bonus":"TRANSFORM_CARD","is_prod":false,"is_daily":false,"chose_seed":false,"campfire_upgraded":3,"win_rate":0,"timestamp":1530600755,"path_taken":["M","M","$","?","?","R","M","?","T","R","E","?","R","M","R","BOSS"],"build_version":"2018-06-29","purchased_purges":0,"victory":false,"max_hp_per_floor":[80,80,80,90,90,90,90,90,90,90,90,90,90,90,90,90],"card_choices":[{"not_picked":["Wild Strike","Iron Wave"],"picked":"Searing Blow","floor":1},{"not_picked":["Body Slam","Clothesline"],"picked":"True Grit","floor":2},{"not_picked":["Perfected Strike","Flex"],"picked":"Ghostly Armor","floor":7},{"not_picked":["Clothesline","Cleave"],"picked":"Dual Wield","floor":8},{"not_picked":["Hemokinesis","Fire Breathing"],"picked":"Exhume","floor":11},{"not_picked":["Evolve","Clash"],"picked":"Seeing Red","floor":14}],"player_experience":374953,"relics_obtained":[{"floor":9,"key":"Toolbox"},{"floor":11,"key":"Smiling Mask"}],"event_choices":[{"event_name":"Bonfire Elementals","player_choice":"RARE","floor":4,"damage_taken":0},{"event_name":"Upgrade Shrine","player_choice":"Upgraded","floor":5,"damage_taken":0}],"boss_relics":[],"items_purged_floors":[],"is_endless":false,"potions_floor_spawned":[1,8,11],"killed_by":"Slime Boss","ascension_level":3}