{"gold_per_floor":[115,5,18,18,30,30,58,58,58,73,73,100,100,125,125,225,225,242,242,141,152,182,182,182,182,182,182,25,45,64,91,91,91],"floor_reached":33,"playtime":2043,"items_purged":["Strike_B"],"score":323,"play_id":"6318d983-a706-44af-9d20-bc007c7e3299","local_time":"20190701183159","is_ascension_mode":true,"campfire_choices":[{"data":"Zap","floor":6.0,"key":"SMITH"},{"data":"Self Repair","floor":8.0,"key":"SMITH"},{"data":"Seek","floor":11.0,"key":"SMITH"},{"data":"Melter","floor":13.0,"key":"SMITH"},{"floor":15.0,"key":"REST"},{"data":"Buffer","floor":23,"key":"SMITH"},{"data":"Coolheaded","floor":25,"key":"SMITH"},{"floor":27,"key":"REST"},{"data":"Beam Cell","floor":32,"key":"SMITH"}],"neow_cost":"NONE","seed_source_timestamp":6630911997923559,"circlet_count":0,"master_deck":["Strike_B","Strike_B","Strike_B","Defend_B","Defend_B","Defend_B","Defend_B","Zap+1","Dualcast","Ball Lightning","Melter+1","Self Repair+1","Conserve Battery","BootSequence","Seek+1","Cold Snap","Compile Driver","Glacier","Buffer+1","Coolheaded+1","Beam Cell+1","Stack","Sweeping Beam"],"special_seed":0,"relics":["Cracked Core","Dream Catcher","Pantograph","Darkstone Periapt","Shuriken","Regal Pillow","Busted Crown","Red Mask","MutagenicStrength","Blue Candle","Happy Flower","Omamori"],"potions_floor_usage":[33],"damage_taken":[{"damage":6.0,"enemies":"Jaw Worm","floor":1.0,"turns":4.0},{"damage":1.0,"enemies":"2 Louse","floor":3.0,"turns":2.0},{"damage":0.0,"enemies":"Small Slimes","floor":5.0,"turns":3.0},{"damage":13.0,"enemies":"Gremlin Nob","floor":7.0,"turns":3.0},{"damage":5.0,"enemies":"3 Louse","floor":10.0,"turns":3.0},{"damage":16.0,"enemies":"3 Sentries","floor":12.0,"turns":6.0},{"damage":12.0,"enemies":"Lagavulin","floor":14.0,"turns":6.0},{"damage":16.0,"enemies":"Slime Boss","floor":16.0,"turns":6.0},{"damage":0.0,"enemies":"Chosen","floor":18.0,"turns":5.0},{"damage":3.0,"enemies":"3 Byrds","floor":21.0,"turns":6.0},{"damage":14,"enemies":"Masked Bandits","floor":22,"turns":5},{"damage":0,"enemies":"Snecko","floor":29,"turns":5},{"damage":0,"enemies":"3 Cultists","floor":30,"turns":7},{"damage":14,"enemies":"Slavers","floor":31,"turns":4},{"damage":76,"enemies":"Collector","floor":33,"turns":9}],"seed_played":"-5263401006287471636","potions_obtained":[{"floor":1.0,"key":"Fire Potion"},{"floor":7.0,"key":"Swift Potion"},{"floor":10.0,"key":"LiquidBronze"},{"floor":16.0,"key":"LiquidBronze"}],"is_trial":false,"path_per_floor":["M","$","M","?","M","R","E","R","T","M","R","E","R","E","R","B",null,"M","?","$","M","?","R","?","R","T","R","$","M","M","E","R","B"],"character_chosen":"DEFECT","items_purchased":["Melter","Self Repair","Coolheaded","Happy Flower"],"campfire_rested":2,"item_purchase_floors":[2,2,20,28],"current_hp_per_floor":[69,69,68,68,75,75,69,69,69,64,64,58,58,46,75,59,75,75,75,75,72,68,68,68,68,68,75,75,75,75,71,71,0],"gold":91,"neow_bonus":"RANDOM_COMMON_RELIC","is_prod":false,"is_daily":false,"chose_seed":false,"campfire_upgraded":7,"win_rate":0,"timestamp":1562023919,"path_taken":["M","$","M","?","M","R","E","R","T","M","R","E","R","E","R","BOSS","M","?","$","M","?","R","?","R","T","R","$","?","M","E","R","BOSS"],"build_version":"2019-07-01","purchased_purges":1,"victory":false,"max_hp_per_floor":[75,75,75,75,75,75,75,75,75,75,75,75,75,75,75,75,75,75,75,75,75,75,75,75,75,75,75,75,75,75,75,75,75],"card_choices":[{"not_picked":["Heatsinks","Coolheaded"],"picked":"Ball Lightning","floor":1.0},{"not_picked":["Self Repair","Compile Driver"],"picked":"Conserve Battery","floor":3.0},{"not_picked":["Steam Power","Lockon","Redo"],"picked":"SKIP","floor":5.0},{"not_picked":["Chill","Recycle"],"picked":"BootSequence","floor":7.0},{"not_picked":["Sweeping Beam","Turbo"],"picked":"Seek","floor":10.0},{"not_picked":["Coolheaded","Genetic Algorithm"],"picked":"Cold Snap","floor":12.0},{"not_picked":["Turbo","Lockon"],"picked":"Compile Driver","floor":14.0},{"not_picked":["Heatsinks","Turbo"],"picked":"Glacier","floor":15.0},{"not_picked":["Machine Learning","Thunder Strike"],"picked":"Buffer","floor":16.0},{"not_picked":["Turbo"],"picked":"SKIP","floor":18.0},{"not_picked":["Beam Cell"],"picked":"SKIP","floor":21.0},{"not_picked":[],"picked":"Beam Cell","floor":22},{"not_picked":[],"picked":"Stack","floor":27},{"not_picked":[],"picked":"Sweeping Beam","floor":29},{"not_picked":["Compile Driver"],"picked":"SKIP","floor":30},{"not_picked":["Gash"],"picked":"SKIP","floor":31}],"player_experience":219312,"relics_obtained":[{"floor":7.0,"key":"Pantograph"},{"floor":9.0,"key":"Darkstone Periapt"},{"floor":12.0,"key":"Shuriken"},{"floor":14.0,"key":"Regal Pillow"},{"floor":22,"key":"Red Mask"},{"floor":26,"key":"Blue Candle"},{"floor":31,"key":"Omamori"}],"event_choices":[{"damage_healed":0.0,"max_hp_gain":0.0,"max_hp_loss":0.0,"gold_gain":0.0,"event_name":"Liars Game","player_choice":"Ignored","floor":4.0,"gold_loss":0.0,"damage_taken":0.0},{"damage_healed":0.0,"max_hp_gain":0.0,"max_hp_loss":0.0,"gold_gain":0.0,"event_name":"Cursed Tome","player_choice":"Ignored","floor":19.0,"gold_loss":0.0,"damage_taken":0.0},{"damage_healed":0,"gold_gain":0,"player_choice":"Fought Bandits","damage_taken":0,"max_hp_gain":0,"max_hp_loss":0,"event_name":"Masked Bandits","floor":22,"gold_loss":0},{"damage_healed":0,"gold_gain":0,"player_choice":"Inject Mutagens","damage_taken":0,"relics_obtained":["MutagenicStrength"],"max_hp_gain":0,"max_hp_loss":0,"event_name":"Drug Dealer","floor":24,"gold_loss":0}],"is_beta":false,"boss_relics":[{"not_picked":["Coffee Dripper","Orrery"],"picked":"Busted Crown"}],"items_purged_floors":[20],"is_endless":false,"potions_floor_spawned":[1,7,10,16,21,22,30],"killed_by":"Collector","ascension_level":3}