{"path_per_floor":["M","M","?","T","M","R","M","?","T","M","?","M","M","T","R"],"character_chosen":"DEFECT","items_purchased":[],"gold_per_floor":[115,125,155,155,169,169,184,184,229,240,295,310,326,326,326,326],"floor_reached":16,"campfire_rested":1,"playtime":928,"current_hp_per_floor":[75,69,66,66,65,65,63,48,48,48,20,19,19,19,41,0],"items_purged":[],"gold":326,"score":144,"play_id":"4fd499eb-0ee6-4722-b3e7-058b68f299eb","local_time":"20180507180317","is_prod":false,"is_daily":false,"chose_seed":false,"is_ascension_mode":false,"campfire_upgraded":1,"timestamp":1525730597,"path_taken":["M","M","?","?","?","R","M","?","T","?","?","M","?","?","R","BOSS"],"build_version":"2018-05-03","seed_source_timestamp":1900925630492073,"purchased_purges":0,"victory":false,"master_deck":["Strike_B","Strike_B","Strike_B","Strike_B","Defend_B","Defend_B+1","Defend_B","Defend_B","Zap+1","Dualcast","Blizzard","Chaos+1","Coolheaded","Genetic Algorithm","Conserve Battery","Streamline"],"max_hp_per_floor":[75,75,75,75,75,75,75,75,75,75,75,75,75,75,75,75],"relics":["Nuclear Battery","Tiny Chest","Anchor","Pen Nib","Ornamental Fan","Du-Vu Doll"],"card_choices":[{"not_picked":["Stack","Sweeping Beam"],"picked":"Blizzard","floor":1},{"not_picked":["Force Field","Loop"],"picked":"Chaos","floor":5},{"not_picked":["Reinforced Body","Hello World"],"picked":"Coolheaded","floor":7},{"not_picked":["Beam Cell","FTL"],"picked":"Genetic Algorithm","floor":11},{"not_picked":["Auto Shields","Force Field"],"picked":"Conserve Battery","floor":12},{"not_picked":["Aggregate","Chaos"],"picked":"Streamline","floor":13}],"player_experience":175598,"potions_floor_usage":[5,10,16],"damage_taken":[{"damage":0,"enemies":"2 Louse","floor":1,"turns":3},{"damage":6,"enemies":"Jaw Worm","floor":2,"turns":5},{"damage":1,"enemies":"Cultist","floor":5,"turns":4},{"damage":2,"enemies":"Blue Slaver","floor":7,"turns":5},{"damage":0,"enemies":"2 Fungi Beasts","floor":10,"turns":3},{"damage":28,"enemies":"Gremlin Nob","floor":11,"turns":4},{"damage":1,"enemies":"Gremlin Gang","floor":12,"turns":4},{"damage":0,"enemies":"3 Louse","floor":13,"turns":3}],"event_choices":[{"event_name":"Scrap Ooze","player_choice":"success","floor":3,"damage_taken":3},{"event_name":"Shining Light","player_choice":"Entered Light","floor":8,"damage_taken":0},{"event_name":"Dead Adventurer","player_choice":"Searched \u00272\u0027 times","floor":11,"damage_taken":0}],"boss_relics":[],"potions_floor_spawned":[2,7,11],"seed_played":"6070334749127494318","killed_by":"Hexaghost","ascension_level":0,"is_trial":false}