{"path_per_floor":["M","$","?","M","?","E","R","E","T","E","R","?","M","$","R","B",null,"M","?","?","?","M","R","M","R","T","$","M","M","M","?","R","B",null,"M","M","$","M","M","R"],"character_chosen":"IRONCLAD","items_purchased":["Shrug It Off","Thunderclap","Gremlin Horn","Lantern","Limit Break","Inflame"],"gold_per_floor":[118,39,39,56,56,99,99,135,135,179,179,255,268,18,18,142,142,155,125,125,125,139,139,157,157,157,11,36,57,77,77,77,201,201,224,247,24,43,57,57],"floor_reached":41,"campfire_rested":5,"playtime":3205,"current_hp_per_floor":[80,80,80,82,76,86,86,30,30,16,42,44,50,50,77,57,90,78,78,62,62,62,90,95,95,95,95,91,73,72,72,100,38,100,55,61,61,30,13,54],"items_purged":[],"gold":57,"score":461,"play_id":"4ce848ef-2c9c-4e71-a7d2-9cc05c6b3fe0","local_time":"20180310101140","is_prod":false,"is_daily":false,"is_ascension_mode":false,"campfire_upgraded":2,"timestamp":1520694700,"path_taken":["M","$","?","M","?","E","R","E","T","E","R","?","M","$","R","BOSS","M","?","?","?","M","R","M","R","T","?","M","M","M","?","R","BOSS","M","M","$","M","M","R","E"],"build_version":"2018-03-09","purchased_purges":0,"victory":false,"master_deck":["Bash","Armaments","Shrug It Off","Thunderclap","Normality","Infernal Blade+1","Impervious","Spot Weakness","Bludgeon+1","Rage","Warcry","Wild Strike","Body Slam","Armaments","Sword Boomerang","Anger","Clash","Anger","Inflame","Demon Form","Double Tap","Body Slam+1","Limit Break","Inflame","Armaments+1"],"max_hp_per_floor":[80,80,80,82,76,86,86,88,88,88,88,90,90,90,90,90,90,92,92,92,92,94,94,96,96,96,96,98,100,100,100,100,100,100,102,102,102,102,104,104],"relics":["Burning Blood","NeowsBlessing","Singing Bowl","Golden Idol","Pear","Toolbox","Sundial","Ginger","Paper Frog","Gremlin Horn","Pandora\u0027s Box","Enchiridion","Pen Nib","Torii","Lantern","Eternal Feather"],"card_choices":[{"not_picked":["Pummel","Sword Boomerang"],"picked":"Armaments"},{"not_picked":["Intimidate","Armaments"],"picked":"Infernal Blade"},{"not_picked":["Disarm","Cleave"],"picked":"Impervious"},{"not_picked":["Fire Breathing","Clash"],"picked":"Spot Weakness"},{"not_picked":["Impervious","Offering"],"picked":"Bludgeon"},{"not_picked":["Bloodletting","Feel No Pain"],"picked":"Inflame"},{"not_picked":["Juggernaut","Exhume"],"picked":"Double Tap"},{"not_picked":["Fire Breathing","Havoc"],"picked":"Body Slam"},{"not_picked":["True Grit","Clothesline"],"picked":"Armaments"}],"player_experience":387634,"potions_floor_usage":[8,18,22,24,24,33,35,38,41],"damage_taken":[{"damage":0,"enemies":"Small Slimes","floor":1,"turns":1},{"damage":0,"enemies":"Cultist","floor":4,"turns":1},{"damage":0,"enemies":"3 Sentries","floor":6,"turns":2},{"damage":64,"enemies":"Lagavulin","floor":8,"turns":13},{"damage":20,"enemies":"Gremlin Nob","floor":10,"turns":4},{"damage":6,"enemies":"3 Sentries","floor":12,"turns":10},{"damage":0,"enemies":"Jaw Worm","floor":13,"turns":4},{"damage":26,"enemies":"Slime Boss","floor":16,"turns":8},{"damage":20,"enemies":"Spheric Guardian","floor":18,"turns":6},{"damage":8,"enemies":"2 Thieves","floor":22,"turns":4},{"damage":3,"enemies":"Chosen and Byrds","floor":24,"turns":5},{"damage":12,"enemies":"3 Cultists","floor":28,"turns":4},{"damage":26,"enemies":"Cultist and Chosen","floor":29,"turns":5},{"damage":7,"enemies":"Slaver and Parasite","floor":30,"turns":3},{"damage":68,"enemies":"Collector","floor":33,"turns":8},{"damage":61,"enemies":"3 Shapes","floor":35,"turns":5},{"damage":0,"enemies":"Orb Walker","floor":36,"turns":4},{"damage":53,"enemies":"Sphere and 2 Shapes","floor":38,"turns":6},{"damage":25,"enemies":"4 Shapes","floor":39,"turns":5},{"damage":58,"enemies":"Nemesis","floor":41,"turns":6}],"event_choices":[{"event_name":"Accursed Blacksmith","player_choice":"Rummage","floor":3,"damage_taken":0},{"event_name":"Golden Idol","player_choice":"Lose Max HP","floor":5,"damage_taken":0},{"event_name":"Dead Adventurer","player_choice":"Searched \u00271\u0027 times","floor":12,"damage_taken":0},{"event_name":"The Woman in Blue","player_choice":"Bought 2 Potions","floor":19,"damage_taken":0},{"event_name":"Cursed Tome","player_choice":"Obtained Book","floor":20,"damage_taken":0},{"event_name":"The Mausoleum","player_choice":"Yes","floor":21,"damage_taken":0},{"event_name":"The Library","player_choice":"Read","floor":31,"damage_taken":0}],"boss_relics":[{"not_picked":["Runic Cube","Runic Pyramid"],"picked":"Pandora\u0027s Box"},{"not_picked":["Black Star","White Beast Statue"],"picked":"Eternal Feather"}],"potions_floor_spawned":[4,12,16,29,30,33,39],"seed_played":"-121529248940576566","killed_by":"Nemesis","ascension_level":0,"is_trial":false}