{"gold_per_floor":[112,112,112,127,127,157,157,184,184,203,223,241,266,246,246,349,349,369,294,304,324,342,342,375,388,388,415,415,156,185,196,196,291,291,305,324,139,193,211,211,211,243,289,389,414,414,433,433,433,433,433,433,3,36,36],"floor_reached":56,"playtime":2464,"items_purged":["Strike_B","Decay","Dualcast","Defend_B"],"score":1463,"play_id":"35481c1b-03ed-49c3-bac6-272ac6e707e1","local_time":"20190518194320","is_ascension_mode":true,"campfire_choices":[{"data":"Zap","floor":7.0,"key":"SMITH"},{"floor":15.0,"key":"REST"},{"floor":23.0,"key":"REST"},{"floor":28.0,"key":"REST"},{"floor":32.0,"key":"REST"},{"floor":40.0,"key":"REST"},{"floor":46,"key":"RECALL"},{"floor":49,"key":"REST"},{"data":"1","floor":52,"key":"LIFT"}],"neow_cost":"NONE","seed_source_timestamp":317658416327276,"circlet_count":0,"master_deck":["Defend_B","Zap+1","Tempest","Coolheaded","Conserve Battery","BootSequence","Turbo","Loop","Echo Form","Cold Snap","White Noise","Biased Cognition","White Noise","Creative AI","Melter+1","Electrodynamics+1","Machine Learning+1","BootSequence","Chill","Coolheaded+1","Defragment","Chill","Master of Strategy","Glacier"],"special_seed":0,"relics":["Cracked Core","Calipers","Orichalcum","Dead Branch","Ancient Tea Set","Fusion Hammer","Darkstone Periapt","Singing Bowl","Meat on the Bone","Membership Card","Symbiotic Virus","Astrolabe","OrangePellets","Girya","Lantern","Gambling Chip","Strawberry","Mummified Hand","Blood Vial"],"potions_floor_usage":[55,55,55,55,55,55],"damage_taken":[{"damage":6.0,"enemies":"Jaw Worm","floor":1.0,"turns":3.0},{"damage":0.0,"enemies":"2 Louse","floor":4.0,"turns":2.0},{"damage":21.0,"enemies":"Lagavulin","floor":6.0,"turns":6.0},{"damage":23.0,"enemies":"3 Sentries","floor":8.0,"turns":7.0},{"damage":1.0,"enemies":"Cultist","floor":10.0,"turns":3.0},{"damage":5.0,"enemies":"2 Fungi Beasts","floor":11.0,"turns":3.0},{"damage":0.0,"enemies":"Gremlin Gang","floor":12.0,"turns":3.0},{"damage":22.0,"enemies":"Gremlin Nob","floor":13.0,"turns":4.0},{"damage":0.0,"enemies":"Slime Boss","floor":16.0,"turns":7.0},{"damage":2.0,"enemies":"Spheric Guardian","floor":18.0,"turns":4.0},{"damage":14.0,"enemies":"Chosen","floor":20.0,"turns":5.0},{"damage":5.0,"enemies":"Centurion and Healer","floor":21.0,"turns":8.0},{"damage":18.0,"enemies":"Shelled Parasite and Fungi","floor":22.0,"turns":6.0},{"damage":5.0,"enemies":"Gremlin Leader","floor":24.0,"turns":5.0},{"damage":21.0,"enemies":"Snake Plant","floor":25.0,"turns":4.0},{"damage":29.0,"enemies":"Slavers","floor":27.0,"turns":4.0},{"damage":4.0,"enemies":"Book of Stabbing","floor":30.0,"turns":5.0},{"damage":0.0,"enemies":"Cultist and Chosen","floor":31.0,"turns":4.0},{"damage":9.0,"enemies":"Automaton","floor":33.0,"turns":4.0},{"damage":22.0,"enemies":"3 Darklings","floor":35.0,"turns":3.0},{"damage":0.0,"enemies":"3 Shapes","floor":36.0,"turns":3.0},{"damage":29.0,"enemies":"2 Orb Walkers","floor":38.0,"turns":4.0},{"damage":6.0,"enemies":"Spire Growth","floor":39.0,"turns":4.0},{"damage":27,"enemies":"Nemesis","floor":42,"turns":9},{"damage":0,"enemies":"Mind Bloom Boss Battle","floor":44,"turns":3},{"damage":0,"enemies":"Reptomancer","floor":45,"turns":5},{"damage":0,"enemies":"Jaw Worm Horde","floor":47,"turns":2},{"damage":8,"enemies":"Donu and Deca","floor":50,"turns":6},{"damage":7,"enemies":"Shield and Spear","floor":54,"turns":3},{"damage":11,"enemies":"The Heart","floor":55,"turns":6}],"seed_played":"8541313140979645613","potions_obtained":[{"floor":4.0,"key":"FairyPotion"},{"floor":8.0,"key":"Ancient Potion"},{"floor":11.0,"key":"Explosive Potion"},{"floor":12.0,"key":"Fruit Juice"},{"floor":14.0,"key":"Energy Potion"},{"floor":16.0,"key":"SkillPotion"},{"floor":24.0,"key":"LiquidBronze"},{"floor":30.0,"key":"Explosive Potion"},{"floor":33.0,"key":"Weak Potion"},{"floor":44,"key":"Block Potion"}],"is_trial":false,"path_per_floor":["M","?","?","M","?","E","R","E","T","M","M","M","E","?","R","B",null,"M","$","M","M","M","R","E","M","T","E","R","$","E","M","R","B",null,"M","M","$","?","M","R","?","E","T","?","E","R","M","?","R","B",null,"R","$","E","B",null],"character_chosen":"DEFECT","items_purchased":["Membership Card","BootSequence","OrangePellets","Mummified Hand","Defragment","Chill","Master of Strategy","EntropicBrew","PowerPotion"],"campfire_rested":6,"item_purchase_floors":[29,37,37,53,53,53,53,53,53],"current_hp_per_floor":[69,62,67,67,67,46,46,23,23,22,17,17,8,8,33,33,85,83,83,69,64,46,71,66,45,45,16,41,41,51,53,79,70,89,69,71,71,54,48,75,75,50,50,52,61,61,63,62,95,87,112,112,112,105,96],"gold":36,"neow_bonus":"TRANSFORM_CARD","is_prod":false,"is_daily":false,"chose_seed":false,"campfire_upgraded":1,"win_rate":0,"timestamp":1558233800,"path_taken":["M","?","?","M","?","E","R","E","T","M","M","?","E","?","R","BOSS","M","$","M","M","?","R","E","M","T","E","R","$","E","M","R","BOSS","M","M","$","?","M","R","?","E","T","?","E","R","M","?","R","BOSS","R","$","E","BOSS"],"build_version":"2019-01-23","purchased_purges":4,"victory":true,"max_hp_per_floor":[75,75,80,80,80,80,80,80,80,80,80,80,85,85,85,85,85,85,85,85,85,85,85,85,85,85,85,85,85,87,89,89,89,89,91,93,93,93,93,93,93,95,95,97,106,106,108,112,112,112,112,112,112,112,112],"card_choices":[{"not_picked":["Compile Driver","Gash"],"picked":"Ball Lightning","floor":1.0},{"not_picked":["Recycle","Self Repair"],"picked":"Coolheaded","floor":4.0},{"not_picked":["Beam Cell","Turbo","Meteor Strike"],"picked":"SKIP","floor":6.0},{"not_picked":["Static Discharge","Scrape"],"picked":"Conserve Battery","floor":8.0},{"not_picked":["Coolheaded","Conserve Battery"],"picked":"BootSequence","floor":10.0},{"not_picked":["Ball Lightning","Go for the Eyes"],"picked":"Turbo","floor":11.0},{"not_picked":["Beam Cell","Steam","Barrage"],"picked":"SKIP","floor":12.0},{"not_picked":["Beam Cell","Steam","Barrage"],"picked":"SKIP","floor":12.0},{"not_picked":["Coolheaded","Ball Lightning"],"picked":"Loop","floor":13.0},{"not_picked":["Seek","Machine Learning"],"picked":"Echo Form","floor":16.0},{"not_picked":["Streamline+1","Conserve Battery","Redo"],"picked":"SKIP","floor":18.0},{"not_picked":["Sweeping Beam","Fusion","Lockon"],"picked":"SKIP","floor":20.0},{"not_picked":["Barrage","Force Field"],"picked":"Cold Snap","floor":21.0},{"not_picked":["Beam Cell","Turbo+1","Steam"],"picked":"SKIP","floor":22.0},{"not_picked":["Genetic Algorithm","Conserve Battery"],"picked":"White Noise","floor":24.0},{"not_picked":["Beam Cell+1","Compile Driver"],"picked":"Biased Cognition","floor":25.0},{"not_picked":["Stack","Streamline"],"picked":"White Noise","floor":27.0},{"not_picked":["Melter","Rebound","Static Discharge"],"picked":"Singing Bowl","floor":30.0},{"not_picked":["Scrape+1","Go for the Eyes","Blizzard"],"picked":"Singing Bowl","floor":31.0},{"not_picked":["Fission","Biased Cognition"],"picked":"Creative AI","floor":33.0},{"not_picked":["Steam","Rebound+1","Conserve Battery"],"picked":"Singing Bowl","floor":35.0},{"not_picked":["Coolheaded","Cold Snap+1","Barrage"],"picked":"Singing Bowl","floor":36.0},{"not_picked":["Barrage","Glacier"],"picked":"Chill","floor":38.0},{"not_picked":["Stack","Rebound"],"picked":"Coolheaded+1","floor":39.0},{"not_picked":["Gash","Steam+1","Stack+1"],"picked":"Singing Bowl","floor":42},{"not_picked":["Conserve Battery+1","Heatsinks","Gash+1"],"picked":"Singing Bowl","floor":44},{"not_picked":["FTL+1","Steam Power","Self Repair"],"picked":"Singing Bowl","floor":45},{"not_picked":["Rebound","Coolheaded","Force Field+1"],"picked":"Singing Bowl","floor":47},{"not_picked":["HandOfGreed","Mind Blast","Panache"],"picked":"Singing Bowl","floor":48},{"not_picked":["Metamorphosis","Blind","The Bomb"],"picked":"Singing Bowl","floor":48},{"not_picked":["Stack","Streamline+1"],"picked":"Glacier","floor":54}],"player_experience":707692,"relics_obtained":[{"floor":6.0,"key":"Calipers"},{"floor":8.0,"key":"Orichalcum"},{"floor":9.0,"key":"Dead Branch"},{"floor":13.0,"key":"Ancient Tea Set"},{"floor":24.0,"key":"Darkstone Periapt"},{"floor":26.0,"key":"Singing Bowl"},{"floor":27.0,"key":"Meat on the Bone"},{"floor":30.0,"key":"Symbiotic Virus"},{"floor":38.0,"key":"Girya"},{"floor":42,"key":"Lantern"},{"floor":44,"key":"Gambling Chip"},{"floor":45,"key":"Strawberry"},{"floor":54,"key":"Blood Vial"}],"event_choices":[{"cards_removed":["Strike_B"],"damage_healed":0.0,"max_hp_gain":0.0,"max_hp_loss":0.0,"gold_gain":0.0,"event_name":"Golden Wing","player_choice":"Card Removal","floor":2.0,"gold_loss":0.0,"damage_taken":7.0},{"damage_healed":0.0,"max_hp_gain":5.0,"max_hp_loss":0.0,"gold_gain":0.0,"event_name":"Big Fish","player_choice":"Donut","floor":3.0,"gold_loss":0.0,"damage_taken":0.0},{"damage_healed":0.0,"max_hp_gain":0.0,"max_hp_loss":0.0,"gold_gain":0.0,"event_name":"Wheel of Change","player_choice":"Cursed","floor":5.0,"gold_loss":0.0,"damage_taken":0.0,"cards_obtained":["Decay"]},{"damage_healed":0.0,"max_hp_gain":0.0,"max_hp_loss":0.0,"gold_gain":0.0,"event_name":"The Woman in Blue","player_choice":"Bought 1 Potion","floor":14.0,"gold_loss":0.0,"damage_taken":0.0},{"damage_healed":0.0,"max_hp_gain":0.0,"max_hp_loss":0.0,"gold_gain":0.0,"event_name":"Mysterious Sphere","player_choice":"Fight","floor":38.0,"gold_loss":0.0,"damage_taken":0.0},{"cards_removed":["Ball Lightning"],"damage_healed":0.0,"max_hp_gain":0.0,"max_hp_loss":0.0,"gold_gain":0.0,"event_name":"Falling","player_choice":"Removed Attack","floor":41.0,"gold_loss":0.0,"damage_taken":0.0},{"damage_healed":0,"gold_gain":0,"player_choice":"Fight","damage_taken":0,"max_hp_gain":0,"max_hp_loss":0,"event_name":"MindBloom","floor":44,"gold_loss":0},{"damage_healed":0,"gold_gain":0,"player_choice":"Memory 2","damage_taken":5,"max_hp_gain":0,"max_hp_loss":0,"event_name":"SensoryStone","floor":48,"gold_loss":0}],"is_beta":false,"boss_relics":[{"not_picked":["Busted Crown","Coffee Dripper"],"picked":"Fusion Hammer"},{"not_picked":["Orrery","Empty Cage"],"picked":"Astrolabe"}],"items_purged_floors":[19,29,37,53],"is_endless":false,"potions_floor_spawned":[4,8,11,12,16,24,30,31,33,44,45],"ascension_level":1}