{"gold_per_floor":[110,185,185,199,199,199,210,242,310,310,329,329,329,347,347,445,445,461,31,42,53,0,0,16,16,16,26,26,41,41,41,41,41],"floor_reached":33,"playtime":3662,"items_purged":["Regret"],"score":272,"play_id":"28a3dae9-b250-4ea7-a3e6-4d756585fb93","local_time":"20190704193512","is_ascension_mode":false,"campfire_choices":[{"data":"Zap","floor":6,"key":"SMITH"},{"data":"Conserve Battery","floor":10,"key":"SMITH"},{"data":"White Noise","floor":13,"key":"SMITH"},{"floor":15,"key":"REST"},{"floor":23,"key":"REST"},{"floor":32,"key":"REST"}],"neow_cost":"CURSE","seed_source_timestamp":721437290283751,"circlet_count":0,"master_deck":["Defend_B","Defend_B","Defend_B","Defend_B","Zap+1","Dualcast","Shame","Ball Lightning","Coolheaded","Conserve Battery+1","Coolheaded","White Noise+1","Conserve Battery","Electrodynamics","Clumsy","Writhe","Glacier","Defragment","FTL+1","Genetic Algorithm+1","Cold Snap+1","Consume+1","Beam Cell+1","Genetic Algorithm","Bite+1","Bite+1","Bite+1","Bite+1","Bite+1"],"relics":["Cracked Core","WingedGreaves","Happy Flower","Shuriken","Centennial Puzzle","Calling Bell","Ancient Tea Set","Pear","Unceasing Top","Molten Egg 2","Darkstone Periapt"],"potions_floor_usage":[8,8],"damage_taken":[{"damage":1,"enemies":"2 Louse","floor":1,"turns":2},{"damage":6,"enemies":"Jaw Worm","floor":4,"turns":2},{"damage":4,"enemies":"Cultist","floor":7,"turns":3},{"damage":7,"enemies":"Lagavulin","floor":8,"turns":5},{"damage":3,"enemies":"Large Slime","floor":11,"turns":5},{"damage":6,"enemies":"Red Slaver","floor":14,"turns":3},{"damage":20,"enemies":"The Guardian","floor":16,"turns":15},{"damage":28,"enemies":"Shell Parasite","floor":18,"turns":10},{"damage":0,"enemies":"Spheric Guardian","floor":20,"turns":4},{"damage":20,"enemies":"Snake Plant","floor":21,"turns":6},{"damage":6,"enemies":"Chosen and Byrds","floor":24,"turns":10},{"damage":20,"enemies":"Centurion and Healer","floor":27,"turns":7},{"damage":18,"enemies":"Shelled Parasite and Fungi","floor":29,"turns":8},{"damage":53,"enemies":"Collector","floor":33,"turns":5}],"seed_played":"8642638173127427889","potions_obtained":[{"floor":1,"key":"Poison Potion"},{"floor":3,"key":"SpeedPotion"},{"floor":3,"key":"Poison Potion"},{"floor":4,"key":"FocusPotion"},{"floor":7,"key":"Regen Potion"},{"floor":18,"key":"FocusPotion"},{"floor":27,"key":"SkillPotion"}],"is_trial":false,"path_per_floor":["M","?","?","M","?","R","M","E","T","R","M","?","R","M","R","B",null,"M","$","M","M","?","R","M","?","T","M","$","M","?","$","R","B"],"character_chosen":"DEFECT","items_purchased":["Molten Egg 2","Defragment","FTL+1"],"campfire_rested":3,"item_purchase_floors":[19,19,19],"current_hp_per_floor":[74,63,63,57,50,50,46,53,53,53,50,50,50,44,66,46,85,57,57,57,37,37,62,56,56,56,36,36,18,18,18,35,0],"gold":41,"neow_bonus":"ONE_RARE_RELIC","is_prod":false,"is_daily":false,"chose_seed":false,"campfire_upgraded":3,"win_rate":0.0,"timestamp":1562283312,"path_taken":["M","?","?","?","?","R","M","E","T","R","?","?","R","M","R","BOSS","M","$","M","?","?","R","M","?","T","M","?","M","?","?","R","BOSS"],"build_version":"2019-07-01","purchased_purges":1,"victory":false,"max_hp_per_floor":[75,75,75,75,75,75,75,75,75,75,75,75,75,75,75,75,85,85,85,85,85,85,85,85,85,85,85,85,85,59,59,59,59],"card_choices":[{"not_picked":["Stack","Hologram"],"picked":"Ball Lightning","floor":1},{"not_picked":["Conserve Battery","Blizzard"],"picked":"Coolheaded","floor":4},{"not_picked":["Redo","Leap"],"picked":"Conserve Battery","floor":7},{"not_picked":["Leap","Hologram"],"picked":"Coolheaded","floor":8},{"not_picked":["Reprogram","Gash"],"picked":"White Noise","floor":11},{"not_picked":["Gash","Tempest"],"picked":"Conserve Battery","floor":14},{"not_picked":["Thunder Strike","Amplify"],"picked":"Electrodynamics","floor":16},{"not_picked":["Chill","Hologram+1"],"picked":"Glacier","floor":18},{"not_picked":["Hello World","Stack"],"picked":"Genetic Algorithm+1","floor":20},{"not_picked":["Aggregate","Static Discharge+1"],"picked":"Cold Snap+1","floor":21},{"not_picked":["Streamline+1","Stack"],"picked":"Consume+1","floor":24},{"not_picked":["Streamline+1","Leap"],"picked":"Beam Cell+1","floor":27},{"not_picked":["Leap","Fusion+1"],"picked":"Genetic Algorithm","floor":29}],"player_experience":28800,"relics_obtained":[{"floor":8,"key":"Happy Flower"},{"floor":9,"key":"Shuriken"},{"floor":17,"key":"Ancient Tea Set"},{"floor":17,"key":"Pear"},{"floor":17,"key":"Unceasing Top"},{"floor":26,"key":"Darkstone Periapt"}],"event_choices":[{"damage_healed":0,"gold_gain":75,"player_choice":"Gather Gold","damage_taken":11,"max_hp_gain":0,"max_hp_loss":0,"event_name":"World of Goop","floor":2,"gold_loss":0},{"damage_healed":0,"gold_gain":0,"player_choice":"Got Potions","damage_taken":0,"max_hp_gain":0,"max_hp_loss":0,"event_name":"Lab","floor":3,"gold_loss":0},{"damage_healed":0,"gold_gain":0,"player_choice":"Damaged","damage_taken":7,"max_hp_gain":0,"max_hp_loss":0,"event_name":"Wheel of Change","floor":5,"gold_loss":0},{"damage_healed":0,"gold_gain":0,"player_choice":"Gave Potion","damage_taken":0,"relics_obtained":["Centennial Puzzle"],"max_hp_gain":0,"max_hp_loss":0,"event_name":"WeMeetAgain","floor":12,"gold_loss":0},{"damage_healed":0,"gold_gain":0,"player_choice":"Paid Fearfully","damage_taken":0,"max_hp_gain":0,"max_hp_loss":0,"event_name":"Masked Bandits","floor":22,"gold_loss":53},{"damage_healed":0,"gold_gain":0,"player_choice":"Ignored","damage_taken":0,"max_hp_gain":0,"max_hp_loss":0,"event_name":"Ghosts","floor":25,"gold_loss":0},{"damage_healed":0,"gold_gain":0,"player_choice":"Became a vampire","damage_taken":0,"max_hp_gain":0,"max_hp_loss":26,"event_name":"Vampires","floor":30,"gold_loss":0,"cards_obtained":["Bite","Bite","Bite","Bite","Bite"]}],"is_beta":false,"boss_relics":[{"not_picked":["Snecko Eye","Runic Dome"],"picked":"Calling Bell"}],"items_purged_floors":[19],"is_endless":false,"potions_floor_spawned":[1,4,7,18,27],"killed_by":"Collector","ascension_level":0}