{"gold_per_floor":[117,130,145,145,145,176,16,30,30,30,40,56,56,91,91,190,190,207,225,35,50,50,50,85,101,101,101,156,156,62,81,81,186,186,204,221,221,142,193,224,224,235,235,245,257,285,285,305,305,305],"floor_reached":51,"playtime":2482,"items_purged":[],"score":944,"play_id":"007327f3-0d5b-4e72-a8ef-cce9590bf6d4","local_time":"20180716015341","is_ascension_mode":true,"campfire_choices":[{"floor":10,"key":"REST"},{"floor":15,"key":"REST"},{"floor":23,"key":"REST"},{"floor":27,"key":"REST"},{"floor":32,"key":"REST"},{"floor":41,"key":"REST"},{"floor":49,"key":"REST"}],"neow_cost":"NONE","seed_source_timestamp":597396391813484,"circlet_count":0,"master_deck":["Strike_B","Strike_B+1","Strike_B","Strike_B","Defend_B","Zap","Dualcast","Doom and Gloom","Glacier","Gash","Decay","Normality","FTL","Core Surge+1","Double Energy","Defragment","BootSequence","Rainbow","Electrodynamics","Aggregate+1","Rebound+1","Gash","Defragment+1","Machine Learning","Normality","Glacier","Doubt","Bandage Up","Chill","Machine Learning","Hologram+1","Scrape+1","Fusion+1","White Noise+1","Redo+1","Mind Blast+1","Master of Strategy","PanicButton","Defragment","Streamline+1","Redo+1","Glacier+1","Shame","Glacier","Darkness+1","Machine Learning","Injury","Rebound"],"relics":["Cracked Core","Blue Candle","Du-Vu Doll","Calipers","Orichalcum","Cursed Key","Runic Capacitor","Symbiotic Virus","Question Card","Tiny Chest","Vajra","Astrolabe","Bird Faced Urn","Oddly Smooth Stone","Smiling Mask","Whetstone","Emotion Chip"],"potions_floor_usage":[3,8,8,14,16,19,21,24,28,33,33,35,36,42,45],"damage_taken":[{"damage":0,"enemies":"Small Slimes","floor":1,"turns":3},{"damage":1,"enemies":"Cultist","floor":2,"turns":3},{"damage":0,"enemies":"2 Louse","floor":3,"turns":2},{"damage":29,"enemies":"3 Sentries","floor":6,"turns":4},{"damage":18,"enemies":"Exordium Wildlife","floor":8,"turns":3},{"damage":15,"enemies":"Red Slaver","floor":11,"turns":2},{"damage":10,"enemies":"3 Louse","floor":12,"turns":2},{"damage":4,"enemies":"Lagavulin","floor":14,"turns":5},{"damage":11,"enemies":"The Guardian","floor":16,"turns":11},{"damage":6,"enemies":"2 Thieves","floor":18,"turns":3},{"damage":7,"enemies":"Spheric Guardian","floor":19,"turns":4},{"damage":11,"enemies":"Snake Plant","floor":21,"turns":3},{"damage":31,"enemies":"Book of Stabbing","floor":24,"turns":6},{"damage":4,"enemies":"3 Cultists","floor":25,"turns":4},{"damage":13,"enemies":"Slavers","floor":28,"turns":4},{"damage":1,"enemies":"Cultist and Chosen","floor":31,"turns":5},{"damage":14,"enemies":"Champ","floor":33,"turns":9},{"damage":2,"enemies":"Orb Walker","floor":35,"turns":4},{"damage":10,"enemies":"Flame Bruiser 1 Orb","floor":36,"turns":6},{"damage":37,"floor":39,"turns":4},{"damage":16,"enemies":"Nemesis","floor":40,"turns":5},{"damage":4,"enemies":"Maw","floor":42,"turns":9},{"damage":4,"enemies":"Spire Growth","floor":44,"turns":4},{"damage":4,"enemies":"Transient","floor":45,"turns":5},{"damage":22,"enemies":"2 Orb Walkers","floor":46,"turns":4},{"damage":2,"enemies":"Sphere and 2 Shapes","floor":48,"turns":4},{"damage":62,"enemies":"Donu and Deca","floor":50,"turns":7}],"seed_played":"955415402494267780","potions_obtained":[{"floor":1,"key":"Energy Potion"},{"floor":12,"key":"Weak Potion"},{"floor":14,"key":"Energy Potion"},{"floor":16,"key":"Swift Potion"},{"floor":19,"key":"FearPotion"},{"floor":21,"key":"Block Potion"},{"floor":25,"key":"EssenceOfSteel"},{"floor":28,"key":"Ancient Potion"},{"floor":31,"key":"Strength Potion"},{"floor":33,"key":"EssenceOfSteel"},{"floor":35,"key":"FocusPotion"},{"floor":40,"key":"Poison Potion"},{"floor":44,"key":"FearPotion"}],"is_trial":false,"path_per_floor":["M","M","M","?","?","E","$","M","T","R","M","M","?","E","R","B",null,"M","M","$","M","?","R","E","M","T","R","E","T","$","M","R","B",null,"M","M","?","$","?","E","R","M","T","M","M","E","T","M","R","B"],"character_chosen":"DEFECT","items_purchased":["Core Surge","Runic Capacitor","Bandage Up","Defragment"],"campfire_rested":7,"item_purchase_floors":[7,20,30,38],"current_hp_per_floor":[75,74,74,74,74,45,45,27,27,49,34,24,24,20,42,31,75,69,62,62,51,51,73,42,38,38,60,47,47,47,46,68,58,75,73,63,53,53,20,16,38,50,50,52,62,42,42,52,74,30],"gold":305,"neow_bonus":"THREE_SMALL_POTIONS","is_prod":false,"is_daily":false,"chose_seed":false,"campfire_upgraded":0,"win_rate":0,"timestamp":1531720421,"path_taken":["M","M","M","?","?","E","?","M","T","R","M","?","?","E","R","BOSS","M","?","$","M","?","R","E","M","T","R","E","?","?","M","R","BOSS","M","M","?","$","?","E","R","M","T","M","M","E","?","M","R","BOSS"],"build_version":"2018-07-13","purchased_purges":0,"victory":true,"max_hp_per_floor":[75,75,75,75,75,75,75,75,75,75,75,75,75,75,75,75,75,75,75,75,75,75,75,75,75,75,75,75,75,75,75,75,75,75,75,75,75,75,75,75,75,75,75,75,75,75,75,75,75,75],"card_choices":[{"not_picked":["Scrape","Hologram"],"picked":"Doom and Gloom","floor":1},{"not_picked":["Defragment","Go for the Eyes"],"picked":"Glacier","floor":2},{"not_picked":["Beam Cell","Go for the Eyes"],"picked":"Gash","floor":3},{"not_picked":["Rebound","Conserve Battery"],"picked":"FTL","floor":6},{"not_picked":["Rip and Tear","Redo"],"picked":"Double Energy","floor":8},{"not_picked":["Conserve Battery","Capacitor"],"picked":"Defragment","floor":11},{"not_picked":["Cold Snap","Sweeping Beam"],"picked":"BootSequence","floor":12},{"not_picked":["Sunder","Rebound"],"picked":"Rainbow","floor":14},{"not_picked":["Fission","Biased Cognition"],"picked":"Electrodynamics","floor":16},{"not_picked":["Double Energy","Stack"],"picked":"Aggregate+1","floor":18},{"not_picked":["Steam","Beam Cell"],"picked":"Rebound+1","floor":19},{"not_picked":["Storm","Coolheaded"],"picked":"Gash","floor":21},{"not_picked":["Coolheaded","Reprogram"],"picked":"Defragment+1","floor":24},{"not_picked":["Sweeping Beam","Auto Shields"],"picked":"Machine Learning","floor":25},{"not_picked":["Self Repair","BootSequence+1","Hologram"],"picked":"Glacier","floor":28},{"not_picked":["Streamline","Redo+1","Beam Cell+1"],"picked":"Chill","floor":31},{"not_picked":["Seek","Creative AI","Buffer"],"picked":"Machine Learning","floor":33},{"not_picked":["Hologram","Sweeping Beam","FTL+1"],"picked":"White Noise+1","floor":35},{"not_picked":["Scrape","Self Repair","Leap"],"picked":"Redo+1","floor":36},{"not_picked":["Panacea","Jack Of All Trades","Magnetism"],"picked":"Mind Blast","floor":37},{"not_picked":["Deep Breath","The Bomb","Jack Of All Trades"],"picked":"Master of Strategy","floor":37},{"not_picked":["Swift Strike","Good Instincts","The Bomb"],"picked":"PanicButton","floor":37},{"not_picked":["Leap","Heatsinks","Beam Cell"],"picked":"Streamline+1","floor":39},{"not_picked":["Sweeping Beam","Sunder","Coolheaded+1"],"picked":"Redo+1","floor":40},{"not_picked":["Coolheaded+1","Reboot","Beam Cell"],"picked":"Glacier+1","floor":42},{"not_picked":["Leap+1","Conserve Battery+1","Stack"],"picked":"Glacier","floor":44},{"not_picked":["Conserve Battery","Streamline+1","Reinforced Body"],"picked":"Darkness+1","floor":45},{"not_picked":["Skim+1","Streamline+1","Beam Cell"],"picked":"Machine Learning","floor":46},{"not_picked":["Stack","Darkness","Sweeping Beam"],"picked":"Rebound","floor":48}],"player_experience":438066,"relics_obtained":[{"floor":6,"key":"Du-Vu Doll"},{"floor":9,"key":"Calipers"},{"floor":14,"key":"Orichalcum"},{"floor":24,"key":"Symbiotic Virus"},{"floor":26,"key":"Question Card"},{"floor":28,"key":"Tiny Chest"},{"floor":29,"key":"Vajra"},{"floor":39,"key":"Bird Faced Urn"},{"floor":40,"key":"Oddly Smooth Stone"},{"floor":43,"key":"Smiling Mask"},{"floor":46,"key":"Whetstone"},{"floor":47,"key":"Emotion Chip"}],"event_choices":[{"event_name":"Wheel of Change","player_choice":"Curse","floor":4,"damage_taken":0},{"event_name":"Accursed Blacksmith","player_choice":"Rummage","floor":5,"damage_taken":0},{"event_name":"Living Wall","player_choice":"Grow","floor":13,"damage_taken":0},{"event_name":"Drug Dealer","player_choice":"Ignored","floor":22,"damage_taken":0},{"event_name":"SensoryStone","player_choice":"Memory 3","floor":37,"damage_taken":0},{"event_name":"Mysterious Sphere","player_choice":"Fight","floor":39,"damage_taken":0}],"boss_relics":[{"not_picked":["Runic Dome","Tiny House"],"picked":"Cursed Key"},{"not_picked":["Philosopher\u0027s Stone","Sozu"],"picked":"Astrolabe"}],"items_purged_floors":[],"is_endless":false,"potions_floor_spawned":[1,12,14,16,19,21,25,28,31,33,35,40,44],"ascension_level":1}