{"path_per_floor":["M","M","M","?","M","E","R","E","T","R","?","R","M","M","R","B",null,"M","M","$","M","$","R","?","E","T","?","M","R","?","$","R","B",null,"M","M","M"],"character_chosen":"IRONCLAD","items_purchased":["Dramatic Entrance","Carnage","Flex","Bronze Scales","Strength Potion"],"gold_per_floor":[111,121,140,90,100,131,131,157,157,157,157,157,170,188,188,291,291,310,330,145,159,11,11,11,44,69,39,56,56,56,6,6,101,101,116,126,146],"floor_reached":38,"campfire_rested":2,"playtime":17824,"current_hp_per_floor":[80,80,80,80,80,68,68,71,71,71,71,71,78,80,80,45,80,78,55,55,49,49,74,74,40,40,40,45,70,70,70,70,30,86,66,55,65],"items_purged":[],"gold":146,"score":406,"play_id":"0b3b0a3a-9f0a-4e16-b159-be07a150079d","local_time":"20180314234613","is_prod":false,"is_daily":false,"is_ascension_mode":false,"campfire_upgraded":5,"timestamp":1521085573,"path_taken":["M","?","M","?","M","E","R","E","T","R","?","R","M","M","R","BOSS","M","M","$","M","$","R","?","E","T","?","M","R","?","?","R","BOSS","M","M","M","?"],"build_version":"2018-03-09","purchased_purges":0,"victory":false,"master_deck":["Strike_R+1","Strike_R+1","Strike_R+1","Strike_R+1","Strike_R+1","Defend_R+1","Defend_R+1","Defend_R+1","Defend_R+1","Bash","Spot Weakness","Heavy Blade+1","Seeing Red+1","Iron Wave","Anger","Seeing Red+1","Cleave","Infernal Blade+1","Barricade+1","Perfected Strike","Dramatic Entrance","Carnage","Flex","Offering","Carnage","Fiend Fire","Regret","Decay","Flame Barrier","Juggernaut","Wild Strike+1"],"max_hp_per_floor":[80,80,80,80,80,80,80,80,80,80,80,80,80,80,80,80,80,80,82,82,84,84,84,84,86,86,86,86,86,86,86,86,86,86,86,86,86],"relics":["Burning Blood","Magic Flower","Vajra","Omamori","Orichalcum","Singing Bowl","Mark of Pain","Bronze Scales","Dream Catcher","Sundial","Prayer Wheel","Calling Bell","Meat on the Bone","Ancient Tea Set","Self Forming Clay"],"card_choices":[{"not_picked":["Corruption","Warcry"],"picked":"Spot Weakness"},{"not_picked":["Iron Wave","Wild Strike"],"picked":"Heavy Blade"},{"not_picked":["Body Slam","Burning Pact"],"picked":"Seeing Red"},{"not_picked":["Anger","Headbutt"],"picked":"Iron Wave"},{"not_picked":["Reckless Charge","Rage"],"picked":"Anger"},{"not_picked":["Clash","Blood for Blood"],"picked":"Seeing Red"},{"not_picked":["Perfected Strike","Shrug It Off"],"picked":"Cleave"},{"not_picked":["Perfected Strike","Power Through"],"picked":"Infernal Blade"},{"not_picked":["Impervious","Immolate"],"picked":"Barricade"},{"not_picked":["Twin Strike","Shrug It Off"],"picked":"Perfected Strike"},{"not_picked":["Havoc","Hemokinesis"],"picked":"Offering"},{"not_picked":["Shrug It Off","Sword Boomerang"],"picked":"Carnage"},{"not_picked":["Barricade","Juggernaut"],"picked":"Fiend Fire"},{"not_picked":["True Grit","Cleave"],"picked":"Flame Barrier"},{"not_picked":["Dual Wield","Flex"],"picked":"Juggernaut"},{"not_picked":["Bloodletting","Hemokinesis"],"picked":"Wild Strike"}],"player_experience":422608,"potions_floor_usage":[6,6,13,14,25,28,28,33,33,38],"damage_taken":[{"damage":9,"enemies":"Cultist","floor":1,"turns":5},{"damage":5,"enemies":"2 Louse","floor":2,"turns":4},{"damage":2,"enemies":"Small Slimes","floor":3,"turns":3},{"damage":0,"enemies":"3 Louse","floor":5,"turns":3},{"damage":21,"enemies":"Gremlin Nob","floor":6,"turns":5},{"damage":6,"enemies":"3 Sentries","floor":8,"turns":7},{"damage":2,"enemies":"Large Slime","floor":13,"turns":5},{"damage":4,"enemies":"Blue Slaver","floor":14,"turns":4},{"damage":44,"enemies":"Hexaghost","floor":16,"turns":9},{"damage":19,"enemies":"2 Thieves","floor":18,"turns":5},{"damage":34,"enemies":"3 Byrds","floor":19,"turns":6},{"damage":17,"enemies":"Slaver and Parasite","floor":21,"turns":5},{"damage":45,"enemies":"Book of Stabbing","floor":25,"turns":5},{"damage":4,"enemies":"3 Cultists","floor":28,"turns":4},{"damage":74,"enemies":"Automaton","floor":33,"turns":8},{"damage":29,"enemies":"3 Shapes","floor":35,"turns":4},{"damage":20,"enemies":"Orb Walker","floor":36,"turns":4},{"damage":17,"enemies":"4 Shapes","floor":37,"turns":5},{"damage":67,"enemies":"Maw","floor":38,"turns":8}],"event_choices":[{"event_name":"The Cleric","player_choice":"Card Removal","floor":4,"damage_taken":0},{"event_name":"Big Fish","player_choice":"Box","floor":11,"damage_taken":0},{"event_name":"The Mausoleum","player_choice":"Yes","floor":24,"damage_taken":0},{"event_name":"The Woman in Blue","player_choice":"Bought 2 Potions","floor":27,"damage_taken":0},{"event_name":"Back to Basics","player_choice":"Simplicity","floor":30,"damage_taken":0}],"boss_relics":[{"not_picked":["Velvet Choker","Snecko Eye"],"picked":"Mark of Pain"},{"not_picked":["Black Blood","Cursed Key"],"picked":"Calling Bell"}],"potions_floor_spawned":[1,2,5,8,21,25,36,37],"seed_played":"3491880094096486430","killed_by":"Maw","ascension_level":0,"is_trial":false}