{"gold_per_floor":[109,109,129,79,94,119,137,137,137,41,55,66,80,109,109,207,207,221,221,136,185,185,185],"floor_reached":23,"playtime":808,"items_purged":[],"score":251,"play_id":"05a5c4dc-f70c-439d-a8f9-e2130791bf98","local_time":"20180722034616","is_ascension_mode":true,"campfire_choices":[{"floor":8,"key":"REST"},{"floor":15,"key":"REST"}],"neow_cost":"","seed_source_timestamp":1124227248479485,"circlet_count":0,"master_deck":["Strike_R+1","Strike_R","Strike_R","Strike_R","Strike_R","Defend_R","Defend_R","Defend_R","Bash+1","Dropkick","Thunderclap","Seeing Red","Pommel Strike+1","Pommel Strike+1","Discovery","Second Wind","Twin Strike+1","Dual Wield","Reckless Charge+1","Feed+1","Injury","Parasite","Sword Boomerang+1","RitualDagger+1"],"relics":["Burning Blood","Shovel","Molten Egg 2","Magic Flower","Whetstone","Calling Bell","Oddly Smooth Stone","Shuriken","Bird Faced Urn","Self Forming Clay","Blood Vial"],"potions_floor_usage":[11,16,18],"damage_taken":[{"damage":10,"enemies":"2 Louse","floor":1,"turns":3},{"damage":1,"enemies":"Cultist","floor":3,"turns":3},{"damage":7,"enemies":"Jaw Worm","floor":5,"turns":3},{"damage":48,"enemies":"Lagavulin","floor":6,"turns":9},{"damage":6,"enemies":"Exordium Wildlife","floor":7,"turns":2},{"damage":26,"enemies":"Large Slime","floor":11,"turns":4},{"damage":8,"enemies":"Blue Slaver","floor":12,"turns":3},{"damage":10,"enemies":"Lots of Slimes","floor":13,"turns":2},{"damage":32,"enemies":"Gremlin Nob","floor":14,"turns":4},{"damage":56,"enemies":"Hexaghost","floor":16,"turns":8},{"damage":6,"enemies":"3 Byrds","floor":18,"turns":3},{"damage":66,"enemies":"Gremlin Leader","floor":23,"turns":6}],"seed_played":"2199510006859555233","potions_obtained":[{"floor":1,"key":"SmokeBomb"},{"floor":7,"key":"Regen Potion"},{"floor":14,"key":"EssenceOfSteel"},{"floor":16,"key":"Ancient Potion"}],"is_trial":false,"path_per_floor":["M","?","M","?","M","E","M","R","T","$","M","M","M","E","R","B",null,"M","?","?","T","?"],"character_chosen":"IRONCLAD","items_purchased":["Discovery"],"campfire_rested":2,"item_purchase_floors":[10],"current_hp_per_floor":[76,76,80,80,79,37,37,61,61,61,63,64,63,40,64,17,64,67,67,67,67,61,0],"gold":185,"neow_bonus":"","is_prod":false,"is_daily":false,"chose_seed":false,"campfire_upgraded":0,"win_rate":0,"timestamp":1532245576,"path_taken":["M","?","M","?","M","E","M","R","T","$","?","?","M","E","R","BOSS","M","?","?","?","?","E"],"build_version":"2018-07-19","purchased_purges":0,"victory":false,"max_hp_per_floor":[80,80,80,80,80,80,80,80,80,80,80,80,80,80,80,80,80,80,80,80,80,80,80],"card_choices":[{"not_picked":["Entrench","Wild Strike"],"picked":"Dropkick","floor":1},{"not_picked":["Havoc","Reckless Charge"],"picked":"Thunderclap","floor":3},{"not_picked":["Heavy Blade","Iron Wave"],"picked":"Seeing Red","floor":5},{"not_picked":["Metallicize","Burning Pact"],"picked":"Pommel Strike","floor":6},{"not_picked":["Armaments","Body Slam+1"],"picked":"Pommel Strike+1","floor":7},{"not_picked":["Shrug It Off","Combust"],"picked":"Second Wind","floor":11},{"not_picked":["True Grit","Warcry"],"picked":"Twin Strike+1","floor":12},{"not_picked":["Brutality","Perfected Strike+1"],"picked":"Dual Wield","floor":13},{"not_picked":["Armaments","Shockwave"],"picked":"Reckless Charge+1","floor":14},{"not_picked":["Juggernaut","Reaper+1"],"picked":"Feed+1","floor":16},{"not_picked":["Shrug It Off","Warcry"],"picked":"Sword Boomerang+1","floor":18}],"player_experience":476102,"relics_obtained":[{"floor":6,"key":"Molten Egg 2"},{"floor":9,"key":"Magic Flower"},{"floor":14,"key":"Whetstone"},{"floor":17,"key":"Oddly Smooth Stone"},{"floor":17,"key":"Shuriken"},{"floor":17,"key":"Bird Faced Urn"},{"floor":21,"key":"Blood Vial"}],"event_choices":[{"event_name":"WeMeetAgain","player_choice":"Potion","floor":2,"damage_taken":0},{"event_name":"The Cleric","player_choice":"Card Removal","floor":4,"damage_taken":0},{"event_name":"Back to Basics","player_choice":"Elegance","floor":19,"damage_taken":0},{"event_name":"Addict","player_choice":"Obtained Relic","floor":20,"damage_taken":0},{"event_name":"Nest","player_choice":"Joined the Cult","floor":22,"damage_taken":0}],"is_beta":true,"boss_relics":[{"not_picked":["Runic Dome","Lizard Tail"],"picked":"Calling Bell"}],"items_purged_floors":[],"is_endless":false,"potions_floor_spawned":[1,7,14,16],"killed_by":"Gremlin Leader","ascension_level":5}