{"gold_per_floor":[115,115,41,6,16,16,26,37,37,37,37,37,37,287,287,287],"floor_reached":16,"playtime":358,"items_purged":[],"score":92,"play_id":"a2e8cdf9-657d-4848-b96e-eefbe721db90","local_time":"20180705055455","is_ascension_mode":true,"campfire_choices":[{"floor":6,"key":"REST"},{"floor":10,"key":"REST"},{"data":"Defragment","floor":12,"key":"SMITH"},{"data":"Stack","floor":15,"key":"SMITH"}],"neow_cost":"FIFTY_PERCENT_DAMAGE","seed_source_timestamp":281482927227901,"circlet_count":0,"master_deck":["Strike_B","Strike_B","Strike_B","Strike_B","Defend_B","Defend_B","Defend_B","Defend_B","Zap","Dualcast","Beam Cell","PanicButton","Zap","Defragment+1","Chill","Stack+1","Parasite","Regret"],"relics":["Cracked Core","Sundial","Potion Belt","Meat on the Bone"],"potions_floor_usage":[7],"damage_taken":[{"damage":12,"enemies":"Small Slimes","floor":1,"turns":3},{"damage":0,"enemies":"Cultist","floor":5,"turns":3},{"damage":6,"enemies":"Jaw Worm","floor":7,"turns":2},{"damage":11,"enemies":"Exordium Wildlife","floor":8,"turns":3},{"damage":73,"enemies":"Hexaghost","floor":16,"turns":11}],"seed_played":"-6945578143837417593","potions_obtained":[{"floor":5,"key":"Poison Potion"}],"is_trial":false,"path_per_floor":["M","?","$","?","M","R","M","M","T","R","?","R","?","?","R"],"character_chosen":"DEFECT","items_purchased":["Defragment"],"campfire_rested":2,"item_purchase_floors":[3],"current_hp_per_floor":[26,26,26,44,44,66,60,49,49,71,53,53,71,71,71,0],"gold":287,"neow_bonus":"ONE_RARE_RELIC","is_prod":false,"is_daily":false,"chose_seed":false,"campfire_upgraded":2,"win_rate":0,"timestamp":1530784495,"path_taken":["M","?","$","?","?","R","M","M","T","R","?","R","?","?","R","BOSS"],"build_version":"2018-07-04","purchased_purges":0,"victory":false,"max_hp_per_floor":[75,75,75,75,75,75,75,75,75,75,75,75,75,75,75,75],"card_choices":[{"not_picked":["Ball Lightning","Undo"],"picked":"Beam Cell","floor":1},{"not_picked":["Hologram","Skim"],"picked":"Chill","floor":5},{"not_picked":["Coolheaded","Conserve Battery","Barrage"],"picked":"SKIP","floor":7},{"not_picked":["Barrage","Hologram"],"picked":"Stack","floor":8}],"player_experience":390155,"relics_obtained":[{"floor":9,"key":"Potion Belt"}],"event_choices":[{"event_name":"Match and Keep!","player_choice":"2 cards matched","floor":2,"damage_taken":0},{"event_name":"The Cleric","player_choice":"Healed","floor":4,"damage_taken":0},{"event_name":"Scrap Ooze","player_choice":"success","floor":11,"damage_taken":18},{"event_name":"Mushrooms","player_choice":"Healed and dodged fight","floor":13,"damage_taken":0},{"event_name":"Golden Shrine","player_choice":"Desecrate","floor":14,"damage_taken":0}],"boss_relics":[],"items_purged_floors":[],"is_endless":false,"potions_floor_spawned":[5],"killed_by":"Hexaghost","ascension_level":1}