{"gold_per_floor":[117,134,21,21,21,21,47,58,58,58,75,75,0,19,19,19],"floor_reached":16,"playtime":403,"items_purged":["Strike_B"],"score":225,"play_id":"672584a4-1dfc-4b43-9e9f-71da215f6b40","local_time":"20190629114849","is_ascension_mode":true,"campfire_choices":[{"data":"Hologram","floor":6,"key":"SMITH"},{"data":"Go for the Eyes","floor":12,"key":"SMITH"},{"data":"Zap","floor":15,"key":"SMITH"}],"neow_cost":"PERCENT_DAMAGE","seed_source_timestamp":1533059559049506,"circlet_count":0,"master_deck":["AscendersBane","Strike_B","Strike_B","Strike_B","Defend_B","Defend_B","Defend_B","Defend_B","Zap+1","Dualcast","Gash","Gash","Hologram+1","Go for the Eyes+1","Streamline","Reinforced Body","Parasite","Sunder+1","Cold Snap+1"],"relics":["Cracked Core","Blue Candle","Molten Egg 2"],"potions_floor_usage":[16],"damage_taken":[{"damage":4,"enemies":"Small Slimes","floor":1,"turns":3},{"damage":0,"enemies":"2 Louse","floor":2,"turns":2},{"damage":47,"enemies":"3 Sentries","floor":7,"turns":7},{"damage":2,"enemies":"Jaw Worm","floor":8,"turns":3},{"damage":12,"enemies":"2 Fungi Beasts","floor":11,"turns":3},{"damage":1,"enemies":"Lots of Slimes","floor":14,"turns":3},{"damage":22,"enemies":"Slime Boss","floor":16,"turns":9}],"seed_played":"-96411507082068438","potions_obtained":[{"floor":11,"key":"SkillPotion"}],"is_trial":false,"path_per_floor":["M","M","$","?","?","R","E","M","T","?","M","R","$","M","R","B"],"character_chosen":"DEFECT","items_purchased":["Hologram","Go for the Eyes"],"campfire_rested":0,"item_purchase_floors":[3,3],"current_hp_per_floor":[56,56,56,56,61,61,14,12,12,34,22,22,22,21,21,0],"gold":19,"neow_bonus":"TWENTY_PERCENT_HP_BONUS","is_prod":false,"is_daily":false,"chose_seed":false,"campfire_upgraded":3,"win_rate":0,"timestamp":1561834129,"path_taken":["M","M","$","?","?","R","E","M","T","?","?","R","$","M","R","BOSS"],"build_version":"2019-01-23","purchased_purges":1,"victory":false,"max_hp_per_floor":[85,85,85,85,90,90,90,90,90,90,90,90,90,90,90,90],"card_choices":[{"not_picked":["Turbo","Conserve Battery"],"picked":"Gash","floor":1},{"not_picked":["Coolheaded","Redo"],"picked":"Gash","floor":2},{"not_picked":["Streamline","Lockon","Blizzard"],"picked":"SKIP","floor":7},{"not_picked":["Lockon","Blizzard"],"picked":"Streamline","floor":7},{"not_picked":["Compile Driver","Rebound"],"picked":"Reinforced Body","floor":8},{"not_picked":["Rebound+1","Biased Cognition"],"picked":"Sunder+1","floor":11},{"not_picked":["Stack","Conserve Battery"],"picked":"Cold Snap+1","floor":14}],"player_experience":819002,"relics_obtained":[{"floor":7,"key":"Blue Candle"},{"floor":9,"key":"Molten Egg 2"}],"event_choices":[{"damage_healed":0,"gold_gain":0,"player_choice":"Ignored","damage_taken":0,"max_hp_gain":0,"max_hp_loss":0,"event_name":"Liars Game","floor":4,"gold_loss":0},{"damage_healed":0,"gold_gain":0,"player_choice":"Donut","damage_taken":0,"max_hp_gain":5,"max_hp_loss":0,"event_name":"Big Fish","floor":5,"gold_loss":0},{"damage_healed":22,"gold_gain":0,"player_choice":"Healed and dodged fight","damage_taken":0,"max_hp_gain":0,"max_hp_loss":0,"event_name":"Mushrooms","floor":10,"gold_loss":0,"cards_obtained":["Parasite"]}],"is_beta":false,"boss_relics":[],"items_purged_floors":[13],"is_endless":false,"potions_floor_spawned":[11],"killed_by":"Slime Boss","ascension_level":20}