{"gold_per_floor":[113,124,124,141,156,156,214,224,224,251,87,106,106,139,139,215,215,228,228,254,212,35,35],"floor_reached":23,"playtime":737,"items_purged":["Strike_R","Writhe"],"score":422,"play_id":"3e69baf2-e5df-4b71-9916-ef89e6c4ce3f","local_time":"20181110105623","is_ascension_mode":true,"campfire_choices":[{"data":"Bash","floor":6.0,"key":"SMITH"},{"data":"Discovery","floor":13.0,"key":"SMITH"},{"data":"Whirlwind","floor":15.0,"key":"SMITH"}],"neow_cost":"NONE","seed_source_timestamp":1274251344896,"circlet_count":0,"master_deck":["AscendersBane","Strike_R","Strike_R","Strike_R","Strike_R","Defend_R","Defend_R","Defend_R","Defend_R","Bash+1","Carnage","Inflame","Shrug It Off","Sword Boomerang","Impervious","Discovery+1","Anger","Whirlwind+1","Exhume","Shrug It Off","Shockwave"],"special_seed":0,"relics":["Burning Blood","Happy Flower","Tiny Chest","Regal Pillow","Letter Opener","Red Skull","White Beast Statue","Potion Belt","Ancient Tea Set"],"potions_floor_usage":[23,23],"damage_taken":[{"damage":2.0,"enemies":"Cultist","floor":1.0,"turns":4.0},{"damage":2.0,"enemies":"Jaw Worm","floor":2.0,"turns":3.0},{"damage":0.0,"enemies":"2 Louse","floor":4.0,"turns":3.0},{"damage":14.0,"enemies":"Red Slaver","floor":5.0,"turns":3.0},{"damage":8.0,"enemies":"Gremlin Nob","floor":7.0,"turns":3.0},{"damage":10.0,"enemies":"2 Fungi Beasts","floor":8.0,"turns":3.0},{"damage":27.0,"enemies":"Lagavulin","floor":10.0,"turns":5.0},{"damage":0.0,"enemies":"Large Slime","floor":12.0,"turns":4.0},{"damage":17.0,"enemies":"3 Sentries","floor":14.0,"turns":7.0},{"damage":7.0,"enemies":"The Guardian","floor":16.0,"turns":10.0},{"damage":12,"enemies":"Spheric Guardian","floor":18,"turns":5},{"damage":32,"enemies":"2 Thieves","floor":21,"turns":5},{"damage":40,"enemies":"Gremlin Leader","floor":23,"turns":4}],"seed_played":"3031175625513363729","potions_obtained":[{"floor":2.0,"key":"Swift Potion"},{"floor":4.0,"key":"Strength Potion"},{"floor":8.0,"key":"SpeedPotion"},{"floor":10.0,"key":"Regen Potion"},{"floor":12.0,"key":"SpeedPotion"},{"floor":21,"key":"AttackPotion"}],"is_trial":false,"path_per_floor":["M","M","?","M","M","R","E","M","T","E","$","M","R","E","R","B",null,"M","?","T","M","$","E"],"character_chosen":"IRONCLAD","items_purchased":["Discovery","Shockwave"],"campfire_rested":0,"item_purchase_floors":[11,22],"current_hp_per_floor":[79,82,56,62,54,54,52,48,48,27,27,45,45,34,34,33,70,64,64,64,38,38,0],"gold":35,"neow_bonus":"TEN_PERCENT_HP_BONUS","is_prod":false,"is_daily":false,"chose_seed":false,"campfire_upgraded":3,"win_rate":0,"timestamp":1541872583,"path_taken":["M","M","?","M","M","R","E","M","T","E","$","M","R","E","R","BOSS","M","?","?","M","$","E"],"build_version":"2018-11-08","purchased_purges":2,"victory":false,"max_hp_per_floor":[82,82,82,82,82,82,82,82,82,82,82,82,82,82,82,82,82,82,82,82,82,82,82],"card_choices":[{"not_picked":["Wild Strike","Body Slam"],"picked":"Carnage","floor":1.0},{"not_picked":["Clothesline","Intimidate"],"picked":"Inflame","floor":2.0},{"not_picked":["Metallicize","Clash"],"picked":"Shrug It Off","floor":4.0},{"not_picked":["Inflame","Hemokinesis","Flex"],"picked":"SKIP","floor":5.0},{"not_picked":["Corruption","Clash"],"picked":"Sword Boomerang","floor":7.0},{"not_picked":["Flex","Sever Soul","Clothesline"],"picked":"SKIP","floor":8.0},{"not_picked":["Corruption","Havoc"],"picked":"Impervious","floor":10.0},{"not_picked":["Entrench","Pommel Strike"],"picked":"Anger","floor":12.0},{"not_picked":["Rage","Cleave"],"picked":"Whirlwind","floor":14.0},{"not_picked":["Double Tap","Barricade"],"picked":"Exhume","floor":16.0},{"not_picked":["Flex","Warcry"],"picked":"Shrug It Off","floor":18},{"not_picked":["Anger","Body Slam","Armaments"],"picked":"SKIP","floor":21}],"player_experience":611729,"relics_obtained":[{"floor":7.0,"key":"Tiny Chest"},{"floor":9.0,"key":"Regal Pillow"},{"floor":10.0,"key":"Letter Opener"},{"floor":14.0,"key":"Red Skull"},{"floor":20,"key":"Ancient Tea Set"}],"event_choices":[{"damage_healed":0.0,"max_hp_gain":0.0,"max_hp_loss":0.0,"gold_gain":0.0,"event_name":"Scrap Ooze","player_choice":"Success","floor":3.0,"gold_loss":0.0,"damage_taken":26.0,"relics_obtained":["Happy Flower"]},{"damage_healed":0,"gold_gain":0,"player_choice":"Opened","damage_taken":0,"relics_obtained":["Potion Belt"],"max_hp_gain":0,"max_hp_loss":0,"event_name":"The Mausoleum","floor":19,"gold_loss":0,"cards_obtained":["Writhe"]}],"is_beta":false,"boss_relics":[{"not_picked":["Black Star","Orrery"],"picked":"White Beast Statue"}],"items_purged_floors":[11,22],"is_endless":false,"potions_floor_spawned":[2,4,5,8,10,12,18,21],"killed_by":"Gremlin Leader","ascension_level":20}