{"path_per_floor":["M","M","$","M","$","R","M","R","T","E","M","M","R","M","R","B",null,"M","$","?","$","M","$","R","M","T"],"character_chosen":"IRONCLAD","items_purchased":["Rampage"],"gold_per_floor":[114,134,67,77,2,2,19,19,19,50,65,85,85,97,97,200,200,213,113,213,88,73,73,73,88,88,88],"floor_reached":27,"campfire_rested":3,"playtime":1286,"current_hp_per_floor":[87,87,87,83,83,83,79,79,79,49,32,25,52,55,82,20,93,69,69,69,69,45,45,73,22,22,0],"items_purged":["Strike_R","Strike_R","Strike_R"],"gold":88,"score":262,"play_id":"c5976fca-cefa-479a-bde4-46a001df8516","local_time":"20180425190333","is_prod":false,"is_daily":false,"chose_seed":false,"is_ascension_mode":true,"campfire_upgraded":2,"timestamp":1524697413,"path_taken":["M","M","?","?","$","R","M","R","T","E","M","M","R","M","R","BOSS","M","$","?","$","?","$","R","M","T","E"],"build_version":"2018-04-19","seed_source_timestamp":867368433802759,"purchased_purges":3,"victory":false,"master_deck":["Strike_R","Strike_R","Defend_R","Defend_R","Defend_R","Defend_R","Bash","Inflame+1","Rampage+1","Feed","Dual Wield"],"max_hp_per_floor":[87,87,87,87,87,87,87,87,87,87,87,90,90,93,93,93,93,93,93,93,93,96,96,96,99,99,99],"relics":["Burning Blood","Strawberry","Ancient Tea Set","Paper Frog","Lizard Tail","Oddly Smooth Stone"],"card_choices":[{"not_picked":["Havoc","Armaments"],"picked":"Inflame","floor":2},{"not_picked":["Shrug It Off","Havoc"],"picked":"Feed","floor":10},{"not_picked":["Wild Strike","Armaments"],"picked":"Dual Wield","floor":11}],"player_experience":752310,"potions_floor_usage":[7,12,16,16,16,22,22,27],"damage_taken":[{"damage":6,"enemies":"Cultist","floor":1,"turns":3},{"damage":3,"enemies":"2 Louse","floor":2,"turns":4},{"damage":10,"enemies":"Small Slimes","floor":4,"turns":4},{"damage":10,"enemies":"Gremlin Gang","floor":7,"turns":4},{"damage":36,"enemies":"Lagavulin","floor":10,"turns":6},{"damage":23,"enemies":"Red Slaver","floor":11,"turns":5},{"damage":28,"enemies":"3 Louse","floor":12,"turns":5},{"damage":6,"enemies":"Exordium Thugs","floor":14,"turns":4},{"damage":68,"enemies":"Hexaghost","floor":16,"turns":8},{"damage":30,"enemies":"Spheric Guardian","floor":18,"turns":5},{"damage":33,"enemies":"2 Thieves","floor":22,"turns":4},{"damage":60,"enemies":"Sentry and Sphere","floor":25,"turns":6},{"damage":78,"enemies":"Book of Stabbing","floor":27,"turns":5}],"event_choices":[{"event_name":"Golden Shrine","player_choice":"Pray","floor":20,"damage_taken":0}],"boss_relics":[{"not_picked":["Ectoplasm","Runic Cube"],"picked":"Lizard Tail"}],"potions_floor_spawned":[2,4,11,12,14,16,18,25],"seed_played":"-8713592315870805641","killed_by":"Book of Stabbing","ascension_level":2,"is_trial":false}