{"path_per_floor":["M","$","M","?","?","E","R","M","T","$","R","?","R","M","R","B",null,"M","M","?","$","?","E","R","?","T","R","M","M","R","M","R","B",null,"M","?","M","M","?","R","M","M","T","$","R","?","?","M","R"],"character_chosen":"DEFECT","items_purchased":["Gash","Apotheosis","Barrage","DataDisk","Orichalcum"],"gold_per_floor":[109,37,57,57,27,52,52,67,67,67,67,142,142,161,161,266,266,285,295,295,59,59,94,94,94,94,94,107,121,121,139,139,243,243,260,313,332,343,343,343,355,373,453,150,150,150,250,264,264,264],"floor_reached":50,"campfire_rested":5,"playtime":2365,"current_hp_per_floor":[75,75,75,60,60,60,60,60,60,60,60,49,71,67,67,50,75,70,68,68,68,54,22,46,30,30,69,69,69,69,76,76,28,80,75,49,49,44,44,80,69,58,58,58,70,65,65,39,80,0],"items_purged":[],"gold":264,"score":510,"play_id":"6416cf73-d92c-44ec-959d-998a84b8b89d","local_time":"20180502204429","is_prod":false,"is_daily":false,"chose_seed":false,"is_ascension_mode":false,"campfire_upgraded":6,"timestamp":1525308269,"path_taken":["M","$","M","?","?","E","R","M","T","$","R","?","R","M","R","BOSS","M","?","?","?","?","E","R","?","T","R","M","M","R","?","R","BOSS","M","?","M","?","?","R","M","M","T","?","R","?","?","M","R","BOSS"],"build_version":"2018-05-01v2","seed_source_timestamp":1477155974812231,"purchased_purges":0,"victory":false,"master_deck":["Strike_B","Strike_B","Strike_B","Strike_B","Defend_B","Defend_B+1","Defend_B","Defend_B","Zap","Dualcast","Melter+1","Gash+1","Auto Shields+1","Reinforced Body","Blaster+1","Reprieve+1","Biased Cognition","Buffer","Apotheosis+1","Barrage+1","Scrape+1","Barrage+1","Chaos+1","Barrage+1","Biased Cognition","Go for the Eyes+1","FTL+1","FTL+1","Ball Lightning+1","Self Repair+1","Magnetism","Sadistic Nature","Go for the Eyes+1"],"max_hp_per_floor":[75,75,75,75,75,75,75,75,75,75,75,75,75,75,75,75,75,75,75,75,75,80,80,80,80,80,80,80,80,80,80,80,80,80,80,80,80,80,80,80,80,80,80,80,80,80,80,80,80,80],"relics":["Cracked Core","NeowsBlessing","Mercury Hourglass","Molten Egg 2","Nuclear Battery","Letter Opener","Enchiridion","Regal Pillow","Eternal Feather","Calipers","Kunai","DataDisk","Orichalcum"],"card_choices":[{"not_picked":["Capacitor","Rebound"],"picked":"Melter","floor":1},{"not_picked":["Ball Lightning","Capacitor"],"picked":"Auto Shields","floor":3},{"not_picked":["Hologram","Beam Cell"],"picked":"Reinforced Body","floor":6},{"not_picked":["Skim","Beam Cell"],"picked":"Blaster","floor":8},{"not_picked":["Loop","Hello World"],"picked":"Reprieve","floor":14},{"not_picked":["Creative AI","Fusion"],"picked":"Biased Cognition","floor":16},{"not_picked":["Skim","Go for the Eyes"],"picked":"Buffer","floor":18},{"not_picked":["Streamline","Hologram"],"picked":"Scrape","floor":23},{"not_picked":["Cold Snap","Ball Lightning"],"picked":"Barrage","floor":28},{"not_picked":["Sweeping Beam","Stack"],"picked":"Chaos","floor":29},{"not_picked":["Skim","Loop"],"picked":"Barrage","floor":31},{"not_picked":["Reboot","All For One"],"picked":"Biased Cognition","floor":33},{"not_picked":["Doom and Gloom","Blizzard"],"picked":"Go for the Eyes","floor":35},{"not_picked":["Streamline","Coolheaded"],"picked":"FTL","floor":36},{"not_picked":["Static Discharge","Loop"],"picked":"FTL","floor":37},{"not_picked":["Cold Snap","Axe Kick"],"picked":"Ball Lightning","floor":41},{"not_picked":["Static Discharge","Biased Cognition"],"picked":"Self Repair","floor":42},{"not_picked":["Enlightenment","Master of Strategy"],"picked":"Magnetism","floor":46},{"not_picked":["Dramatic Entrance","Blind"],"picked":"Sadistic Nature","floor":46},{"not_picked":["Reinforced Body","Hologram"],"picked":"Go for the Eyes","floor":48}],"player_experience":116095,"potions_floor_usage":[16,16,16,18,23,29,35,37,42,48],"damage_taken":[{"damage":0,"enemies":"Jaw Worm","floor":1,"turns":1},{"damage":0,"enemies":"Small Slimes","floor":3,"turns":1},{"damage":0,"enemies":"Lagavulin","floor":6,"turns":1},{"damage":0,"enemies":"2 Louse","floor":8,"turns":2},{"damage":4,"enemies":"2 Fungi Beasts","floor":14,"turns":3},{"damage":17,"enemies":"The Guardian","floor":16,"turns":10},{"damage":5,"enemies":"3 Byrds","floor":18,"turns":4},{"damage":2,"enemies":"Spheric Guardian","floor":19,"turns":3},{"damage":32,"enemies":"Slavers","floor":23,"turns":5},{"damage":0,"enemies":"Snecko","floor":28,"turns":6},{"damage":0,"enemies":"Cultist and Chosen","floor":29,"turns":5},{"damage":0,"enemies":"3 Cultists","floor":31,"turns":5},{"damage":48,"enemies":"Automaton","floor":33,"turns":7},{"damage":12,"enemies":"Orb Walker","floor":35,"turns":3},{"damage":26,"enemies":"Mysterious Sphere","floor":36,"turns":3},{"damage":0,"enemies":"3 Shapes","floor":37,"turns":2},{"damage":5,"enemies":"Maw","floor":38,"turns":6},{"damage":11,"enemies":"Sphere and 2 Shapes","floor":41,"turns":3},{"damage":11,"enemies":"4 Shapes","floor":42,"turns":3},{"damage":43,"enemies":"Spire Growth","floor":48,"turns":4},{"damage":82,"enemies":"Awakened One","floor":50,"turns":5}],"event_choices":[{"event_name":"Shining Light","player_choice":"Entered Light","floor":4,"damage_taken":0},{"event_name":"The Woman in Blue","player_choice":"Bought 2 Potions","floor":5,"damage_taken":0},{"event_name":"World of Goop","player_choice":"Gather Gold","floor":12,"damage_taken":0},{"event_name":"Drug Dealer","player_choice":"Ignored","floor":20,"damage_taken":0},{"event_name":"Forgotten Altar","player_choice":"Shed Blood","floor":22,"damage_taken":0},{"event_name":"Cursed Tome","player_choice":"Obtained Book","floor":25,"damage_taken":0},{"event_name":"Mysterious Sphere","player_choice":"Fight","floor":36,"damage_taken":0},{"event_name":"Tomb of Lord Red Mask","player_choice":"Ignored","floor":39,"damage_taken":0},{"event_name":"SensoryStone","player_choice":"Memory 2","floor":46,"damage_taken":0},{"event_name":"Golden Shrine","player_choice":"Pray","floor":47,"damage_taken":0}],"boss_relics":[{"not_picked":["Astrolabe","Sozu"],"picked":"Nuclear Battery"},{"not_picked":["Runic Dome","Philosopher\u0027s Stone"],"picked":"Eternal Feather"}],"potions_floor_spawned":[1,6,16,19,28,33,36,41,42],"seed_played":"-7704461660358616769","killed_by":"Awakened One","ascension_level":0,"is_trial":false}