{"gold_per_floor":[117,117,128,48,48,48,77,90,114,114,114,85,85,110,110,239,239,254,25,25,25,25],"floor_reached":22,"playtime":599,"items_purged":["Injury"],"score":238,"play_id":"71699c9d-a5ae-4c11-b73d-b14756234bf1","local_time":"20190605032534","is_ascension_mode":true,"campfire_choices":[{"data":"Limit Break","floor":6,"key":"SMITH"},{"data":"Rampage","floor":15,"key":"SMITH"}],"neow_cost":"NONE","seed_source_timestamp":1244571592457400,"circlet_count":0,"master_deck":["Strike_R","Strike_R","Strike_R","Strike_R","Defend_R","Defend_R","Defend_R","Defend_R","Bash+1","Flex+1","Limit Break+1","Rampage+1","Combust","Flex","Combust","Feed","Rampage"],"relics":["Burning Blood","Red Skull","Ancient Tea Set","Golden Idol","Mark of Pain","Vajra"],"potions_floor_usage":[7,10,16,18,20],"damage_taken":[{"damage":0,"enemies":"Small Slimes","floor":1,"turns":3},{"damage":7,"enemies":"Jaw Worm","floor":3,"turns":2},{"damage":18,"enemies":"Gremlin Nob","floor":7,"turns":3},{"damage":0,"enemies":"Cultist","floor":8,"turns":3},{"damage":0,"enemies":"Lagavulin","floor":10,"turns":2},{"damage":23,"enemies":"Lots of Slimes","floor":14,"turns":3},{"damage":46,"enemies":"Hexaghost","floor":16,"turns":6},{"damage":22,"enemies":"3 Byrds","floor":18,"turns":5},{"damage":42,"enemies":"Colosseum Slavers","floor":20,"turns":4},{"damage":19,"enemies":"Shell Parasite","floor":22,"turns":2}],"seed_played":"8340103750127438036","potions_obtained":[{"floor":3,"key":"GamblersBrew"},{"floor":7,"key":"SmokeBomb"},{"floor":14,"key":"FearPotion"},{"floor":16,"key":"Strength Potion"},{"floor":18,"key":"GamblersBrew"}],"is_trial":false,"path_per_floor":["M","?","M","$","?","R","E","M","T","E","$","?","?","M","R","B",null,"M","$","?","$","M"],"character_chosen":"IRONCLAD","items_purchased":["Rampage","Vajra"],"campfire_rested":0,"item_purchase_floors":[4,19],"current_hp_per_floor":[80,80,79,79,79,79,67,73,73,79,79,79,79,62,62,22,66,50,50,14,14,0],"gold":25,"neow_bonus":"UPGRADE_CARD","is_prod":false,"is_daily":false,"chose_seed":false,"campfire_upgraded":2,"win_rate":0,"timestamp":1559719534,"path_taken":["M","?","M","$","?","R","E","?","T","E","?","?","?","M","R","BOSS","M","$","?","$","M"],"build_version":"2019-06-02","purchased_purges":1,"victory":false,"max_hp_per_floor":[80,80,80,80,80,80,80,80,80,80,80,80,80,80,80,80,80,80,80,80,80,80],"card_choices":[{"not_picked":["Armaments","Clothesline"],"picked":"Flex","floor":1},{"not_picked":["Disarm","Feel No Pain"],"picked":"Limit Break","floor":3},{"not_picked":["Iron Wave","Thunderclap"],"picked":"Combust","floor":7},{"not_picked":["Iron Wave","Shrug It Off"],"picked":"Flex","floor":8},{"not_picked":["Armaments","Heavy Blade"],"picked":"Combust","floor":14},{"not_picked":["Demon Form","Reaper"],"picked":"Feed","floor":16},{"not_picked":["Sword Boomerang","Heavy Blade"],"picked":"Rampage","floor":18}],"player_experience":965663,"relics_obtained":[{"floor":7,"key":"Red Skull"},{"floor":9,"key":"Ancient Tea Set"}],"event_choices":[{"damage_healed":0,"gold_gain":0,"player_choice":"Grow","damage_taken":0,"max_hp_gain":0,"max_hp_loss":0,"event_name":"Living Wall","floor":2,"gold_loss":0,"cards_upgraded":["Flex"]},{"cards_removed":["Strike_R"],"damage_healed":0,"gold_gain":0,"player_choice":"Purged","damage_taken":0,"max_hp_gain":0,"max_hp_loss":0,"event_name":"Purifier","floor":5,"gold_loss":0},{"damage_healed":0,"gold_gain":0,"player_choice":"Left Gold","damage_taken":0,"max_hp_gain":0,"max_hp_loss":0,"event_name":"World of Goop","floor":12,"gold_loss":29},{"damage_healed":0,"gold_gain":0,"player_choice":"Take Wound","damage_taken":0,"relics_obtained":["Golden Idol"],"max_hp_gain":0,"max_hp_loss":0,"event_name":"Golden Idol","floor":13,"gold_loss":0,"cards_obtained":["Injury"]},{"damage_healed":0,"gold_gain":0,"player_choice":"Fight","damage_taken":0,"max_hp_gain":0,"max_hp_loss":0,"event_name":"Colosseum","floor":20,"gold_loss":0},{"damage_healed":0,"gold_gain":0,"player_choice":"Fled From Nobs","damage_taken":0,"max_hp_gain":0,"max_hp_loss":0,"event_name":"Colosseum","floor":20,"gold_loss":0}],"is_beta":true,"boss_relics":[{"not_picked":["Fusion Hammer","Runic Dome"],"picked":"Mark of Pain"}],"items_purged_floors":[19],"is_endless":false,"potions_floor_spawned":[3,7,14,16,18],"killed_by":"Shell Parasite","ascension_level":5}