{"gold_per_floor":[114,114,414,429,444,444,459,459,459,474,406,406,425,444,444,569,569,588,288,307,307,307,307,326,326,351,351,351,370,389,389,389,514,514,533,552,100,119,452,452,35,50,100,115,130,145,145,145,145,145],"floor_reached":51,"playtime":2729,"items_purged":[],"score":1143,"play_id":"3ca3b806-8b2b-4f2a-a40f-cdc0e8ea8d66","local_time":"20180727033411","daily_mods":["Specialized","Night Terrors","Hoarder"],"is_ascension_mode":false,"campfire_choices":[{"floor":6,"key":"REST"},{"data":"Perfected Strike","floor":8,"key":"SMITH"},{"floor":15,"key":"REST"},{"data":"Sentinel","floor":23,"key":"SMITH"},{"data":"Dual Wield","floor":25,"key":"SMITH"},{"data":"Dual Wield","floor":27,"key":"SMITH"},{"data":"Dual Wield","floor":32,"key":"SMITH"},{"floor":40,"key":"REST"},{"data":"Perfected Strike","floor":49,"key":"SMITH"}],"neow_cost":"","seed_source_timestamp":1551653916764910,"circlet_count":0,"master_deck":["Strike_R","Strike_R","Strike_R","Strike_R","Strike_R","Defend_R","Defend_R","Defend_R","Defend_R","Bash","Exhume","Exhume","Exhume","Exhume","Exhume","Exhume","Exhume","Exhume","Exhume","Exhume","Exhume","Exhume","Exhume","Exhume","Perfected Strike","Perfected Strike+1","Perfected Strike+1","Juggernaut","Juggernaut","Juggernaut","Normality","Normality","Corruption","Corruption","Corruption","Pommel Strike","Pommel Strike","Pommel Strike","Feel No Pain","Feel No Pain","Feel No Pain","Pommel Strike","Pommel Strike","Pommel Strike","Twin Strike","Twin Strike","Twin Strike","Second Wind","Second Wind","Second Wind","Dark Embrace","Dark Embrace","Dark Embrace","Pommel Strike","Pommel Strike","Pommel Strike","Sentinel+1","Sentinel","Sentinel","Decay","Decay","Decay","Ghostly","Ghostly","Ghostly","Ghostly","Ghostly","Ghostly","Ghostly","Ghostly","Ghostly","Ghostly","Ghostly","Ghostly","Ghostly","Ghostly","Ghostly","Dual Wield+1","Dual Wield+1","Dual Wield+1","Parasite","Parasite","Parasite","Decay","Decay","Decay","Twin Strike","Twin Strike","Twin Strike","Warcry","Warcry","Warcry","Feed","Feed","Feed","Headbutt+1","Headbutt+1","Headbutt+1","Dropkick+1","Dropkick+1","Dropkick+1","Apotheosis","Apotheosis","Apotheosis","Body Slam","Body Slam","Body Slam","True Grit","True Grit","True Grit","Perfected Strike","Perfected Strike","Perfected Strike","Feed","Feed","Feed","Reaper","Reaper","Reaper","Seeing Red","Seeing Red","Seeing Red","True Grit+1","True Grit+1","True Grit+1","Writhe","Writhe","Writhe","Sentinel+1","Sentinel+1","Sentinel+1","Disarm","Disarm","Disarm","Madness","Madness","Madness","Madness","Madness","Madness"],"special_seed":17739,"relics":["Black Blood","Old Coin","Shuriken","Dodecahedron","Cursed Key","Du-Vu Doll","Happy Flower","Ginger","Blood Vial","DollysMirror","Strawberry","Turnip"],"potions_floor_usage":[7,13,16,29,30,33,42,45,46],"damage_taken":[{"damage":14,"enemies":"2 Louse","floor":1,"turns":5},{"damage":11,"enemies":"Jaw Worm","floor":4,"turns":2},{"damage":17,"enemies":"Small Slimes","floor":5,"turns":4},{"damage":5,"enemies":"Looter","floor":7,"turns":2},{"damage":38,"enemies":"Gremlin Gang","floor":10,"turns":7},{"damage":9,"enemies":"2 Fungi Beasts","floor":13,"turns":2},{"damage":11,"enemies":"Lots of Slimes","floor":14,"turns":7},{"damage":35,"enemies":"The Guardian","floor":16,"turns":10},{"damage":0,"enemies":"Spheric Guardian","floor":18,"turns":2},{"damage":0,"enemies":"2 Thieves","floor":20,"turns":4},{"damage":4,"enemies":"Centurion and Healer","floor":24,"turns":3},{"damage":10,"enemies":"Cultist and Chosen","floor":29,"turns":6},{"damage":7,"enemies":"Snake Plant","floor":30,"turns":3},{"damage":0,"enemies":"Champ","floor":33,"turns":6},{"damage":14,"enemies":"Orb Walker","floor":35,"turns":4},{"damage":16,"enemies":"3 Shapes","floor":36,"turns":4},{"damage":32,"enemies":"Spire Growth","floor":38,"turns":3},{"damage":0,"enemies":"Flame Bruiser 2 Orb","floor":42,"turns":3},{"damage":11,"enemies":"Transient","floor":44,"turns":5},{"damage":10,"enemies":"3 Darklings","floor":45,"turns":2},{"damage":7,"enemies":"Maw","floor":46,"turns":7},{"damage":0,"floor":47,"turns":5},{"damage":30,"enemies":"Awakened One","floor":50,"turns":12}],"seed_played":"-8062012140041976232","potions_obtained":[{"floor":5,"key":"Poison Potion"},{"floor":10,"key":"AttackPotion"},{"floor":14,"key":"EssenceOfSteel"},{"floor":16,"key":"FairyPotion"},{"floor":24,"key":"AttackPotion"},{"floor":29,"key":"LiquidBronze"},{"floor":30,"key":"EssenceOfSteel"},{"floor":35,"key":"SpeedPotion"},{"floor":38,"key":"AttackPotion"},{"floor":44,"key":"SkillPotion"}],"is_trial":false,"path_per_floor":["M","?","?","M","M","R","M","R","T","M","?","?","M","M","R","B",null,"M","$","M","?","?","R","M","R","T","R","T","M","M","?","R","B",null,"M","M","$","M","?","R","$","M","T","M","M","M","?","?","R","B"],"character_chosen":"IRONCLAD","items_purchased":["Du-Vu Doll","Blood Vial","Apotheosis","Body Slam","True Grit","DollysMirror","Reaper","Seeing Red"],"campfire_rested":3,"item_purchase_floors":[19,37,37,37,37,41,41,41],"current_hp_per_floor":[72,72,72,67,56,75,75,75,75,43,43,25,22,17,70,41,70,70,70,70,70,35,35,35,35,35,35,35,31,30,30,30,35,35,31,25,25,13,13,30,30,30,37,37,37,37,37,32,32,37],"gold":145,"neow_bonus":"","is_prod":false,"is_daily":true,"chose_seed":false,"campfire_upgraded":6,"win_rate":0,"timestamp":1532676851,"path_taken":["M","?","?","M","M","R","M","R","T","M","?","?","M","M","R","BOSS","M","$","M","?","?","R","?","R","T","R","?","?","?","?","R","BOSS","M","M","$","M","?","R","$","M","T","M","M","M","?","?","R","BOSS"],"build_version":"2018-07-26","purchased_purges":0,"victory":true,"max_hp_per_floor":[80,80,80,80,80,75,75,75,75,75,75,75,75,75,70,70,70,70,70,70,70,35,35,35,35,35,35,35,35,35,35,35,35,35,35,35,35,35,35,30,30,30,37,37,37,37,37,37,37,37],"card_choices":[{"not_picked":["Headbutt","Twin Strike"],"picked":"Perfected Strike","floor":1},{"not_picked":["Second Wind","Havoc"],"picked":"Corruption","floor":4},{"not_picked":["Wild Strike","Clash"],"picked":"Pommel Strike","floor":5},{"not_picked":["Dual Wield","Iron Wave"],"picked":"Feel No Pain","floor":7},{"not_picked":["Headbutt","Heavy Blade"],"picked":"Pommel Strike","floor":10},{"not_picked":["Metallicize","Dual Wield"],"picked":"Twin Strike","floor":13},{"not_picked":["Clothesline","Wild Strike"],"picked":"Second Wind","floor":14},{"not_picked":["Demon Form","Reaper"],"picked":"Dark Embrace","floor":16},{"not_picked":["Anger","Heavy Blade"],"picked":"Pommel Strike","floor":18},{"not_picked":["Intimidate+1","Pommel Strike"],"picked":"Sentinel","floor":20},{"not_picked":["Cleave+1","Shockwave"],"picked":"Dual Wield","floor":24},{"not_picked":["Searing Blow+1","Armaments"],"picked":"Twin Strike","floor":29},{"not_picked":["Havoc","Rampage"],"picked":"Warcry","floor":30},{"not_picked":["Offering","Juggernaut"],"picked":"Feed","floor":33},{"not_picked":["Ghostly Armor","Pommel Strike"],"picked":"Headbutt+1","floor":35},{"not_picked":["Evolve","Clothesline"],"picked":"Dropkick+1","floor":36},{"not_picked":["Cleave+1","Bloodletting"],"picked":"Perfected Strike","floor":38},{"not_picked":["Wild Strike","Clash+1"],"picked":"True Grit+1","floor":42},{"not_picked":["Spot Weakness+1","Reckless Charge+1","Iron Wave"],"picked":"SKIP","floor":44},{"not_picked":["Headbutt","Clash","Reckless Charge+1"],"picked":"SKIP","floor":45},{"not_picked":["Clothesline+1","Infernal Blade+1"],"picked":"Sentinel+1","floor":46},{"not_picked":["Dual Wield+1","Heavy Blade"],"picked":"Disarm","floor":47}],"player_experience":514191,"relics_obtained":[{"floor":9,"key":"Shuriken"},{"floor":26,"key":"Happy Flower"},{"floor":28,"key":"Ginger"},{"floor":43,"key":"Strawberry"},{"floor":47,"key":"Turnip"}],"event_choices":[{"event_name":"Living Wall","player_choice":"Change","floor":2,"damage_taken":0},{"event_name":"Accursed Blacksmith","player_choice":"Rummage","floor":3,"damage_taken":0},{"event_name":"WeMeetAgain","player_choice":"Gold","floor":11,"damage_taken":0},{"event_name":"Golden Idol","player_choice":"Take Damage","floor":12,"damage_taken":0},{"event_name":"Wheel of Change","player_choice":"Curse","floor":21,"damage_taken":0},{"event_name":"Ghosts","player_choice":"Became a Ghost","floor":22,"damage_taken":0},{"event_name":"Back to Basics","player_choice":"Elegance","floor":31,"damage_taken":0},{"event_name":"The Moai Head","player_choice":"Gave Idol","floor":39,"damage_taken":0},{"event_name":"MindBloom","player_choice":"Fight","floor":47,"damage_taken":0},{"event_name":"Winding Halls","player_choice":"Embrace Madness","floor":48,"damage_taken":0}],"is_beta":true,"boss_relics":[{"not_picked":["Coffee Dripper","Sozu"],"picked":"Cursed Key"},{"not_picked":["Runic Dome","Velvet Choker"],"picked":"Black Blood"}],"items_purged_floors":[],"is_endless":false,"potions_floor_spawned":[5,10,14,16,24,29,30,35,38,44],"ascension_level":0}