{"gold_per_floor":[368,29,45,61,71,98,98,123,123,136,154,183,183,203,203,203],"floor_reached":16,"playtime":610,"items_purged":[],"score":143,"play_id":"681e1859-786a-40be-b5a0-afa63d8cc9f7","local_time":"20180712142909","is_ascension_mode":true,"campfire_choices":[{"floor":7,"key":"REST"},{"floor":13,"key":"REST"},{"floor":15,"key":"REST"}],"neow_cost":"CURSE","seed_source_timestamp":299036452343663,"circlet_count":0,"master_deck":["Strike_R","Strike_R","Strike_R","Strike_R","Strike_R","Defend_R","Defend_R","Defend_R","Defend_R","Bash","Decay","Pummel","Corruption","The Bomb","Carnage","Flex","Rampage","Metallicize","Seeing Red","Whirlwind","Dropkick","Flex","Burning Pact","Flex"],"relics":["Burning Blood","Happy Flower","Potion Belt","Darkstone Periapt","Girya"],"potions_floor_usage":[5,6,11,14],"damage_taken":[{"damage":3,"enemies":"Cultist","floor":1,"turns":4},{"damage":11,"enemies":"Small Slimes","floor":3,"turns":3},{"damage":10,"enemies":"2 Louse","floor":4,"turns":2},{"damage":6,"enemies":"Blue Slaver","floor":5,"turns":3},{"damage":40,"enemies":"Lagavulin","floor":6,"turns":4},{"damage":35,"enemies":"Gremlin Nob","floor":8,"turns":5},{"damage":0,"enemies":"Lots of Slimes","floor":10,"turns":1},{"damage":6,"enemies":"Exordium Thugs","floor":11,"turns":3},{"damage":20,"enemies":"3 Sentries","floor":12,"turns":3},{"damage":39,"enemies":"Gremlin Gang","floor":14,"turns":3},{"damage":42,"enemies":"The Guardian","floor":16,"turns":5}],"seed_played":"-5533013911095943728","potions_obtained":[{"floor":3,"key":"FearPotion"},{"floor":4,"key":"Dexterity Potion"},{"floor":10,"key":"Block Potion"},{"floor":12,"key":"PowerPotion"}],"is_trial":false,"path_per_floor":["M","$","M","M","M","E","R","E","T","M","M","E","R","M","R"],"character_chosen":"IRONCLAD","items_purchased":["Corruption","The Bomb","Carnage"],"campfire_rested":3,"item_purchase_floors":[2,2,2],"current_hp_per_floor":[80,80,75,71,71,37,61,32,32,38,38,24,48,15,39,0],"gold":203,"neow_bonus":"TWO_FIFTY_GOLD","is_prod":false,"is_daily":false,"chose_seed":false,"campfire_upgraded":0,"win_rate":0,"timestamp":1531420149,"path_taken":["M","$","M","M","M","E","R","E","T","?","M","E","R","M","R","BOSS"],"build_version":"2018-07-11","purchased_purges":0,"victory":false,"max_hp_per_floor":[80,80,80,80,80,80,80,80,80,80,80,80,80,80,80,80],"card_choices":[{"not_picked":["Warcry","Uppercut"],"picked":"Pummel","floor":1},{"not_picked":["Armaments","Blood for Blood"],"picked":"Flex","floor":3},{"not_picked":["Thunderclap","Warcry"],"picked":"Rampage","floor":4},{"not_picked":["Clothesline","Sword Boomerang"],"picked":"Metallicize","floor":5},{"not_picked":["Warcry","Sever Soul"],"picked":"Seeing Red","floor":6},{"not_picked":["Iron Wave","Combust"],"picked":"Whirlwind","floor":8},{"not_picked":["Flex","Inflame"],"picked":"Dropkick","floor":10},{"not_picked":["Sever Soul","Thunderclap"],"picked":"Flex","floor":11},{"not_picked":["Berserk","Sword Boomerang"],"picked":"Burning Pact","floor":12},{"not_picked":["Combust","Thunderclap"],"picked":"Flex","floor":14}],"player_experience":397285,"relics_obtained":[{"floor":6,"key":"Happy Flower"},{"floor":8,"key":"Potion Belt"},{"floor":9,"key":"Darkstone Periapt"},{"floor":12,"key":"Girya"}],"event_choices":[],"boss_relics":[],"items_purged_floors":[],"is_endless":false,"potions_floor_spawned":[3,4,10,12],"killed_by":"The Guardian","ascension_level":3}