{"gold_per_floor":[113,124,11,11,29,29,54,54,77,96,125,50,69,69,69,69],"floor_reached":16,"playtime":422,"items_purged":["Strike_G"],"score":220,"play_id":"9676b7b5-7f79-4fc0-b025-9c54a9f41c55","local_time":"20190707084809","is_ascension_mode":true,"campfire_choices":[{"data":"Dagger Spray","floor":6.0,"key":"SMITH"},{"floor":8.0,"key":"REST"},{"floor":15,"key":"REST"}],"neow_cost":"NONE","seed_source_timestamp":134355226833994,"circlet_count":0,"master_deck":["AscendersBane","Strike_G","Strike_G+1","Strike_G","Defend_G","Defend_G","Defend_G","Defend_G","Defend_G","Survivor","Neutralize","Dagger Throw+1","Dagger Spray+1","Footwork","Quick Slash","After Image","Backstab+1"],"special_seed":0,"relics":["Ring of the Snake","Regal Pillow","Whetstone","Bag of Preparation","Molten Egg 2"],"potions_floor_usage":[13,16],"damage_taken":[{"damage":0.0,"enemies":"Cultist","floor":1.0,"turns":4.0},{"damage":3.0,"enemies":"2 Louse","floor":2.0,"turns":3.0},{"damage":5.0,"enemies":"Small Slimes","floor":5.0,"turns":3.0},{"damage":28.0,"enemies":"Gremlin Nob","floor":7.0,"turns":4.0},{"damage":7,"enemies":"Red Slaver","floor":10,"turns":4},{"damage":27,"enemies":"3 Sentries","floor":11,"turns":6},{"damage":0,"enemies":"Looter","floor":13,"turns":4},{"damage":46,"enemies":"Slime Boss","floor":16,"turns":9}],"seed_played":"-6658738780340078694","potions_obtained":[{"floor":7.0,"key":"LiquidBronze"},{"floor":11,"key":"Fruit Juice"}],"is_trial":false,"path_per_floor":["M","M","$","?","M","R","E","R","T","M","E","$","M","?","R","B"],"character_chosen":"THE_SILENT","items_purchased":["Footwork","Quick Slash"],"campfire_rested":2,"item_purchase_floors":[3,3],"current_hp_per_floor":[65,62,62,36,31,31,3,39,39,32,5,5,10,3,41,0],"gold":69,"neow_bonus":"TEN_PERCENT_HP_BONUS","is_prod":false,"is_daily":false,"chose_seed":false,"campfire_upgraded":1,"win_rate":0,"timestamp":1562514489,"path_taken":["M","?","$","?","M","R","E","R","T","M","E","$","M","?","R","BOSS"],"build_version":"2019-07-05","purchased_purges":1,"victory":false,"max_hp_per_floor":[72,72,72,72,72,72,72,72,72,72,72,72,77,77,77,77],"card_choices":[{"not_picked":["Cloak And Dagger","Noxious Fumes"],"picked":"Dagger Throw","floor":1.0},{"not_picked":["Accuracy","Flying Knee"],"picked":"Dagger Spray","floor":2.0},{"not_picked":["Deflect","Poisoned Stab","Slice"],"picked":"SKIP","floor":5.0},{"not_picked":["Quick Slash","Skewer","Masterful Stab"],"picked":"SKIP","floor":7.0},{"not_picked":["Poisoned Stab","Prepared","Dagger Spray"],"picked":"SKIP","floor":10},{"not_picked":["Blade Dance","Dagger Spray"],"picked":"After Image","floor":11},{"not_picked":["Poisoned Stab+1","Flying Knee+1"],"picked":"Backstab+1","floor":13}],"player_experience":843029,"relics_obtained":[{"floor":7.0,"key":"Whetstone"},{"floor":9.0,"key":"Bag of Preparation"},{"floor":11,"key":"Molten Egg 2"}],"event_choices":[{"damage_healed":0.0,"max_hp_gain":0.0,"max_hp_loss":0.0,"gold_gain":0.0,"event_name":"Scrap Ooze","player_choice":"Success","floor":4.0,"gold_loss":0.0,"damage_taken":26.0,"relics_obtained":["Regal Pillow"]},{"cards_removed":["Strike_G"],"damage_healed":0,"gold_gain":0,"player_choice":"Card Removal","damage_taken":7,"max_hp_gain":0,"max_hp_loss":0,"event_name":"Golden Wing","floor":14,"gold_loss":0}],"is_beta":false,"boss_relics":[],"items_purged_floors":[12],"is_endless":false,"potions_floor_spawned":[7,11],"killed_by":"Slime Boss","ascension_level":20}