{"gold_per_floor":[119,30,30,30,205,205,239,239,239,259,259,272,272,285,285,415,415,401,29,29,29],"floor_reached":21,"playtime":535,"items_purged":[],"score":300,"play_id":"11f92a7c-d0c6-4ffa-b466-baf98066239a","local_time":"20190520030021","is_ascension_mode":true,"campfire_choices":[{"data":"Aggregate","floor":6,"key":"SMITH"},{"data":"Consume","floor":8,"key":"SMITH"},{"data":"Dualcast","floor":11,"key":"SMITH"},{"data":"Double Energy","floor":15,"key":"SMITH"}],"neow_cost":"NONE","seed_source_timestamp":247141047503800,"circlet_count":0,"master_deck":["Strike_B","Strike_B","Strike_B","Strike_B","Defend_B","Defend_B","Defend_B","Defend_B","Zap","Dualcast+1","Aggregate+1","Gash","Melter","Regret","Doubt","Consume+1","Hologram","Gash","Double Energy+1","Creative AI","Stack+1","Darkness+1","Turbo+1"],"relics":["Cracked Core","NeowsBlessing","Bag of Marbles","Golden Idol","Gremlin Horn","Dead Branch","Mango","Nuclear Battery","Toxic Egg 2","MutagenicStrength"],"potions_floor_usage":[12,14,16],"damage_taken":[{"damage":0,"enemies":"Jaw Worm","floor":1,"turns":1},{"damage":0,"enemies":"Gremlin Nob","floor":7,"turns":1},{"damage":0,"enemies":"Small Slimes","floor":10,"turns":1},{"damage":9,"enemies":"Cultist","floor":12,"turns":3},{"damage":13,"enemies":"Blue Slaver","floor":14,"turns":2},{"damage":4,"enemies":"Slime Boss","floor":16,"turns":7},{"damage":27,"enemies":"2 Thieves","floor":18,"turns":4},{"damage":69,"enemies":"Colosseum Slavers","floor":21,"turns":4}],"seed_played":"3313522365077294229","potions_obtained":[{"floor":1,"key":"Poison Potion"},{"floor":12,"key":"Explosive Potion"},{"floor":14,"key":"SkillPotion"}],"is_trial":false,"path_per_floor":["M","$","?","?","?","R","E","R","T","M","R","M","T","M","R","B",null,"M","$","?","?"],"character_chosen":"DEFECT","items_purchased":["Gash","Melter","Toxic Egg 2","Darkness+1","Turbo+1"],"campfire_rested":0,"item_purchase_floors":[2,2,19,19,19],"current_hp_per_floor":[75,75,75,69,69,69,69,69,69,69,69,60,74,61,61,57,83,56,56,56,0],"gold":29,"neow_bonus":"THREE_ENEMY_KILL","is_prod":false,"is_daily":false,"chose_seed":false,"campfire_upgraded":4,"win_rate":0,"timestamp":1558335621,"path_taken":["M","$","?","?","?","R","E","R","T","?","R","M","?","M","R","BOSS","M","$","?","?"],"build_version":"2019-05-07","purchased_purges":0,"victory":false,"max_hp_per_floor":[75,75,75,69,69,69,69,69,69,69,69,69,83,83,83,83,83,83,83,83,83],"card_choices":[{"not_picked":["Leap","Conserve Battery"],"picked":"Aggregate","floor":1},{"not_picked":["FTL","Hologram"],"picked":"Consume","floor":7},{"not_picked":["Compile Driver","Go for the Eyes"],"picked":"Hologram","floor":10},{"not_picked":["Hello World","Rebound"],"picked":"Gash","floor":12},{"not_picked":["Barrage","Hologram"],"picked":"Double Energy","floor":14},{"not_picked":["Reboot","Biased Cognition"],"picked":"Creative AI","floor":16},{"not_picked":["Rebound","Steam"],"picked":"Stack+1","floor":18}],"player_experience":892105,"relics_obtained":[{"floor":7,"key":"Gremlin Horn"},{"floor":9,"key":"Dead Branch"},{"floor":13,"key":"Mango"}],"event_choices":[{"damage_healed":0,"gold_gain":0,"player_choice":"Box","damage_taken":0,"relics_obtained":["Bag of Marbles"],"max_hp_gain":0,"max_hp_loss":0,"event_name":"Big Fish","floor":3,"gold_loss":0,"cards_obtained":["Regret"]},{"damage_healed":0,"gold_gain":0,"player_choice":"Lose Max HP","damage_taken":0,"relics_obtained":["Golden Idol"],"max_hp_gain":0,"max_hp_loss":6,"event_name":"Golden Idol","floor":4,"gold_loss":0},{"damage_healed":0,"gold_gain":175,"player_choice":"AGREE","damage_taken":0,"max_hp_gain":0,"max_hp_loss":0,"event_name":"Liars Game","floor":5,"gold_loss":0,"cards_obtained":["Doubt"]},{"damage_healed":0,"gold_gain":0,"player_choice":"Inject Mutagens","damage_taken":0,"relics_obtained":["MutagenicStrength"],"max_hp_gain":0,"max_hp_loss":0,"event_name":"Drug Dealer","floor":20,"gold_loss":0},{"damage_healed":0,"gold_gain":0,"player_choice":"Fight","damage_taken":0,"max_hp_gain":0,"max_hp_loss":0,"event_name":"Colosseum","floor":21,"gold_loss":0}],"is_beta":true,"boss_relics":[{"not_picked":["Black Star","Ectoplasm"],"picked":"Nuclear Battery"}],"items_purged_floors":[],"is_endless":false,"potions_floor_spawned":[1,12,14],"killed_by":"Colosseum Slavers","ascension_level":4}