{"gold_per_floor":[115,133,143,418,434,434,464,20,69,89,109,109,109,134,134,229,229,248,271,296,296],"floor_reached":21,"playtime":1059,"items_purged":["Regret"],"score":315,"play_id":"e07ff0fb-a600-454b-a136-12f3c76cb17f","local_time":"20190312012753","is_ascension_mode":true,"campfire_choices":[{"data":"Zap","floor":6.0,"key":"SMITH"},{"data":"Amplify","floor":12.0,"key":"SMITH"},{"data":"Undo","floor":15.0,"key":"SMITH"}],"neow_cost":"NONE","seed_source_timestamp":11979444505622,"circlet_count":0,"master_deck":["AscendersBane","Strike_B","Strike_B","Defend_B","Defend_B","Defend_B","Zap+1","Dualcast","Defragment+1","White Noise+1","Rebound+1","Conserve Battery","Consume","Gash","Undo+1","Machine Learning","Amplify+1","Buffer","Leap"],"special_seed":0,"relics":["Astrolabe","Bird Faced Urn","Pen Nib","Golden Idol","Nuclear Battery"],"potions_floor_usage":[21],"damage_taken":[{"damage":4.0,"enemies":"2 Louse","floor":1.0,"turns":3.0},{"damage":6.0,"enemies":"Cultist","floor":2.0,"turns":4.0},{"damage":7.0,"enemies":"Jaw Worm","floor":3.0,"turns":3.0},{"damage":12.0,"enemies":"Blue Slaver","floor":5.0,"turns":4.0},{"damage":9.0,"enemies":"Red Slaver","floor":10.0,"turns":4.0},{"damage":6.0,"enemies":"Large Slime","floor":11.0,"turns":4.0},{"damage":6.0,"enemies":"Looter","floor":14.0,"turns":4.0},{"damage":12.0,"enemies":"Slime Boss","floor":16.0,"turns":9.0},{"damage":12,"enemies":"Shell Parasite","floor":18,"turns":7},{"damage":40,"enemies":"3 Byrds","floor":19,"turns":5},{"damage":1,"enemies":"Shelled Parasite and Fungi","floor":20,"turns":7},{"damage":43,"enemies":"Centurion and Healer","floor":21,"turns":7}],"seed_played":"-6138563702736575396","potions_obtained":[{"floor":1.0,"key":"Swift Potion"},{"floor":3.0,"key":"Weak Potion"},{"floor":18,"key":"Dexterity Potion"}],"is_trial":false,"path_per_floor":["M","M","M","?","M","R","?","$","T","M","M","R","?","M","R","B",null,"M","M","M","M"],"character_chosen":"DEFECT","items_purchased":["Bird Faced Urn","Undo"],"campfire_rested":0,"item_purchase_floors":[8,8],"current_hp_per_floor":[60,54,47,47,35,35,35,35,35,30,30,30,30,32,32,28,55,55,21,32,0],"gold":296,"neow_bonus":"BOSS_RELIC","is_prod":false,"is_daily":false,"chose_seed":false,"campfire_upgraded":3,"win_rate":0,"timestamp":1552350473,"path_taken":["M","M","M","?","?","R","?","$","T","M","M","R","?","M","R","BOSS","M","M","M","M"],"build_version":"2019-01-23","purchased_purges":1,"victory":false,"max_hp_per_floor":[71,71,71,71,71,71,71,71,71,71,71,71,64,64,64,64,64,64,64,64,64],"card_choices":[{"not_picked":["Skim","Steam"],"picked":"Conserve Battery","floor":1.0},{"not_picked":["Compile Driver","Darkness"],"picked":"Consume","floor":2.0},{"not_picked":["Conserve Battery","Reprogram"],"picked":"Gash","floor":3.0},{"not_picked":["Compile Driver","BootSequence","Recycle"],"picked":"SKIP","floor":5.0},{"not_picked":["Scrape","Stack"],"picked":"Machine Learning","floor":10.0},{"not_picked":["Compile Driver","Stack"],"picked":"Amplify","floor":11.0},{"not_picked":["Conserve Battery","Rebound","Streamline"],"picked":"SKIP","floor":14.0},{"not_picked":["Fission","Core Surge"],"picked":"Buffer","floor":16.0},{"not_picked":["Turbo+1","Stack"],"picked":"Leap","floor":18},{"not_picked":["Redo","Cold Snap+1","Ball Lightning"],"picked":"SKIP","floor":19},{"not_picked":["Reprogram","Cold Snap","Aggregate"],"picked":"SKIP","floor":20}],"player_experience":527503,"relics_obtained":[{"floor":9.0,"key":"Pen Nib"}],"event_choices":[{"damage_healed":0.0,"max_hp_gain":0.0,"max_hp_loss":0.0,"gold_gain":275.0,"event_name":"Golden Shrine","player_choice":"Desecrate","floor":4.0,"gold_loss":0.0,"damage_taken":0.0,"cards_obtained":["Regret"]},{"damage_healed":0.0,"max_hp_gain":0.0,"max_hp_loss":0.0,"gold_gain":30.0,"event_name":"Dead Adventurer","player_choice":"Searched \u00271\u0027 times","floor":7.0,"gold_loss":0.0,"damage_taken":0.0},{"damage_healed":0.0,"max_hp_gain":0.0,"max_hp_loss":7.0,"gold_gain":0.0,"event_name":"Golden Idol","player_choice":"Lose Max HP","floor":13.0,"gold_loss":0.0,"damage_taken":0.0,"relics_obtained":["Golden Idol"]}],"is_beta":false,"boss_relics":[{"not_picked":["Tiny House","Lizard Tail"],"picked":"Nuclear Battery"}],"items_purged_floors":[8],"is_endless":false,"potions_floor_spawned":[1,3,18],"killed_by":"Centurion and Healer","ascension_level":16}