{"gold_per_floor":[118,134,50,61,61,61,61,61,61,76,76,115,13,34,34,163,163,178,278,297,22,22],"floor_reached":22,"playtime":1708,"items_purged":["Clumsy"],"score":193,"play_id":"1e37aca1-6e36-4f0a-8e4c-3d99a095e633","local_time":"20190706220543","is_ascension_mode":true,"campfire_choices":[{"data":"Armaments","floor":6,"key":"SMITH"},{"data":"Flex","floor":8,"key":"SMITH"},{"floor":15,"key":"REST"}],"neow_cost":"TEN_PERCENT_HP_LOSS","seed_source_timestamp":905220263961760,"circlet_count":0,"master_deck":["Strike_R","Strike_R","Strike_R","Strike_R","Strike_R","Defend_R","Defend_R+1","Defend_R","Defend_R+1","Bash","Armaments+1","Flex+1","Dramatic Entrance","Perfected Strike","Inflame","Reaper","Entrench","Carnage","Twin Strike","Barricade","Corruption+1","Seeing Red","Perfected Strike"],"relics":["Burning Blood","StoneCalendar","Golden Idol","Bottled Lightning","Omamori","Calling Bell","War Paint","Kunai","Unceasing Top","Juzu Bracelet"],"potions_floor_usage":[14,16,16],"damage_taken":[{"damage":6,"enemies":"Cultist","floor":1,"turns":5},{"damage":0,"enemies":"Small Slimes","floor":2,"turns":4},{"damage":4,"enemies":"Jaw Worm","floor":4,"turns":5},{"damage":0,"enemies":"Looter","floor":10,"turns":3},{"damage":49,"enemies":"3 Sentries","floor":12,"turns":7},{"damage":19,"enemies":"Exordium Thugs","floor":14,"turns":5},{"damage":29,"enemies":"Hexaghost","floor":16,"turns":9},{"damage":59,"enemies":"3 Byrds","floor":18,"turns":7},{"damage":15,"enemies":"Chosen","floor":20,"turns":4},{"damage":22,"enemies":"Snecko","floor":22,"turns":3}],"seed_played":"906986280490761724","potions_obtained":[{"floor":4,"key":"AttackPotion"},{"floor":10,"key":"PowerPotion"},{"floor":12,"key":"Regen Potion"},{"floor":20,"key":"Regen Potion"}],"is_trial":false,"path_per_floor":["M","M","$","M","?","R","?","R","T","M","T","E","$","M","R","B",null,"M","?","M","$","M"],"character_chosen":"IRONCLAD","items_purchased":["Dramatic Entrance","Entrench","Carnage","Juzu Bracelet","Perfected Strike"],"campfire_rested":1,"item_purchase_floors":[3,13,13,21,21],"current_hp_per_floor":[72,72,72,72,72,72,54,54,54,60,60,17,17,17,38,22,72,19,19,17,17,0],"gold":22,"neow_bonus":"ONE_RARE_RELIC","is_prod":false,"is_daily":false,"chose_seed":false,"campfire_upgraded":2,"win_rate":0,"timestamp":1562465143,"path_taken":["M","M","$","?","?","R","?","R","T","M","?","E","$","M","R","BOSS","M","?","M","?","M"],"build_version":"2019-07-05","purchased_purges":1,"victory":false,"max_hp_per_floor":[72,72,72,72,72,72,72,72,72,72,72,72,72,72,72,72,72,72,72,72,72,72],"card_choices":[{"not_picked":["Clothesline","Rupture"],"picked":"Armaments","floor":1},{"not_picked":["Clash","Rupture"],"picked":"Flex","floor":2},{"not_picked":["Clothesline","Body Slam"],"picked":"Perfected Strike","floor":4},{"not_picked":["Body Slam","Thunderclap"],"picked":"Inflame","floor":10},{"not_picked":["Body Slam","Pommel Strike"],"picked":"Reaper","floor":12},{"not_picked":["Flex","Bloodletting"],"picked":"Twin Strike","floor":14},{"not_picked":["Impervious","Juggernaut"],"picked":"Barricade","floor":16},{"not_picked":["Anger+1","Metallicize"],"picked":"Corruption+1","floor":18},{"not_picked":["Blood for Blood","Disarm+1"],"picked":"Seeing Red","floor":20}],"player_experience":77915,"relics_obtained":[{"floor":11,"key":"Bottled Lightning"},{"floor":12,"key":"Omamori"},{"floor":17,"key":"War Paint"},{"floor":17,"key":"Kunai"},{"floor":17,"key":"Unceasing Top"}],"event_choices":[{"damage_healed":0,"gold_gain":0,"player_choice":"Leave","damage_taken":0,"max_hp_gain":0,"max_hp_loss":0,"event_name":"The Cleric","floor":5,"gold_loss":0},{"damage_healed":0,"gold_gain":0,"player_choice":"Take Damage","damage_taken":18,"relics_obtained":["Golden Idol"],"max_hp_gain":0,"max_hp_loss":0,"event_name":"Golden Idol","floor":7,"gold_loss":0},{"damage_healed":0,"gold_gain":100,"player_choice":"Pray","damage_taken":0,"max_hp_gain":0,"max_hp_loss":0,"event_name":"Golden Shrine","floor":19,"gold_loss":0}],"is_beta":false,"boss_relics":[{"not_picked":["Astrolabe","Tiny House"],"picked":"Calling Bell"}],"items_purged_floors":[21],"is_endless":false,"potions_floor_spawned":[4,10,12,20],"killed_by":"Snecko","ascension_level":1}