{"path_per_floor":["M","$","?","M","M","E","R","M","T","M","?","M","M","$","R","B",null,"M","M","M","?","?","E","$","T","T","R","$","M","M","$","R"],"character_chosen":"IRONCLAD","items_purchased":["Inflame","Disarm","Energy Potion","Inflame"],"gold_per_floor":[116,41,41,60,80,110,110,120,120,139,139,151,162,37,37,138,138,127,146,166,91,6,71,71,95,120,120,56,76,88,8,8,8],"floor_reached":33,"campfire_rested":3,"playtime":2499,"current_hp_per_floor":[93,93,75,81,87,33,61,47,47,38,96,96,88,88,88,36,96,72,69,57,57,57,31,31,31,31,59,59,65,22,22,50,0],"items_purged":["Clumsy","Strike_R"],"gold":8,"score":321,"play_id":"8be896aa-316a-48be-bb48-f1c5b0fef5d9","local_time":"20180423093140","is_prod":false,"is_daily":false,"chose_seed":false,"is_ascension_mode":true,"campfire_upgraded":1,"timestamp":1524490300,"path_taken":["M","$","?","?","M","E","R","M","T","?","?","M","?","$","R","BOSS","M","?","M","?","?","E","$","?","T","R","$","M","M","$","R","BOSS"],"build_version":"2018-04-19","seed_source_timestamp":658781727665736,"purchased_purges":2,"victory":false,"master_deck":["Strike_R","Strike_R","Strike_R","Defend_R","Defend_R","Defend_R","Defend_R","Bash","Rampage","Armaments","Body Slam","Reaper+1","Inflame","Disarm","Juggernaut","Iron Wave+1","Body Slam+1","Rampage","Inflame","Iron Wave"],"max_hp_per_floor":[96,96,96,96,96,96,96,96,96,96,96,96,96,96,96,96,96,96,96,96,96,96,96,96,96,96,96,96,96,96,96,96,96],"relics":["Burning Blood","Du-Vu Doll","The Courier","Blue Candle","Philosopher\u0027s Stone","Meat on the Bone","Tiny Chest","Happy Flower","Bag of Preparation"],"card_choices":[{"not_picked":["Clash","Intimidate"],"picked":"Metallicize","floor":4},{"not_picked":["Feel No Pain","Reckless Charge"],"picked":"Rampage","floor":8},{"not_picked":["Wild Strike","Battle Trance"],"picked":"Armaments","floor":10},{"not_picked":["Havoc","Wild Strike"],"picked":"Body Slam","floor":12},{"not_picked":["Rupture","Twin Strike"],"picked":"Reaper","floor":13},{"not_picked":["Berserk","Fiend Fire"],"picked":"Juggernaut","floor":16},{"not_picked":["Sword Boomerang","Perfected Strike"],"picked":"Iron Wave","floor":18},{"not_picked":["Blood for Blood","Pommel Strike"],"picked":"Body Slam","floor":20},{"not_picked":["Iron Wave","Twin Strike"],"picked":"Rampage","floor":23},{"not_picked":["Disarm","Anger"],"picked":"Iron Wave","floor":30}],"player_experience":717991,"potions_floor_usage":[5,10,12,16,16,18,20,29,30,33],"damage_taken":[{"damage":9,"enemies":"Jaw Worm","floor":1,"turns":5},{"damage":0,"enemies":"Small Slimes","floor":4,"turns":3},{"damage":0,"enemies":"2 Louse","floor":5,"turns":2},{"damage":60,"enemies":"Lagavulin","floor":6,"turns":9},{"damage":20,"enemies":"Red Slaver","floor":8,"turns":5},{"damage":15,"enemies":"Lots of Slimes","floor":10,"turns":5},{"damage":6,"enemies":"3 Louse","floor":12,"turns":3},{"damage":14,"enemies":"Red Slaver","floor":13,"turns":5},{"damage":63,"enemies":"Hexaghost","floor":16,"turns":11},{"damage":30,"enemies":"2 Thieves","floor":18,"turns":4},{"damage":14,"enemies":"Chosen","floor":19,"turns":5},{"damage":31,"enemies":"Snecko","floor":20,"turns":5},{"damage":68,"enemies":"Gremlin Leader","floor":23,"turns":11},{"damage":22,"enemies":"Cultist and Chosen","floor":29,"turns":6},{"damage":61,"enemies":"Sentry and Sphere","floor":30,"turns":6},{"damage":53,"enemies":"Champ","floor":33,"turns":11}],"event_choices":[{"event_name":"Scrap Ooze","player_choice":"success","floor":3,"damage_taken":18},{"event_name":"Bonfire Elementals","player_choice":"UNCOMMON","floor":11,"damage_taken":0},{"event_name":"Beggar","player_choice":"Gave Gold","floor":21,"damage_taken":0},{"event_name":"Addict","player_choice":"Obtained Relic","floor":22,"damage_taken":0}],"boss_relics":[{"not_picked":["Sozu","Snecko Eye"],"picked":"Philosopher\u0027s Stone"}],"potions_floor_spawned":[1,8,10,13,16,19,23,29,30],"seed_played":"6091234473410807980","killed_by":"Champ","ascension_level":2,"is_trial":false}