{"gold_per_floor":[116,31,206,206,221,221,248,261,261,261,287,297,312,326,326,428,428,447,41,46,46,46,46],"floor_reached":23,"playtime":2099,"items_purged":[],"score":201,"play_id":"c0e8ea87-a123-4aa9-bd7e-d0b27e3a12d2","local_time":"20190704201102","is_ascension_mode":false,"campfire_choices":[{"data":"Zap","floor":6,"key":"SMITH"},{"data":"Self Repair","floor":10,"key":"SMITH"},{"floor":15,"key":"REST"}],"neow_cost":"NONE","seed_source_timestamp":725149076704022,"circlet_count":0,"master_deck":["Strike_B","Strike_B","Strike_B","Strike_B","Defend_B","Defend_B","Defend_B","Defend_B","Zap+1","Dualcast","Loop+1","Self Repair+1","Conserve Battery","Doubt","Rebound","Reinforced Body","Loop","Fission","Genetic Algorithm","Coolheaded","Compile Driver","Biased Cognition","Go for the Eyes","Apotheosis","All For One","Conserve Battery+1"],"relics":["Cracked Core","Peace Pipe","Bottled Lightning","Anchor","Black Star","Blood Vial","Enchiridion"],"potions_floor_usage":[16],"damage_taken":[{"damage":2,"enemies":"Small Slimes","floor":1,"turns":5},{"damage":1,"enemies":"Jaw Worm","floor":5,"turns":4},{"damage":32,"enemies":"3 Sentries","floor":7,"turns":8},{"damage":2,"enemies":"Cultist","floor":8,"turns":5},{"damage":26,"enemies":"Lagavulin","floor":11,"turns":6},{"damage":30,"enemies":"Exordium Thugs","floor":12,"turns":6},{"damage":11,"enemies":"Large Slime","floor":13,"turns":6},{"damage":0,"enemies":"Blue Slaver","floor":14,"turns":4},{"damage":21,"enemies":"Hexaghost","floor":16,"turns":10},{"damage":14,"enemies":"Chosen","floor":18,"turns":6},{"damage":24,"enemies":"2 Thieves","floor":20,"turns":5},{"damage":59,"enemies":"Gremlin Leader","floor":23,"turns":3}],"seed_played":"1242827571821738581","potions_obtained":[{"floor":8,"key":"LiquidBronze"},{"floor":11,"key":"Weak Potion"},{"floor":12,"key":"FocusPotion"},{"floor":16,"key":"Regen Potion"}],"is_trial":false,"path_per_floor":["M","$","?","?","M","R","E","M","T","R","E","M","M","M","R","B",null,"M","$","M","?","?","E"],"character_chosen":"DEFECT","items_purchased":["Self Repair","Conserve Battery","Blood Vial","Apotheosis","All For One"],"campfire_rested":1,"item_purchase_floors":[2,2,19,19,19],"current_hp_per_floor":[80,80,80,80,82,82,57,62,62,62,46,26,25,35,59,38,82,78,78,66,50,50,0],"gold":46,"neow_bonus":"TEN_PERCENT_HP_BONUS","is_prod":false,"is_daily":false,"chose_seed":false,"campfire_upgraded":2,"win_rate":0.0,"timestamp":1562285462,"path_taken":["M","$","?","?","M","R","E","M","T","R","E","M","M","?","R","BOSS","M","$","M","?","?","E"],"build_version":"2019-07-01","purchased_purges":0,"victory":false,"max_hp_per_floor":[82,82,82,82,82,82,82,82,82,82,82,82,82,82,82,82,82,82,82,82,82,82,82],"card_choices":[{"not_picked":["Barrage","Melter"],"picked":"Loop","floor":1},{"not_picked":["Scrape","Stack"],"picked":"Rebound","floor":5},{"not_picked":["Hologram","Ball Lightning"],"picked":"Reinforced Body","floor":7},{"not_picked":["Melter","Rebound"],"picked":"Loop","floor":8},{"not_picked":["Sweeping Beam","BootSequence"],"picked":"Fission","floor":11},{"not_picked":["Reprogram","Coolheaded"],"picked":"Genetic Algorithm","floor":12},{"not_picked":["Redo","Rebound"],"picked":"Coolheaded","floor":13},{"not_picked":["Rebound","Sweeping Beam"],"picked":"Compile Driver","floor":14},{"not_picked":["All For One","Reboot"],"picked":"Biased Cognition","floor":16},{"not_picked":["Beam Cell","Barrage"],"picked":"Go for the Eyes","floor":18},{"not_picked":["Gash","Hello World"],"picked":"Conserve Battery+1","floor":20}],"player_experience":32462,"relics_obtained":[{"floor":7,"key":"Peace Pipe"},{"floor":9,"key":"Bottled Lightning"},{"floor":11,"key":"Anchor"},{"floor":21,"key":"Enchiridion"}],"event_choices":[{"damage_healed":0,"gold_gain":175,"player_choice":"AGREE","damage_taken":0,"max_hp_gain":0,"max_hp_loss":0,"event_name":"Liars Game","floor":3,"gold_loss":0,"cards_obtained":["Doubt"]},{"damage_healed":0,"gold_gain":0,"player_choice":"Forge","damage_taken":0,"max_hp_gain":0,"max_hp_loss":0,"event_name":"Accursed Blacksmith","floor":4,"gold_loss":0,"cards_upgraded":["Loop"]},{"damage_healed":0,"gold_gain":0,"player_choice":"Obtained Book","damage_taken":16,"max_hp_gain":0,"max_hp_loss":0,"event_name":"Cursed Tome","floor":21,"gold_loss":0},{"damage_healed":0,"gold_gain":0,"player_choice":"Ignored","damage_taken":0,"max_hp_gain":0,"max_hp_loss":0,"event_name":"Ghosts","floor":22,"gold_loss":0}],"is_beta":false,"boss_relics":[{"not_picked":["White Beast Statue","Runic Dome"],"picked":"Black Star"}],"items_purged_floors":[],"is_endless":false,"potions_floor_spawned":[8,11,12,16],"killed_by":"Gremlin Leader","ascension_level":0}