{"gold_per_floor":[16,27,40,51,67,67,94,19,69,97,116,144,167,197,197,197],"floor_reached":16,"playtime":479,"items_purged":["Strike_B"],"score":314,"play_id":"19924e7a-6383-4bbe-b7dc-a9d4f5bedc1f","local_time":"20190629101857","is_ascension_mode":true,"campfire_choices":[{"data":"Beam Cell","floor":6.0,"key":"SMITH"},{"data":"Hyperbeam","floor":15,"key":"SMITH"}],"neow_cost":"NO_GOLD","seed_source_timestamp":1527535049444294,"circlet_count":0,"master_deck":["AscendersBane","Strike_B","Strike_B","Strike_B","Defend_B","Defend_B","Defend_B","Defend_B","Zap","Dualcast","Hyperbeam+1","Beam Cell+1","Sweeping Beam","Auto Shields","Gash","Glacier","Rebound","Self Repair","Hyperbeam"],"special_seed":0,"relics":["Cracked Core","Cables","Strawberry","Gremlin Horn","Blood Vial","Juzu Bracelet","PreservedInsect"],"potions_floor_usage":[16],"damage_taken":[{"damage":1.0,"enemies":"Cultist","floor":1.0,"turns":4.0},{"damage":2.0,"enemies":"Jaw Worm","floor":2.0,"turns":2.0},{"damage":5.0,"enemies":"2 Louse","floor":3.0,"turns":2.0},{"damage":9.0,"enemies":"Large Slime","floor":4.0,"turns":4.0},{"damage":8.0,"enemies":"Blue Slaver","floor":5.0,"turns":3.0},{"damage":19.0,"enemies":"Lagavulin","floor":7.0,"turns":6.0},{"damage":5.0,"enemies":"3 Sentries","floor":10.0,"turns":6.0},{"damage":0.0,"enemies":"2 Fungi Beasts","floor":11.0,"turns":3.0},{"damage":0.0,"enemies":"Gremlin Nob","floor":12.0,"turns":3.0},{"damage":20,"enemies":"Lagavulin","floor":14,"turns":6},{"damage":29,"enemies":"Hexaghost","floor":16,"turns":9}],"seed_played":"5203665429331141004","potions_obtained":[{"floor":7.0,"key":"Regen Potion"},{"floor":11.0,"key":"Swift Potion"},{"floor":12.0,"key":"Block Potion"},{"floor":14,"key":"FocusPotion"}],"is_trial":false,"path_per_floor":["M","M","M","M","M","R","E","$","T","E","M","E","T","E","R","B"],"character_chosen":"DEFECT","items_purchased":[],"campfire_rested":0,"item_purchase_floors":[],"current_hp_per_floor":[63,61,56,47,39,39,20,20,27,37,37,37,37,26,26,0],"gold":197,"neow_bonus":"THREE_RARE_CARDS","is_prod":false,"is_daily":false,"chose_seed":false,"campfire_upgraded":2,"win_rate":0,"timestamp":1561828737,"path_taken":["M","M","M","?","M","R","E","?","T","E","M","E","?","E","R","BOSS"],"build_version":"2019-01-23","purchased_purges":1,"victory":false,"max_hp_per_floor":[71,71,71,71,71,71,71,71,78,78,78,78,78,78,78,78],"card_choices":[{"not_picked":["Buffer","Rainbow"],"picked":"Hyperbeam","floor":0.0},{"not_picked":["Leap","Cold Snap"],"picked":"Beam Cell","floor":1.0},{"not_picked":["Stack","Coolheaded"],"picked":"Sweeping Beam","floor":2.0},{"not_picked":["Turbo","Gash"],"picked":"Auto Shields","floor":3.0},{"not_picked":["Sweeping Beam","Lockon","Coolheaded"],"picked":"SKIP","floor":4.0},{"not_picked":["Compile Driver","Cold Snap"],"picked":"Gash","floor":5.0},{"not_picked":["Force Field","Barrage"],"picked":"Glacier","floor":7.0},{"not_picked":["Reprogram","Redo","Recycle"],"picked":"SKIP","floor":10.0},{"not_picked":["Rebound","Storm","Doom and Gloom"],"picked":"SKIP","floor":11.0},{"not_picked":["Storm","Doom and Gloom"],"picked":"Rebound","floor":11.0},{"not_picked":["Tempest","Cold Snap"],"picked":"Self Repair","floor":12.0},{"not_picked":["Beam Cell","Chaos"],"picked":"Hyperbeam","floor":14}],"player_experience":818523,"relics_obtained":[{"floor":7.0,"key":"Cables"},{"floor":9.0,"key":"Strawberry"},{"floor":10.0,"key":"Gremlin Horn"},{"floor":12.0,"key":"Blood Vial"},{"floor":13.0,"key":"Juzu Bracelet"},{"floor":14,"key":"PreservedInsect"}],"event_choices":[],"is_beta":false,"boss_relics":[],"items_purged_floors":[8],"is_endless":false,"potions_floor_spawned":[7,11,12,14],"killed_by":"Hexaghost","ascension_level":20}