{"gold_per_floor":[113,131,142,142,0,25,25,60,110,110],"floor_reached":10,"playtime":758,"items_purged":[],"score":95,"play_id":"17789413-4a4e-4f88-95e2-2f394456ccab","local_time":"20190702195756","is_ascension_mode":true,"campfire_choices":[{"data":"Zap","floor":7,"key":"SMITH"}],"neow_cost":"NONE","seed_source_timestamp":511171098079490,"circlet_count":0,"master_deck":["Strike_B","Strike_B","Strike_B","Defend_B","Defend_B","Defend_B","Defend_B","Zap+1","Dualcast","Turbo","Self Repair","Chill","Finesse","Conserve Battery","Meteor Strike","Glacier"],"relics":["Cracked Core","Ornamental Fan","Orichalcum","Dream Catcher"],"potions_floor_usage":[8],"damage_taken":[{"damage":3,"enemies":"Small Slimes","floor":1,"turns":3},{"damage":0,"enemies":"Cultist","floor":2,"turns":2},{"damage":4,"enemies":"2 Louse","floor":3,"turns":3},{"damage":23,"enemies":"Lagavulin","floor":6,"turns":8},{"damage":61,"enemies":"Gremlin Nob","floor":8,"turns":5},{"damage":13,"enemies":"Exordium Thugs","floor":10,"turns":5}],"seed_played":"-4396545443804541486","potions_obtained":[{"floor":2,"key":"GamblersBrew"}],"is_trial":false,"path_per_floor":["M","M","M","?","$","E","R","E","T","M"],"character_chosen":"DEFECT","items_purchased":["Finesse","Conserve Battery"],"campfire_rested":0,"item_purchase_floors":[5,5],"current_hp_per_floor":[79,79,82,82,82,66,66,12,12,0],"gold":110,"neow_bonus":"TEN_PERCENT_HP_BONUS","is_prod":false,"is_daily":false,"chose_seed":false,"campfire_upgraded":1,"win_rate":0,"timestamp":1562111876,"path_taken":["M","M","M","?","$","E","R","E","T","M"],"build_version":"2019-07-01","purchased_purges":0,"victory":false,"max_hp_per_floor":[82,82,82,82,82,82,82,82,82,82],"card_choices":[{"not_picked":["Compile Driver","Leap"],"picked":"Turbo","floor":1},{"not_picked":["Recycle","Coolheaded"],"picked":"Self Repair","floor":2},{"not_picked":["Beam Cell","Cold Snap"],"picked":"Chill","floor":3},{"not_picked":["Hologram","Streamline"],"picked":"Meteor Strike","floor":6},{"not_picked":["Compile Driver","Hologram"],"picked":"Glacier","floor":8}],"player_experience":162085,"relics_obtained":[{"floor":6,"key":"Ornamental Fan"},{"floor":8,"key":"Orichalcum"},{"floor":9,"key":"Dream Catcher"}],"event_choices":[{"cards_removed":["Strike_B"],"damage_healed":0,"gold_gain":0,"player_choice":"Offered Basic","damage_taken":0,"max_hp_gain":0,"max_hp_loss":0,"event_name":"Bonfire Elementals","floor":4,"gold_loss":0}],"is_beta":false,"boss_relics":[],"items_purged_floors":[],"is_endless":false,"potions_floor_spawned":[2],"killed_by":"Exordium Thugs","ascension_level":5}