{"path_per_floor":["M","?","$","M","$","R","E","$","T","M","?","M","?","M","R","B",null,"M","M","?","M","?"],"character_chosen":"DEFECT","items_purchased":["Double Energy","SkillPotion"],"gold_per_floor":[99,99,16,16,16,16,16,16,16,16,16,0,0,0,0,0,0,0,0,0,0,0,0],"floor_reached":23,"campfire_rested":1,"playtime":1144,"current_hp_per_floor":[75,75,75,75,75,75,75,75,75,75,75,75,57,53,75,56,75,75,73,73,73,73,0],"items_purged":[],"gold":0,"score":191,"play_id":"93ad0a06-49e7-408a-8469-db3875928de5","local_time":"20180515033729","is_prod":false,"is_daily":false,"chose_seed":false,"is_ascension_mode":false,"campfire_upgraded":1,"timestamp":1526369849,"path_taken":["M","?","?","M","$","R","E","$","T","M","?","M","?","?","R","BOSS","M","?","?","M","?","E"],"build_version":"2018-05-12v2","seed_source_timestamp":131713742695859,"purchased_purges":0,"victory":false,"master_deck":["Strike_B","Strike_B","Strike_B","Defend_B","Defend_B","Defend_B","Defend_B","Zap","Dualcast","Self Repair","Chill","Double Energy+1","Coolheaded","Blizzard+1","Capacitor","Cold Snap+1","Rainbow","Sunder+1","Beam Cell+1","Loop","Writhe"],"max_hp_per_floor":[75,75,75,75,75,75,75,75,75,75,75,75,75,75,75,75,75,75,75,75,75,75,75],"relics":["Ectoplasm","Molten Egg 2","Ancient Tea Set","Happy Flower","Golden Idol","Inserter","Bird Faced Urn"],"card_choices":[{"not_picked":["Steam","Chaos"],"picked":"Self Repair","floor":1},{"not_picked":["Axe Kick","Auto Shields"],"picked":"Coolheaded","floor":4},{"not_picked":["Aggregate","Reinforced Body"],"picked":"Blizzard","floor":7},{"not_picked":["Force Field","Hologram","Sweeping Beam+1"],"picked":"SKIP","floor":10},{"not_picked":["Auto Shields","Ball Lightning+1"],"picked":"Capacitor","floor":12},{"not_picked":["Go for the Eyes+1","Auto Shields"],"picked":"Cold Snap+1","floor":14},{"not_picked":["Seek","Nova+1"],"picked":"Rainbow","floor":16},{"not_picked":["Skim","Leap"],"picked":"Sunder+1","floor":18},{"not_picked":["Hologram","Turbo+1"],"picked":"Beam Cell+1","floor":19},{"not_picked":["Streamline+1","Blizzard+1"],"picked":"Loop","floor":21}],"player_experience":262245,"potions_floor_usage":[4,4,11,14,16,18,19,21],"damage_taken":[{"damage":0,"enemies":"Small Slimes","floor":1,"turns":3},{"damage":0,"enemies":"Cultist","floor":4,"turns":4},{"damage":6,"enemies":"3 Sentries","floor":7,"turns":11},{"damage":4,"enemies":"2 Louse","floor":10,"turns":3},{"damage":2,"enemies":"3 Sentries","floor":11,"turns":8},{"damage":6,"enemies":"Looter","floor":12,"turns":3},{"damage":11,"enemies":"Large Slime","floor":14,"turns":6},{"damage":26,"enemies":"Slime Boss","floor":16,"turns":9},{"damage":6,"enemies":"Spheric Guardian","floor":18,"turns":6},{"damage":2,"enemies":"3 Byrds","floor":19,"turns":5},{"damage":7,"enemies":"Slaver and Parasite","floor":21,"turns":6},{"damage":84,"enemies":"Book of Stabbing","floor":23,"turns":8}],"event_choices":[{"event_name":"Transmorgrifier","player_choice":"Transform","floor":2,"damage_taken":0},{"event_name":"Dead Adventurer","player_choice":"Searched \u00272\u0027 times","floor":11,"damage_taken":0},{"event_name":"Golden Idol","player_choice":"Take Damage","floor":13,"damage_taken":0},{"event_name":"Drug Dealer","player_choice":"Ignored","floor":20,"damage_taken":0},{"event_name":"The Mausoleum","player_choice":"Yes","floor":22,"damage_taken":0}],"boss_relics":[{"not_picked":["Eternal Feather","Philosopher\u0027s Stone"],"picked":"Inserter"}],"potions_floor_spawned":[1,10,12,14,16,18,19],"seed_played":"1671223249641628273","killed_by":"Book of Stabbing","ascension_level":0,"is_trial":false}