{"gold_per_floor":[111,131,131,151,163,163,181,207,207,225,254,254,282,344,356,439,451,433,462,485,547,571,583],"floor_reached":23,"playtime":988,"items_purged":[],"score":430,"play_id":"a2c6b754-03ac-4d33-9d24-5bbc0347cefa","local_time":"20181109224956","is_ascension_mode":true,"campfire_choices":[{"data":"Armaments","floor":6.0,"key":"SMITH"},{"data":"Combust","floor":12.0,"key":"SMITH"},{"data":"Flame Barrier","floor":15.0,"key":"SMITH"}],"neow_cost":"NONE","seed_source_timestamp":2591264474868988,"circlet_count":0,"master_deck":["AscendersBane","Strike_R","Strike_R","Strike_R","Strike_R","Strike_R","Defend_R","Defend_R","Defend_R","Defend_R","Bash+1","Combust+1","Armaments+1","Flame Barrier+1","Iron Wave","Rupture","Reaper","Iron Wave+1","Reckless Charge+1","Iron Wave+1","Juggernaut+1","Clothesline+1","Battle Trance"],"special_seed":0,"relics":["Burning Blood","Dream Catcher","Mercury Hourglass","Molten Egg 2","Frozen Egg 2","MawBank","Velvet Choker"],"potions_floor_usage":[23,23],"damage_taken":[{"damage":1.0,"enemies":"Cultist","floor":1.0,"turns":3.0},{"damage":11.0,"enemies":"Small Slimes","floor":2.0,"turns":6.0},{"damage":7.0,"enemies":"Jaw Worm","floor":4.0,"turns":4.0},{"damage":12.0,"enemies":"Lots of Slimes","floor":5.0,"turns":3.0},{"damage":4.0,"enemies":"Blue Slaver","floor":7.0,"turns":3.0},{"damage":14.0,"enemies":"3 Sentries","floor":8.0,"turns":7.0},{"damage":16.0,"enemies":"Red Slaver","floor":10.0,"turns":3.0},{"damage":24.0,"enemies":"Lagavulin","floor":11.0,"turns":7.0},{"damage":13.0,"enemies":"3 Sentries","floor":13.0,"turns":4.0},{"damage":32.0,"enemies":"Hexaghost","floor":16.0,"turns":9.0},{"damage":17.0,"enemies":"2 Thieves","floor":18.0,"turns":4.0},{"damage":2.0,"enemies":"Spheric Guardian","floor":19.0,"turns":3.0},{"damage":33.0,"enemies":"Cultist and Chosen","floor":20.0,"turns":5.0},{"damage":28.0,"enemies":"Snake Plant","floor":22.0,"turns":5.0},{"damage":36,"enemies":"Gremlin Leader","floor":23,"turns":4}],"seed_played":"6294033851066073590","potions_obtained":[{"floor":2.0,"key":"GamblersBrew"},{"floor":5.0,"key":"AttackPotion"},{"floor":10.0,"key":"Regen Potion"},{"floor":11.0,"key":"Regen Potion"},{"floor":13.0,"key":"Regen Potion"},{"floor":20.0,"key":"LiquidBronze"},{"floor":22.0,"key":"EssenceOfSteel"}],"is_trial":false,"path_per_floor":["M","M","?","M","M","R","M","M","E","T","M","E","R","E","?","R","B",null,"M","M","M","?","M","E"],"character_chosen":"IRONCLAD","items_purchased":[],"campfire_rested":0,"item_purchase_floors":[],"current_hp_per_floor":[73,68,50,49,43,43,45,37,37,32,41,41,34,27,27,53,70,59,63,46,46,28,0],"gold":583,"neow_bonus":"UPGRADE_CARD","is_prod":false,"is_daily":false,"chose_seed":false,"campfire_upgraded":3,"win_rate":0,"timestamp":1541828996,"path_taken":["M","M","?","M","M","R","M","E","T","M","E","R","E","?","R","BOSS","M","M","?","?","?","E"],"build_version":"2018-11-08","purchased_purges":0,"victory":false,"max_hp_per_floor":[75,75,75,75,75,75,75,75,75,75,75,75,75,75,75,75,75,75,75,75,75,75,75],"card_choices":[{"not_picked":["Clothesline","Wild Strike"],"picked":"Combust","floor":1.0},{"not_picked":["True Grit","Thunderclap"],"picked":"Armaments","floor":2.0},{"not_picked":["True Grit","Warcry"],"picked":"Flame Barrier","floor":4.0},{"not_picked":["Sword Boomerang","Metallicize"],"picked":"Iron Wave","floor":5.0},{"not_picked":["Clash","Shrug It Off"],"picked":"Rupture","floor":7.0},{"not_picked":["Flex","Anger"],"picked":"Reaper","floor":8.0},{"not_picked":["Armaments","Pommel Strike+1"],"picked":"Iron Wave+1","floor":10.0},{"not_picked":["Wild Strike+1","Ghostly Armor"],"picked":"Reckless Charge+1","floor":11.0},{"not_picked":["Flex","Armaments"],"picked":"Iron Wave+1","floor":13.0},{"not_picked":["Barricade+1","Immolate+1"],"picked":"Juggernaut+1","floor":16.0},{"not_picked":["Rampage+1","Inflame+1"],"picked":"Clothesline+1","floor":18.0},{"not_picked":["Cleave+1","Armaments","Twin Strike+1"],"picked":"SKIP","floor":19.0},{"not_picked":["Inflame+1","Rampage+1"],"picked":"Battle Trance","floor":20.0},{"not_picked":["Clash+1","Sever Soul+1","Headbutt+1"],"picked":"SKIP","floor":22.0}],"player_experience":610180,"relics_obtained":[{"floor":8.0,"key":"Mercury Hourglass"},{"floor":9.0,"key":"Molten Egg 2"},{"floor":11.0,"key":"Frozen Egg 2"},{"floor":13.0,"key":"MawBank"}],"event_choices":[{"damage_healed":0.0,"max_hp_gain":0.0,"max_hp_loss":0.0,"gold_gain":0.0,"event_name":"Scrap Ooze","player_choice":"Success","floor":3.0,"gold_loss":0.0,"damage_taken":18.0,"relics_obtained":["Dream Catcher"]},{"damage_healed":0.0,"max_hp_gain":0.0,"max_hp_loss":0.0,"gold_gain":50.0,"event_name":"FaceTrader","player_choice":"Touch","floor":14.0,"gold_loss":0.0,"damage_taken":7.0},{"damage_healed":0.0,"max_hp_gain":0.0,"max_hp_loss":0.0,"gold_gain":100.0,"event_name":"The Joust","player_choice":"Bet on Murderer","floor":21.0,"gold_loss":50.0,"damage_taken":0.0}],"is_beta":false,"boss_relics":[{"not_picked":["Ectoplasm","Mark of Pain"],"picked":"Velvet Choker"}],"items_purged_floors":[],"is_endless":false,"potions_floor_spawned":[2,5,10,11,13,20,22],"killed_by":"Gremlin Leader","ascension_level":20}