{"gold_per_floor":[361,381,381,45,45,45,78,102,102,142,142,142,155,180,180,310,310,328,328,61,85,98,98,133,133,133,153,169,1,14,14,14,14],"floor_reached":33,"playtime":1703,"items_purged":[],"score":397,"play_id":"85350d0c-7e06-40ea-8650-0c88bcaf65aa","local_time":"20180712195837","is_ascension_mode":true,"campfire_choices":[{"floor":6,"key":"REST"},{"data":"Bash","floor":12,"key":"SMITH"},{"data":"Feed","floor":15,"key":"SMITH"},{"data":"Shockwave","floor":23,"key":"SMITH"},{"floor":32,"key":"REST"}],"neow_cost":"TEN_PERCENT_HP_LOSS","seed_source_timestamp":317709367744783,"circlet_count":0,"master_deck":["Strike_R","Strike_R","Strike_R","Strike_R","Strike_R","Defend_R","Defend_R","Defend_R","Defend_R","Bash","Dropkick","Clash+1","Feed+1","Feed","Thunderclap+1","Shockwave+1","Offering","Bash+1","Rampage","Twin Strike","Double Tap","Twin Strike","Dropkick","HandOfGreed","Clothesline","Iron Wave","Dropkick+1","True Grit","Bludgeon","Ghostly Armor","True Grit","Armaments"],"relics":["Burning Blood","DollysMirror","Golden Idol","Ornamental Fan","Question Card","Whetstone","Runic Cube","Omamori","Darkstone Periapt","Blue Candle","Oddly Smooth Stone"],"potions_floor_usage":[7,7,7,7,7,8,8,10,14,18,21,24,27,30],"damage_taken":[{"damage":1,"enemies":"Cultist","floor":1,"turns":3},{"damage":2,"enemies":"2 Louse","floor":2,"turns":3},{"damage":0,"enemies":"Gremlin Nob","floor":7,"turns":2},{"damage":0,"enemies":"Jaw Worm","floor":8,"turns":3},{"damage":11,"enemies":"3 Sentries","floor":10,"turns":7},{"damage":1,"enemies":"3 Louse","floor":13,"turns":2},{"damage":15,"enemies":"Exordium Wildlife","floor":14,"turns":4},{"damage":21,"enemies":"Slime Boss","floor":16,"turns":7},{"damage":21,"enemies":"Shell Parasite","floor":18,"turns":3},{"damage":12,"enemies":"3 Byrds","floor":21,"turns":3},{"damage":11,"enemies":"Cultist and Chosen","floor":22,"turns":4},{"damage":22,"enemies":"Book of Stabbing","floor":24,"turns":4},{"damage":21,"enemies":"Snake Plant","floor":27,"turns":4},{"damage":3,"enemies":"Snecko","floor":28,"turns":3},{"damage":17,"enemies":"Chosen and Byrds","floor":30,"turns":4},{"damage":105,"enemies":"Automaton","floor":33,"turns":10}],"seed_played":"7194568116354477626","potions_obtained":[{"floor":3,"key":"AttackPotion"},{"floor":3,"key":"EntropicBrew"},{"floor":3,"key":"Strength Potion"},{"floor":7,"key":"EssenceOfSteel"},{"floor":8,"key":"Dexterity Potion"},{"floor":10,"key":"Block Potion"},{"floor":16,"key":"Fire Potion"},{"floor":18,"key":"Strength Potion"},{"floor":22,"key":"Strength Potion"},{"floor":24,"key":"Regen Potion"},{"floor":28,"key":"Swift Potion"}],"is_trial":false,"path_per_floor":["M","M","?","$","?","R","E","M","T","E","?","R","M","M","R","B",null,"M","?","$","M","M","R","E","?","T","M","M","$","M","$","R"],"character_chosen":"IRONCLAD","items_purchased":["Feed","DollysMirror","Omamori","Dropkick","HandOfGreed","Oddly Smooth Stone","True Grit"],"campfire_rested":2,"item_purchase_floors":[4,4,20,20,20,29,29],"current_hp_per_floor":[72,72,72,72,54,72,72,75,75,76,76,76,87,81,81,69,93,78,78,78,76,75,75,63,63,63,63,66,66,62,62,95,0],"gold":14,"neow_bonus":"TWO_FIFTY_GOLD","is_prod":false,"is_daily":false,"chose_seed":false,"campfire_upgraded":3,"win_rate":0,"timestamp":1531439917,"path_taken":["M","?","?","$","?","R","E","M","T","E","?","R","M","M","R","BOSS","M","?","$","M","M","R","E","?","T","M","M","$","?","$","R","BOSS"],"build_version":"2018-07-12","purchased_purges":0,"victory":false,"max_hp_per_floor":[72,72,72,72,72,72,72,75,75,81,81,81,87,90,90,93,93,93,90,90,94,98,98,102,102,102,105,105,105,112,112,112,112],"card_choices":[{"not_picked":["Flex","Sword Boomerang"],"picked":"Dropkick","floor":1},{"not_picked":["Rupture","Spot Weakness"],"picked":"Clash","floor":2},{"not_picked":["Wild Strike","Headbutt"],"picked":"Thunderclap","floor":7},{"not_picked":["Uppercut","Twin Strike"],"picked":"Shockwave","floor":8},{"not_picked":["Battle Trance","Entrench","Fire Breathing"],"picked":"Offering","floor":10},{"not_picked":["Body Slam","Pommel Strike","Carnage"],"picked":"Rampage","floor":13},{"not_picked":["Blood for Blood","Inflame","Corruption"],"picked":"Twin Strike","floor":14},{"not_picked":["Impervious","Juggernaut","Fiend Fire"],"picked":"Double Tap","floor":16},{"not_picked":["True Grit","Combust","Perfected Strike"],"picked":"Twin Strike","floor":18},{"not_picked":["Headbutt","Body Slam+1","Perfected Strike"],"picked":"Clothesline","floor":21},{"not_picked":["Body Slam+1","Whirlwind","Pummel"],"picked":"Iron Wave","floor":22},{"not_picked":["Havoc","Searing Blow","True Grit"],"picked":"Dropkick+1","floor":24},{"not_picked":["Shrug It Off","Sword Boomerang","Shockwave"],"picked":"Bludgeon","floor":27},{"not_picked":["Wild Strike+1","Fire Breathing","Pommel Strike"],"picked":"Ghostly Armor","floor":28},{"not_picked":["Pommel Strike","Burning Pact","Combust"],"picked":"Armaments","floor":30}],"player_experience":405428,"relics_obtained":[{"floor":7,"key":"Ornamental Fan"},{"floor":9,"key":"Question Card"},{"floor":10,"key":"Whetstone"},{"floor":24,"key":"Darkstone Periapt"},{"floor":26,"key":"Blue Candle"}],"event_choices":[{"event_name":"The Lab","player_choice":"Got Potions","floor":3,"damage_taken":0},{"event_name":"Golden Idol","player_choice":"Take Damage","floor":5,"damage_taken":0},{"event_name":"Match and Keep!","player_choice":"2 cards matched","floor":11,"damage_taken":0},{"event_name":"Fountain of Cleansing","player_choice":"Removed Curse","floor":19,"damage_taken":0},{"event_name":"The Library","player_choice":"Read","floor":25,"damage_taken":0}],"boss_relics":[{"not_picked":["Calling Bell","Mark of Pain"],"picked":"Runic Cube"}],"items_purged_floors":[],"is_endless":false,"potions_floor_spawned":[7,8,10,16,18,22,24,28],"killed_by":"Automaton","ascension_level":3}