{"gold_per_floor":[209,209,224,399,415,415,444,8,34,50,63,77,50,50,50,50],"floor_reached":16,"playtime":574,"items_purged":[],"score":117,"play_id":"01c6145f-d95c-4083-bc3f-1549f1a204fa","local_time":"20180703035951","is_ascension_mode":true,"campfire_choices":[{"data":"Shockwave","floor":6,"key":"SMITH"},{"floor":15,"key":"REST"}],"neow_cost":"NONE","seed_source_timestamp":101562348425777,"circlet_count":0,"master_deck":["Strike_R","Strike_R","Strike_R","Strike_R","Strike_R","Defend_R+1","Defend_R","Defend_R","Defend_R","Bash","Shockwave+1","Sword Boomerang","Doubt","Power Through+1","Flame Barrier","Wild Strike","Perfected Strike","Cleave","Cleave","Normality"],"relics":["Burning Blood","War Paint","Turnip","Bag of Preparation","Art of War","Lantern"],"potions_floor_usage":[7,10,12],"damage_taken":[{"damage":6,"enemies":"2 Louse","floor":1,"turns":4},{"damage":10,"enemies":"Cultist","floor":3,"turns":4},{"damage":4,"enemies":"Jaw Worm","floor":5,"turns":5},{"damage":45,"enemies":"3 Sentries","floor":7,"turns":15},{"damage":1,"enemies":"Blue Slaver","floor":10,"turns":4},{"damage":10,"enemies":"2 Fungi Beasts","floor":11,"turns":4},{"damage":0,"enemies":"Looter","floor":12,"turns":3},{"damage":71,"enemies":"The Guardian","floor":16,"turns":10}],"seed_played":"5134792203553752317","potions_obtained":[{"floor":5,"key":"Swift Potion"},{"floor":7,"key":"Poison Potion"},{"floor":11,"key":"SteroidPotion"},{"floor":12,"key":"LiquidBronze"}],"is_trial":false,"path_per_floor":["M","?","M","?","M","R","E","$","T","M","M","M","$","?","R"],"character_chosen":"IRONCLAD","items_purchased":["Turnip","Bag of Preparation","Cleave"],"campfire_rested":1,"item_purchase_floors":[8,8,13],"current_hp_per_floor":[80,80,76,76,78,78,39,39,39,44,40,46,46,46,70,0],"gold":50,"neow_bonus":"HUNDRED_GOLD","is_prod":false,"is_daily":false,"chose_seed":false,"campfire_upgraded":1,"win_rate":0,"timestamp":1530604791,"path_taken":["M","?","M","?","M","R","E","$","T","M","M","M","$","?","R","BOSS"],"build_version":"2018-06-29","purchased_purges":0,"victory":false,"max_hp_per_floor":[80,80,80,80,80,80,80,80,80,80,80,80,80,80,80,80],"card_choices":[{"not_picked":["Thunderclap","Pummel"],"picked":"Shockwave","floor":1},{"not_picked":["Burning Pact","Heavy Blade"],"picked":"Sword Boomerang","floor":3},{"not_picked":["Pummel","Searing Blow"],"picked":"Power Through","floor":5},{"not_picked":["Combust","Headbutt"],"picked":"Flame Barrier","floor":7},{"not_picked":["True Grit","Heavy Blade"],"picked":"Wild Strike","floor":10},{"not_picked":["Havoc","Inflame"],"picked":"Perfected Strike","floor":11},{"not_picked":["Iron Wave","Heavy Blade"],"picked":"Cleave","floor":12}],"player_experience":378897,"relics_obtained":[{"floor":7,"key":"War Paint"},{"floor":9,"key":"Art of War"}],"event_choices":[{"event_name":"Golden Wing","player_choice":"Ignored","floor":2,"damage_taken":0},{"event_name":"Liars Game","player_choice":"agreed","floor":4,"damage_taken":0},{"event_name":"Accursed Blacksmith","player_choice":"Rummage","floor":14,"damage_taken":0}],"boss_relics":[],"items_purged_floors":[],"is_endless":false,"potions_floor_spawned":[5,7,11,12],"killed_by":"The Guardian","ascension_level":3}