{"gold_per_floor":[111,128,147,147,162,193,193,218,265,296,313,313,326,337,337,409,409,426,436,454,554,569,569,602,72,72,72,72,86,86,114,114,192,192,203,213,213,228,242,269,269,294,294,308,308,341,441,454,454,454,454,454,454,146,180,180],"floor_reached":56,"playtime":3125,"items_purged":["Strike_B","Strike_B"],"score":2112,"play_id":"042c61e9-8ed1-4328-928c-0a154ac40c93","local_time":"20181118163333","is_ascension_mode":true,"campfire_choices":[{"data":"Zap","floor":7.0,"key":"SMITH"},{"floor":12.0,"key":"REST"},{"data":"Biased Cognition","floor":15.0,"key":"SMITH"},{"floor":23.0,"key":"REST"},{"floor":28.0,"key":"REST"},{"floor":30.0,"key":"REST"},{"data":"Capacitor","floor":32.0,"key":"SMITH"},{"floor":41.0,"key":"REST"},{"floor":45.0,"key":"RECALL"},{"floor":49.0,"key":"REST"},{"floor":53.0,"key":"REST"}],"neow_cost":"NONE","seed_source_timestamp":0,"circlet_count":0,"master_deck":["AscendersBane","Strike_B+1","Strike_B","Defend_B","Defend_B","Defend_B","Defend_B","Zap+1","Dualcast","Cold Snap+1","Chill","Cold Snap","Biased Cognition+1","Hologram+1","Coolheaded+1","Reinforced Body+1","Electrodynamics","Conserve Battery+1","Coolheaded+1","Ball Lightning+1","Sweeping Beam+1","White Noise+1","Discovery+1","Fission+1","Stack+1","Glacier+1","Chaos+1","Darkness+1","Consume+1","Double Energy+1","Undo+1","Consume+1"],"special_seed":0,"relics":["Cracked Core","Lantern","Toxic Egg 2","Ancient Tea Set","Anchor","Symbiotic Virus","Sozu","Incense Burner","Letter Opener","Ornamental Fan","Mummified Hand","Bronze Scales","Regal Pillow","Inserter","Pen Nib","Whetstone","FossilizedHelix","Ice Cream","Oddly Smooth Stone","Dream Catcher"],"potions_floor_usage":[],"damage_taken":[{"damage":1.0,"enemies":"Cultist","floor":1.0,"turns":3.0},{"damage":7.0,"enemies":"Jaw Worm","floor":2.0,"turns":4.0},{"damage":0.0,"enemies":"Small Slimes","floor":3.0,"turns":3.0},{"damage":9.0,"enemies":"Exordium Wildlife","floor":5.0,"turns":6.0},{"damage":9.0,"enemies":"Lagavulin","floor":6.0,"turns":9.0},{"damage":6.0,"enemies":"3 Sentries","floor":8.0,"turns":7.0},{"damage":12.0,"enemies":"Lagavulin","floor":10.0,"turns":8.0},{"damage":4.0,"enemies":"Blue Slaver","floor":11.0,"turns":3.0},{"damage":0.0,"enemies":"3 Louse","floor":13.0,"turns":2.0},{"damage":0.0,"enemies":"2 Fungi Beasts","floor":14.0,"turns":2.0},{"damage":19.0,"enemies":"The Guardian","floor":16.0,"turns":15.0},{"damage":0.0,"enemies":"Chosen","floor":18.0,"turns":3.0},{"damage":0.0,"enemies":"Shell Parasite","floor":19.0,"turns":7.0},{"damage":0.0,"enemies":"Snecko","floor":20.0,"turns":7.0},{"damage":7.0,"enemies":"Colosseum Slavers","floor":21.0,"turns":4.0},{"damage":43.0,"enemies":"Colosseum Nobs","floor":21.0,"turns":6.0},{"damage":0.0,"enemies":"Snake Plant","floor":22.0,"turns":3.0},{"damage":4.0,"enemies":"Slavers","floor":24.0,"turns":3.0},{"damage":15.0,"enemies":"Shelled Parasite and Fungi","floor":29.0,"turns":4.0},{"damage":0.0,"enemies":"Gremlin Leader","floor":31.0,"turns":5.0},{"damage":10.0,"enemies":"Champ","floor":33.0,"turns":10.0},{"damage":0.0,"enemies":"Orb Walker","floor":35.0,"turns":2.0},{"damage":0.0,"enemies":"3 Shapes","floor":36.0,"turns":3.0},{"damage":8.0,"enemies":"Maw","floor":38.0,"turns":8.0},{"damage":7.0,"enemies":"3 Darklings","floor":39.0,"turns":3.0},{"damage":34.0,"enemies":"Giant Head","floor":40.0,"turns":10.0},{"damage":10.0,"enemies":"Reptomancer","floor":42.0,"turns":4.0},{"damage":0.0,"enemies":"Jaw Worm Horde","floor":44.0,"turns":4.0},{"damage":16.0,"enemies":"Nemesis","floor":46.0,"turns":9.0},{"damage":0.0,"enemies":"Mind Bloom Boss Battle","floor":47.0,"turns":6.0},{"damage":0.0,"enemies":"Spire Growth","floor":48.0,"turns":4.0},{"damage":8.0,"enemies":"Donu and Deca","floor":50.0,"turns":9.0},{"damage":43.0,"enemies":"Time Eater","floor":51.0,"turns":25.0},{"damage":0.0,"enemies":"Shield and Spear","floor":55.0,"turns":7.0},{"damage":79,"enemies":"The Heart","floor":56,"turns":11}],"seed_played":"1038486004755024328","potions_obtained":[{"floor":0.0,"key":"EntropicBrew"},{"floor":0.0,"key":"FocusPotion"},{"floor":6.0,"key":"EntropicBrew"},{"floor":10.0,"key":"SpeedPotion"},{"floor":14.0,"key":"Fire Potion"}],"is_trial":false,"path_per_floor":["M","M","M","?","M","E","R","E","T","E","M","R","M","M","M","R","B",null,"M","M","M","?","M","R","E","$","T","?","R","M","R","E","R","B",null,"M","M","?","M","M","E","R","E","T","M","R","E","?","M","R","B","B",null,"R","$","E","B"],"character_chosen":"DEFECT","items_purchased":["Discovery+1","Mummified Hand","Capacitor","Undo+1","Oddly Smooth Stone"],"campfire_rested":7,"item_purchase_floors":[25,25,25,54,54],"current_hp_per_floor":[63,56,56,45,36,27,27,21,21,9,5,26,26,26,26,7,55,55,55,55,5,5,26,22,22,22,2,24,9,31,31,31,21,62,62,62,62,54,47,13,50,40,40,40,40,24,24,24,61,53,10,60,76,76,76,0],"gold":180,"neow_bonus":"THREE_SMALL_POTIONS","is_prod":false,"is_daily":false,"chose_seed":false,"campfire_upgraded":3,"win_rate":0,"timestamp":1542584013,"path_taken":["M","M","?","?","M","E","R","E","T","E","M","R","M","M","R","BOSS","M","M","M","?","M","R","E","$","T","?","R","M","R","E","R","BOSS","M","M","?","M","M","E","R","E","T","M","R","E","?","M","R","BOSS","BOSS","R","$","E","BOSS"],"build_version":"2018-11-15","purchased_purges":2,"victory":false,"max_hp_per_floor":[71,71,71,71,71,71,71,71,71,71,71,71,71,71,71,71,71,71,71,71,71,71,71,71,71,71,76,76,76,76,76,76,76,76,76,76,76,76,76,76,76,76,76,76,76,76,76,76,76,76,76,76,76,76,76,76],"card_choices":[{"not_picked":["Streamline","Stack"],"picked":"Cold Snap","floor":1.0},{"not_picked":["Heatsinks","Gash","Beam Cell"],"picked":"SKIP","floor":2.0},{"not_picked":["Leap","Stack"],"picked":"Chill","floor":3.0},{"not_picked":["Go for the Eyes","Double Energy"],"picked":"Cold Snap","floor":5.0},{"not_picked":["Force Field","Consume"],"picked":"Biased Cognition","floor":6.0},{"not_picked":["Sweeping Beam","Beam Cell"],"picked":"Hologram+1","floor":8.0},{"not_picked":["Meteor Strike","Gash","Double Energy+1"],"picked":"SKIP","floor":10.0},{"not_picked":["Storm","Barrage"],"picked":"Coolheaded+1","floor":11.0},{"not_picked":["Gash","Storm","Beam Cell"],"picked":"SKIP","floor":13.0},{"not_picked":["Fission+1","Beam Cell"],"picked":"Reinforced Body+1","floor":14.0},{"not_picked":["Hyperbeam","Buffer"],"picked":"Electrodynamics","floor":16.0},{"not_picked":["Turbo+1","Steam+1"],"picked":"Conserve Battery+1","floor":18.0},{"not_picked":["Blizzard","Rebound"],"picked":"Coolheaded+1","floor":19.0},{"not_picked":["Gash+1","Steam+1"],"picked":"Ball Lightning+1","floor":20.0},{"not_picked":["Machine Learning","Steam+1"],"picked":"Sweeping Beam+1","floor":21.0},{"not_picked":["Rebound","Consume+1","Beam Cell"],"picked":"SKIP","floor":22.0},{"not_picked":["Rebound","Conserve Battery+1"],"picked":"White Noise+1","floor":24.0},{"not_picked":["Aggregate+1","Compile Driver","Scrape"],"picked":"SKIP","floor":29.0},{"not_picked":["Compile Driver","Coolheaded+1","Melter"],"picked":"SKIP","floor":31.0},{"not_picked":["Reboot+1","Rainbow+1"],"picked":"Fission+1","floor":33.0},{"not_picked":["Compile Driver","Rebound"],"picked":"Stack+1","floor":35.0},{"not_picked":["Storm","Darkness+1"],"picked":"Glacier+1","floor":36.0},{"not_picked":["Leap+1","Streamline","Tempest+1"],"picked":"SKIP","floor":38.0},{"not_picked":["Go for the Eyes","Cold Snap+1"],"picked":"Chaos+1","floor":39.0},{"not_picked":["Biased Cognition","Steam+1","Sweeping Beam"],"picked":"SKIP","floor":40.0},{"not_picked":["Meteor Strike","Chill+1","Cold Snap"],"picked":"SKIP","floor":42.0},{"not_picked":["FTL+1","Sweeping Beam","Auto Shields+1"],"picked":"SKIP","floor":44.0},{"not_picked":["Amplify+1","Compile Driver"],"picked":"Darkness+1","floor":46.0},{"not_picked":["Melter","Hologram+1"],"picked":"Consume+1","floor":47.0},{"not_picked":["White Noise+1","BootSequence+1"],"picked":"Double Energy+1","floor":48.0},{"not_picked":["Barrage","Chill+1"],"picked":"Consume+1","floor":55.0}],"player_experience":644524,"relics_obtained":[{"floor":6.0,"key":"Toxic Egg 2"},{"floor":8.0,"key":"Ancient Tea Set"},{"floor":9.0,"key":"Anchor"},{"floor":10.0,"key":"Symbiotic Virus"},{"floor":21.0,"key":"Incense Burner"},{"floor":21.0,"key":"Letter Opener"},{"floor":24.0,"key":"Ornamental Fan"},{"floor":26.0,"key":"Bronze Scales"},{"floor":31.0,"key":"Regal Pillow"},{"floor":40.0,"key":"Pen Nib"},{"floor":42.0,"key":"Whetstone"},{"floor":46.0,"key":"FossilizedHelix"},{"floor":47.0,"key":"Ice Cream"},{"floor":55.0,"key":"Dream Catcher"}],"event_choices":[{"damage_healed":0.0,"max_hp_gain":0.0,"max_hp_loss":0.0,"gold_gain":0.0,"event_name":"Scrap Ooze","player_choice":"Success","floor":4.0,"gold_loss":0.0,"damage_taken":11.0,"relics_obtained":["Lantern"]},{"damage_healed":0.0,"max_hp_gain":0.0,"max_hp_loss":0.0,"gold_gain":0.0,"event_name":"Colosseum","player_choice":"Fight","floor":21.0,"gold_loss":0.0,"damage_taken":0.0},{"damage_healed":0.0,"max_hp_gain":0.0,"max_hp_loss":0.0,"gold_gain":0.0,"event_name":"Colosseum","player_choice":"Fought Nobs","floor":21.0,"gold_loss":0.0,"damage_taken":0.0},{"damage_healed":0.0,"max_hp_gain":5.0,"max_hp_loss":0.0,"gold_gain":0.0,"event_name":"Forgotten Altar","player_choice":"Shed Blood","floor":27.0,"gold_loss":0.0,"damage_taken":25.0},{"cards_removed":["Capacitor"],"damage_healed":0.0,"max_hp_gain":0.0,"max_hp_loss":0.0,"gold_gain":0.0,"event_name":"Falling","player_choice":"Removed Power","floor":37.0,"gold_loss":0.0,"damage_taken":0.0},{"damage_healed":0.0,"max_hp_gain":0.0,"max_hp_loss":0.0,"gold_gain":0.0,"event_name":"MindBloom","player_choice":"Fight","floor":47.0,"gold_loss":0.0,"damage_taken":0.0}],"is_beta":false,"boss_relics":[{"not_picked":["Astrolabe","Runic Pyramid"],"picked":"Sozu"},{"not_picked":["Black Star","Coffee Dripper"],"picked":"Inserter"}],"items_purged_floors":[25,54],"is_endless":false,"potions_floor_spawned":[2,3,6,10,14,20,21,21,22,38,42,44,47,48],"killed_by":"The Heart","ascension_level":20}