{"gold_per_floor":[116,130,130,140,140,140,168,183,237,270,118,128,128,153,153,277,277,298,298,219,240,258,258,289,289,289,323,335,367,392,439,451,583,595,628,664,700,618,654,1010,1022,1073,1110,1155,1167,1204,1230,1256,1268,1280,1292,1304,619,655,655],"floor_reached":56,"playtime":3148,"items_purged":["Strike_G","Strike_G"],"score":1514,"play_id":"e798f688-f159-4555-ba3d-24d4f42b7966","local_time":"20190519205452","is_ascension_mode":true,"campfire_choices":[{"data":"Cloak And Dagger","floor":6.0,"key":"SMITH"},{"data":"Noxious Fumes","floor":15.0,"key":"SMITH"},{"data":"Caltrops","floor":23.0,"key":"SMITH"},{"data":"Wraith Form v2","floor":25.0,"key":"SMITH"},{"floor":32.0,"key":"REST"},{"data":"Wraith Form v2","floor":41.0,"key":"SMITH"},{"floor":45.0,"key":"RECALL"},{"floor":49.0,"key":"REST"},{"data":"Bouncing Flask","floor":52.0,"key":"SMITH"}],"neow_cost":"NONE","seed_source_timestamp":407763869300989,"circlet_count":0,"master_deck":["Defend_G","Defend_G","Defend_G","Defend_G","Defend_G","Strike_G","Survivor","Neutralize+1","Footwork","Flying Knee","Cloak And Dagger+1","Poisoned Stab+1","Noxious Fumes+1","Venomology","Caltrops+1","Dodge and Roll","Wraith Form v2+1","Footwork","Quick Slash+1","Corpse Explosion","Deflect+1","Wraith Form v2+1","Bouncing Flask+1","Dodge and Roll","Backflip+1","Dodge and Roll","Catalyst"],"special_seed":0,"relics":["Ring of the Snake","Dodecahedron","Strawberry","Boot","Ice Cream","Golden Idol","Odd Mushroom","Busted Crown","Centennial Puzzle","Question Card","MawBank","Whetstone","Black Star","Lantern","Old Coin","Darkstone Periapt","Mummified Hand","Bottled Lightning","Orichalcum","Sundial","Bronze Scales","Frozen Eye","Bag of Marbles","Anchor","Gambling Chip"],"potions_floor_usage":[55,55,55,55],"damage_taken":[{"damage":0.0,"enemies":"2 Louse","floor":1.0,"turns":4.0},{"damage":0.0,"enemies":"Jaw Worm","floor":2.0,"turns":4.0},{"damage":1.0,"enemies":"Cultist","floor":4.0,"turns":4.0},{"damage":21.0,"enemies":"3 Sentries","floor":7.0,"turns":10.0},{"damage":5.0,"enemies":"3 Louse","floor":8.0,"turns":5.0},{"damage":10.0,"enemies":"Gremlin Nob","floor":10.0,"turns":4.0},{"damage":2.0,"enemies":"Red Slaver","floor":12.0,"turns":4.0},{"damage":2.0,"enemies":"The Mushroom Lair","floor":14.0,"turns":5.0},{"damage":0.0,"enemies":"Hexaghost","floor":16.0,"turns":9.0},{"damage":0.0,"enemies":"2 Thieves","floor":18.0,"turns":5.0},{"damage":0.0,"enemies":"Shell Parasite","floor":21.0,"turns":8.0},{"damage":0.0,"enemies":"Chosen and Byrds","floor":22.0,"turns":7.0},{"damage":30.0,"enemies":"Slavers","floor":24.0,"turns":6.0},{"damage":12.0,"enemies":"Gremlin Leader","floor":27.0,"turns":7.0},{"damage":4.0,"enemies":"Snake Plant","floor":29.0,"turns":5.0},{"damage":3.0,"enemies":"Shelled Parasite and Fungi","floor":30.0,"turns":5.0},{"damage":11.0,"enemies":"Book of Stabbing","floor":31.0,"turns":5.0},{"damage":53.0,"enemies":"Champ","floor":33.0,"turns":12.0},{"damage":0.0,"enemies":"3 Shapes","floor":35.0,"turns":5.0},{"damage":0.0,"enemies":"Orb Walker","floor":36.0,"turns":4.0},{"damage":0.0,"enemies":"Spire Growth","floor":37.0,"turns":7.0},{"damage":0.0,"enemies":"Sphere and 2 Shapes","floor":39.0,"turns":5.0},{"damage":0.0,"enemies":"Reptomancer","floor":40.0,"turns":9.0},{"damage":0.0,"enemies":"Giant Head","floor":42.0,"turns":10.0},{"damage":15.0,"enemies":"Reptomancer","floor":44.0,"turns":8.0},{"damage":10.0,"enemies":"Maw","floor":46.0,"turns":9.0},{"damage":0.0,"enemies":"Jaw Worm Horde","floor":47.0,"turns":4.0},{"damage":10.0,"enemies":"Spire Growth","floor":48.0,"turns":5.0},{"damage":65.0,"enemies":"Time Eater","floor":50.0,"turns":15.0},{"damage":4.0,"enemies":"Shield and Spear","floor":54.0,"turns":6.0},{"damage":64,"enemies":"The Heart","floor":55,"turns":10}],"seed_played":"-8754548010080767439","potions_obtained":[{"floor":2.0,"key":"PowerPotion"},{"floor":4.0,"key":"GamblersBrew"},{"floor":10.0,"key":"Block Potion"},{"floor":21.0,"key":"Ancient Potion"},{"floor":33.0,"key":"SkillPotion"},{"floor":35.0,"key":"EssenceOfSteel"},{"floor":36.0,"key":"Ancient Potion"}],"is_trial":false,"path_per_floor":["M","M","?","M","?","R","E","M","T","E","$","M","?","?","R","B",null,"M","?","$","M","M","R","E","R","T","E","$","M","M","E","R","B",null,"M","M","M","?","M","E","R","E","T","E","R","M","M","M","R","B",null,"R","$","E","B",null],"character_chosen":"THE_SILENT","items_purchased":["Caltrops","Footwork","Catalyst","Bronze Scales","Frozen Eye","Bag of Marbles","Explosive Potion"],"campfire_rested":2,"item_purchase_floors":[11,20,53,53,53,53,53],"current_hp_per_floor":[70,70,63,62,55,55,41,36,36,26,26,24,24,22,22,22,71,71,71,71,71,71,71,41,41,41,29,29,25,22,11,32,7,71,71,71,71,71,71,71,71,71,71,56,56,46,46,36,57,7,71,71,71,67,3],"gold":655,"neow_bonus":"TRANSFORM_CARD","is_prod":false,"is_daily":false,"chose_seed":false,"campfire_upgraded":6,"win_rate":0,"timestamp":1558324492,"path_taken":["M","M","?","M","?","R","E","M","T","E","$","?","?","?","R","BOSS","M","?","$","M","M","R","E","R","T","E","$","M","M","E","R","BOSS","M","M","?","?","M","E","R","E","T","E","R","M","?","M","R","BOSS","R","$","E","BOSS"],"build_version":"2019-01-23","purchased_purges":2,"victory":true,"max_hp_per_floor":[70,70,70,70,70,70,77,77,77,77,77,77,71,71,71,71,71,71,71,71,71,71,71,71,71,71,71,71,71,71,71,71,71,71,71,71,71,71,71,71,71,71,71,71,71,71,71,71,71,71,71,71,71,71,71],"card_choices":[{"not_picked":["Tactician","Dagger Throw"],"picked":"Flying Knee","floor":1.0},{"not_picked":["Blur","Backflip"],"picked":"Cloak And Dagger","floor":2.0},{"not_picked":["Dagger Throw","Endless Agony"],"picked":"Poisoned Stab","floor":4.0},{"not_picked":["Riddle With Holes","Backstab"],"picked":"Noxious Fumes","floor":7.0},{"not_picked":["Acrobatics","Leg Sweep"],"picked":"Venomology","floor":8.0},{"not_picked":["Masterful Stab","Escape Plan","Acrobatics"],"picked":"SKIP","floor":10.0},{"not_picked":["Backflip","Flying Knee"],"picked":"Dodge and Roll","floor":12.0},{"not_picked":["Doppelganger","Envenom"],"picked":"Wraith Form v2","floor":16.0},{"not_picked":["Slice"],"picked":"SKIP","floor":18.0},{"not_picked":["Slice"],"picked":"SKIP","floor":21.0},{"not_picked":[],"picked":"Quick Slash+1","floor":22.0},{"not_picked":["Sucker Punch"],"picked":"SKIP","floor":24.0},{"not_picked":["Dagger Spray","Tactician"],"picked":"SKIP","floor":27.0},{"not_picked":["Cloak And Dagger"],"picked":"Corpse Explosion","floor":29.0},{"not_picked":["Sucker Punch"],"picked":"Deflect+1","floor":30.0},{"not_picked":["Predator+1","Bane"],"picked":"SKIP","floor":31.0},{"not_picked":["Unload"],"picked":"Wraith Form v2","floor":33.0},{"not_picked":["Reflex+1","Accuracy+1"],"picked":"SKIP","floor":35.0},{"not_picked":["Deadly Poison","Deflect"],"picked":"SKIP","floor":36.0},{"not_picked":["Sucker Punch","Caltrops"],"picked":"SKIP","floor":37.0},{"not_picked":["Setup+1","Quick Slash+1"],"picked":"SKIP","floor":39.0},{"not_picked":["Poisoned Stab"],"picked":"Bouncing Flask","floor":40.0},{"not_picked":["Poisoned Stab+1"],"picked":"Dodge and Roll","floor":42.0},{"not_picked":["Grand Finale","Deadly Poison+1"],"picked":"SKIP","floor":44.0},{"not_picked":["Dagger Spray"],"picked":"Backflip+1","floor":46.0},{"not_picked":["Escape Plan","Sucker Punch+1"],"picked":"SKIP","floor":47.0},{"not_picked":["Acrobatics"],"picked":"Dodge and Roll","floor":48.0},{"not_picked":["Choke","Acrobatics+1"],"picked":"SKIP","floor":54.0}],"player_experience":716411,"relics_obtained":[{"floor":7.0,"key":"Strawberry"},{"floor":9.0,"key":"Boot"},{"floor":10.0,"key":"Ice Cream"},{"floor":14.0,"key":"Odd Mushroom"},{"floor":24.0,"key":"Centennial Puzzle"},{"floor":26.0,"key":"Question Card"},{"floor":27.0,"key":"MawBank"},{"floor":31.0,"key":"Whetstone"},{"floor":40.0,"key":"Old Coin"},{"floor":40.0,"key":"Darkstone Periapt"},{"floor":42.0,"key":"Mummified Hand"},{"floor":42.0,"key":"Bottled Lightning"},{"floor":44.0,"key":"Orichalcum"},{"floor":44.0,"key":"Sundial"},{"floor":54.0,"key":"Anchor"},{"floor":54.0,"key":"Gambling Chip"}],"event_choices":[{"cards_removed":["Strike_G"],"damage_healed":0.0,"max_hp_gain":0.0,"max_hp_loss":0.0,"gold_gain":0.0,"event_name":"Golden Wing","player_choice":"Card Removal","floor":3.0,"gold_loss":0.0,"damage_taken":7.0},{"damage_healed":0.0,"max_hp_gain":0.0,"max_hp_loss":0.0,"gold_gain":0.0,"event_name":"Scrap Ooze","player_choice":"Success","floor":5.0,"gold_loss":0.0,"damage_taken":7.0,"relics_obtained":["Dodecahedron"]},{"damage_healed":0.0,"max_hp_gain":0.0,"max_hp_loss":6.0,"gold_gain":0.0,"event_name":"Golden Idol","player_choice":"Lose Max HP","floor":13.0,"gold_loss":0.0,"damage_taken":0.0,"relics_obtained":["Golden Idol"]},{"damage_healed":0.0,"max_hp_gain":0.0,"max_hp_loss":0.0,"gold_gain":0.0,"event_name":"Mushrooms","player_choice":"Fought Mushrooms","floor":14.0,"gold_loss":0.0,"damage_taken":0.0},{"damage_healed":0.0,"max_hp_gain":0.0,"max_hp_loss":0.0,"gold_gain":0.0,"event_name":"The Woman in Blue","player_choice":"Bought 0 Potions","floor":19.0,"gold_loss":0.0,"damage_taken":0.0},{"damage_healed":0.0,"max_hp_gain":0.0,"max_hp_loss":0.0,"gold_gain":0.0,"event_name":"WeMeetAgain","player_choice":"Paid Gold","floor":38.0,"gold_loss":94.0,"damage_taken":0.0,"relics_obtained":["Lantern"]}],"is_beta":false,"boss_relics":[{"not_picked":["Fusion Hammer","Ring of the Serpent"],"picked":"Busted Crown"},{"not_picked":["WristBlade","Orrery"],"picked":"Black Star"}],"items_purged_floors":[11,53],"is_endless":false,"potions_floor_spawned":[2,4,10,21,29,33,35,36,39,46,54],"ascension_level":1}