{"gold_per_floor":[109,109,109,130,143,177,196,215,215,215,253,253,178,158,158,158],"floor_reached":16,"playtime":385,"items_purged":[],"score":220,"play_id":"6320fb03-3d56-4723-8a82-ee934e165a7d","local_time":"20190531170126","is_ascension_mode":true,"campfire_choices":[{"data":"Fiend Fire","floor":10,"key":"SMITH"},{"data":"Bludgeon","floor":12,"key":"SMITH"},{"data":"Bash","floor":15,"key":"SMITH"}],"neow_cost":"NONE","seed_source_timestamp":811739785251495,"circlet_count":0,"master_deck":["AscendersBane","Strike_R","Strike_R","Strike_R","Strike_R","Defend_R","Defend_R","Defend_R","Defend_R","Bash+1","Fiend Fire+1","Thunderclap","Bludgeon+1","Evolve","Shrug It Off"],"relics":["Burning Blood","Golden Idol","Strawberry","Regal Pillow","Matryoshka","Gremlin Horn"],"potions_floor_usage":[6,7,11],"damage_taken":[{"damage":7,"enemies":"Jaw Worm","floor":1,"turns":3},{"damage":10,"enemies":"Small Slimes","floor":4,"turns":3},{"damage":0,"enemies":"Cultist","floor":5,"turns":2},{"damage":30,"enemies":"Lagavulin","floor":6,"turns":6},{"damage":0,"enemies":"Red Slaver","floor":7,"turns":1},{"damage":11,"enemies":"Looter","floor":8,"turns":2},{"damage":8,"enemies":"Gremlin Nob","floor":11,"turns":3},{"damage":25,"enemies":"Hexaghost","floor":16,"turns":7}],"seed_played":"5587598975392794132","potions_obtained":[{"floor":4,"key":"PowerPotion"},{"floor":6,"key":"Fire Potion"},{"floor":8,"key":"AttackPotion"},{"floor":14,"key":"SmokeBomb"}],"is_trial":false,"path_per_floor":["M","?","T","M","M","E","M","M","T","R","E","R","?","?","R","B"],"character_chosen":"IRONCLAD","items_purchased":[],"campfire_rested":0,"item_purchase_floors":[],"current_hp_per_floor":[67,41,48,44,50,26,32,27,27,27,25,25,25,25,25,0],"gold":158,"neow_bonus":"ONE_RANDOM_RARE_CARD","is_prod":false,"is_daily":false,"chose_seed":false,"campfire_upgraded":3,"win_rate":0,"timestamp":1559314886,"path_taken":["M","?","?","M","M","E","?","M","T","R","E","R","?","?","R","BOSS"],"build_version":"2019-01-23","purchased_purges":0,"victory":false,"max_hp_per_floor":[75,75,82,82,82,82,82,82,82,82,82,82,82,82,82,82],"card_choices":[{"not_picked":["Flex","Cleave"],"picked":"Thunderclap","floor":1},{"not_picked":["Flex","Sentinel","Havoc"],"picked":"SKIP","floor":4},{"not_picked":["Rage","Seeing Red","True Grit"],"picked":"SKIP","floor":5},{"not_picked":["Bloodletting","Armaments"],"picked":"Bludgeon","floor":6},{"not_picked":["Havoc","Burning Pact","Corruption"],"picked":"SKIP","floor":7},{"not_picked":["Iron Wave","Pommel Strike"],"picked":"Evolve","floor":8},{"not_picked":["Ghostly Armor","Burning Pact"],"picked":"Shrug It Off","floor":11}],"player_experience":567037,"relics_obtained":[{"floor":3,"key":"Strawberry"},{"floor":6,"key":"Regal Pillow"},{"floor":9,"key":"Matryoshka"},{"floor":11,"key":"Gremlin Horn"}],"event_choices":[{"damage_healed":0,"gold_gain":0,"player_choice":"Take Damage","damage_taken":26,"relics_obtained":["Golden Idol"],"max_hp_gain":0,"max_hp_loss":0,"event_name":"Golden Idol","floor":2,"gold_loss":0},{"cards_removed":["Strike_R"],"damage_healed":0,"gold_gain":0,"player_choice":"Card Removal","damage_taken":0,"max_hp_gain":0,"max_hp_loss":0,"event_name":"The Cleric","floor":13,"gold_loss":75},{"damage_healed":0,"gold_gain":0,"player_choice":"Bought 1 Potion","damage_taken":0,"max_hp_gain":0,"max_hp_loss":0,"event_name":"The Woman in Blue","floor":14,"gold_loss":0}],"is_beta":false,"boss_relics":[],"items_purged_floors":[],"is_endless":false,"potions_floor_spawned":[4,6,8],"killed_by":"Hexaghost","ascension_level":20}