{"path_per_floor":["M","?","?","M","M","R","M","M","T","M","M","?","M","$","R","B",null,"M","?","M","?","M","R","M","?","T","M","$","M","?","?","R"],"character_chosen":"IRONCLAD","items_purchased":["Mummified Hand","Bottled Lightning","Inflame","Mango"],"gold_per_floor":[367,542,617,628,641,641,652,665,665,680,690,690,704,450,450,547,547,559,559,576,576,596,596,615,615,615,630,3,14,14,14,14],"floor_reached":33,"campfire_rested":0,"playtime":1903,"current_hp_per_floor":[80,80,69,69,70,70,76,78,78,80,80,64,65,65,65,17,80,77,56,56,56,40,48,56,40,40,43,57,66,66,66,73],"items_purged":[],"gold":14,"score":269,"play_id":"54a4080f-6209-4cb2-8858-cf1bf6819cb9","local_time":"20180308231215","is_prod":false,"is_daily":false,"is_ascension_mode":false,"campfire_upgraded":4,"timestamp":1520568735,"path_taken":["M","?","?","?","M","R","M","M","T","M","M","?","M","$","R","BOSS","M","?","M","?","M","R","M","?","T","M","$","?","?","?","R","BOSS"],"build_version":"2018-03-01-PROD1","purchased_purges":0,"victory":false,"master_deck":["Defend_R","Defend_R+1","Defend_R","Defend_R","Bash","Parasite","Flame Barrier","Uppercut","Evolve+1","Ghostly Armor","Wild Strike","Power Through+1","Perfected Strike","Infernal Blade+1","Bludgeon+1","Heavy Blade","Bite","Bite","Bite","Bite","Bite","Inflame","Shrug It Off+1","Double Tap+1","Shrug It Off","Inflame","Seeing Red","Infernal Blade"],"max_hp_per_floor":[80,80,80,80,80,80,80,80,80,80,80,80,80,80,80,80,80,80,56,56,56,56,56,56,56,56,59,73,73,73,73,73],"relics":["Burning Blood","Pantograph","Mummified Hand","Eternal Feather","Enchiridion","Mercury Hourglass","Bottled Lightning","Mango"],"card_choices":[{"not_picked":["Wild Strike","Sword Boomerang"],"picked":"Flame Barrier"},{"not_picked":["Anger","Iron Wave"],"picked":"Uppercut"},{"not_picked":["Dual Wield","Heavy Blade"],"picked":"Evolve"},{"not_picked":["Burning Pact","Thunderclap"],"picked":"Ghostly Armor"},{"not_picked":["Entrench","Corruption"],"picked":"Wild Strike"},{"not_picked":["Combust","Havoc"],"picked":"Power Through"},{"not_picked":["Clothesline","Body Slam"],"picked":"Perfected Strike"},{"not_picked":["Thunderclap","Wild Strike"],"picked":"Infernal Blade"},{"not_picked":["Feed","Impervious"],"picked":"Bludgeon"},{"not_picked":["Disarm","Warcry"],"picked":"Heavy Blade"},{"not_picked":["Clash","Anger"],"picked":"Inflame"},{"not_picked":["Twin Strike","Carnage"],"picked":"Shrug It Off"},{"not_picked":["Intimidate","Battle Trance"],"picked":"Double Tap"},{"not_picked":["Cleave","Warcry"],"picked":"Shrug It Off"},{"not_picked":["Heavy Blade","Spot Weakness"],"picked":"Seeing Red"}],"player_experience":362845,"potions_floor_usage":[7,10,18,20,20,29,33,33],"damage_taken":[{"damage":2,"enemies":"2 Louse","floor":1,"turns":3},{"damage":6,"enemies":"Jaw Worm","floor":4,"turns":6},{"damage":5,"enemies":"Cultist","floor":5,"turns":5},{"damage":0,"enemies":"Looter","floor":7,"turns":4},{"damage":4,"enemies":"2 Fungi Beasts","floor":8,"turns":7},{"damage":2,"enemies":"Large Slime","floor":10,"turns":6},{"damage":1,"enemies":"3 Louse","floor":11,"turns":6},{"damage":5,"enemies":"Looter","floor":13,"turns":4},{"damage":69,"enemies":"Hexaghost","floor":16,"turns":16},{"damage":9,"enemies":"3 Byrds","floor":18,"turns":6},{"damage":8,"enemies":"Chosen","floor":20,"turns":5},{"damage":36,"enemies":"Centurion and Healer","floor":22,"turns":12},{"damage":1,"enemies":"Snake Plant","floor":24,"turns":3},{"damage":16,"enemies":"Cultist and Chosen","floor":27,"turns":5},{"damage":9,"enemies":"Centurion and Healer","floor":29,"turns":10},{"damage":97,"enemies":"Automaton","floor":33,"turns":12}],"event_choices":[{"event_name":"Liars Game","player_choice":"agreed","floor":2,"damage_taken":0},{"event_name":"World of Goop","player_choice":"Gather Gold","floor":3,"damage_taken":0},{"event_name":"Shining Light","player_choice":"Entered Light","floor":12,"damage_taken":0},{"event_name":"Vampires","player_choice":"Became a vampire","floor":19,"damage_taken":0},{"event_name":"Back to Basics","player_choice":"Elegance","floor":21,"damage_taken":0},{"event_name":"Cursed Tome","player_choice":"Obtained Book","floor":25,"damage_taken":0},{"event_name":"Drug Dealer","player_choice":"Ignored","floor":30,"damage_taken":0},{"event_name":"The Library","player_choice":"Read","floor":31,"damage_taken":0}],"boss_relics":[{"not_picked":["Velvet Choker","Runic Pyramid"],"picked":"Eternal Feather"}],"potions_floor_spawned":[4,5,8,16,18,20,22,29],"seed_played":"-588839686783016330","killed_by":"Automaton","ascension_level":0,"is_trial":false}