{"gold_per_floor":[18,18,38,49,49,49,77,77,150,181,198,209,221,20,20,20],"floor_reached":16,"playtime":556,"items_purged":[],"score":157,"play_id":"e7ccf822-9124-454e-91ba-5f5938bcac8b","local_time":"20190702225302","is_ascension_mode":true,"campfire_choices":[{"data":"Twin Strike","floor":6,"key":"SMITH"},{"floor":15,"key":"REST"}],"neow_cost":"NO_GOLD","seed_source_timestamp":21050978483000,"circlet_count":0,"master_deck":["Strike_R","Strike_R","Strike_R","Strike_R","Defend_R","Defend_R","Defend_R","Defend_R","Bash+1","Dual Wield+1","Flex","Twin Strike+1","Flex","Double Tap","Clumsy","Rupture","Shrug It Off","Whirlwind","Rampage","Bludgeon"],"relics":["Burning Blood","Incense Burner","Lantern","Darkstone Periapt","Red Skull","Medical Kit"],"potions_floor_usage":[3,7,13,16],"damage_taken":[{"damage":12,"enemies":"Small Slimes","floor":1,"turns":4},{"damage":0,"enemies":"2 Louse","floor":3,"turns":2},{"damage":6,"enemies":"Cultist","floor":4,"turns":3},{"damage":21,"enemies":"Lagavulin","floor":7,"turns":4},{"damage":30,"enemies":"Gremlin Nob","floor":10,"turns":4},{"damage":0,"enemies":"Red Slaver","floor":11,"turns":2},{"damage":11,"enemies":"Looter","floor":12,"turns":3},{"damage":0,"enemies":"Exordium Wildlife","floor":13,"turns":1},{"damage":50,"enemies":"Hexaghost","floor":16,"turns":9}],"seed_played":"-5358410637579862481","potions_obtained":[{"floor":1,"key":"SkillPotion"},{"floor":3,"key":"LiquidBronze"},{"floor":12,"key":"Fire Potion"},{"floor":13,"key":"Weak Potion"}],"is_trial":false,"path_per_floor":["M","?","M","M","?","R","E","?","T","E","M","M","M","$","R","B"],"character_chosen":"IRONCLAD","items_purchased":["Medical Kit"],"campfire_rested":1,"item_purchase_floors":[14],"current_hp_per_floor":[66,66,72,72,56,56,41,41,41,17,23,18,24,24,48,0],"gold":20,"neow_bonus":"ONE_RARE_RELIC","is_prod":false,"is_daily":false,"chose_seed":false,"campfire_upgraded":1,"win_rate":0,"timestamp":1562122382,"path_taken":["M","?","M","M","?","R","E","?","T","E","M","M","?","?","R","BOSS"],"build_version":"2019-06-30","purchased_purges":0,"victory":false,"max_hp_per_floor":[80,80,80,80,80,80,80,80,80,80,80,80,80,80,80,80],"card_choices":[{"not_picked":["Shrug It Off","Pommel Strike"],"picked":"Dual Wield","floor":1},{"not_picked":["Clothesline","Armaments"],"picked":"Twin Strike","floor":3},{"not_picked":["Carnage","Wild Strike"],"picked":"Flex","floor":4},{"not_picked":["True Grit","Immolate"],"picked":"Double Tap","floor":7},{"not_picked":["Anger","Pommel Strike"],"picked":"Shrug It Off","floor":10},{"not_picked":["Anger","Havoc"],"picked":"Whirlwind","floor":11},{"not_picked":["Intimidate","Pommel Strike"],"picked":"Rampage","floor":12},{"not_picked":["Armaments","Reckless Charge"],"picked":"Bludgeon","floor":13}],"player_experience":1172669,"relics_obtained":[{"floor":7,"key":"Lantern"},{"floor":9,"key":"Darkstone Periapt"},{"floor":10,"key":"Red Skull"}],"event_choices":[{"damage_healed":0,"gold_gain":0,"cards_transformed":["Strike_R"],"player_choice":"Change","damage_taken":0,"max_hp_gain":0,"max_hp_loss":0,"event_name":"Living Wall","floor":2,"gold_loss":0,"cards_obtained":["Flex"]},{"damage_healed":0,"gold_gain":0,"player_choice":"Entered Light","damage_taken":16,"max_hp_gain":0,"max_hp_loss":0,"event_name":"Shining Light","floor":5,"gold_loss":0,"cards_upgraded":["Dual Wield","Bash"]},{"damage_healed":0,"gold_gain":0,"player_choice":"2 cards matched","damage_taken":0,"max_hp_gain":0,"max_hp_loss":0,"event_name":"Match and Keep!","floor":8,"gold_loss":0,"cards_obtained":["Clumsy","Rupture"]}],"is_beta":true,"boss_relics":[],"items_purged_floors":[],"is_endless":false,"potions_floor_spawned":[1,3,12,13],"killed_by":"Hexaghost","ascension_level":8}