{"path_per_floor":["M","?","?","M","M","R","?","R","T","R","$","M","M","M","R","B",null,"M","?","?","$","M","R"],"character_chosen":"DEFECT","items_purchased":["Rainbow","Madness","Scrape"],"gold_per_floor":[18,18,18,36,55,55,155,155,155,155,11,26,36,52,52,156,156,173,173,173,9,28,28,28],"floor_reached":24,"campfire_rested":0,"playtime":807,"current_hp_per_floor":[75,68,68,65,65,65,65,65,65,65,65,50,48,57,57,24,75,66,66,50,50,56,56,0],"items_purged":[],"gold":28,"score":186,"play_id":"dee5f07c-dbcf-454e-a0b2-ac1dd3715a65","local_time":"20180515105729","is_prod":false,"is_daily":false,"chose_seed":false,"is_ascension_mode":false,"campfire_upgraded":2,"timestamp":1526396249,"path_taken":["M","?","?","?","M","R","?","R","T","R","$","M","M","M","R","BOSS","M","?","?","?","M","R","E"],"build_version":"2018-05-14v2","seed_source_timestamp":158447817785640,"purchased_purges":0,"victory":false,"master_deck":["Strike_B","Strike_B","Defend_B","Defend_B","Defend_B","Defend_B","Zap","Dualcast","Amplify+1","Beam Cell+1","Self Repair+1","Rainbow","All For One","Conserve Battery","Necronomicurse","Madness","Scrape","BootSequence"],"max_hp_per_floor":[75,75,75,75,75,75,75,75,75,75,75,75,75,75,75,75,75,75,75,75,75,75,75,75],"relics":["Cracked Core","Shovel","Symbiotic Virus","Emotion Chip","Philosopher\u0027s Stone","Necronomicon","Vajra"],"card_choices":[{"not_picked":["Blizzard","Steam"],"picked":"Beam Cell","floor":1},{"not_picked":["Tempest","Axe Kick","Skim"],"picked":"SKIP","floor":4},{"not_picked":["Storm","Barrage"],"picked":"Self Repair","floor":5},{"not_picked":["Ball Lightning","Sweeping Beam","Steam"],"picked":"SKIP","floor":12},{"not_picked":["Blizzard","Force Field","Ball Lightning"],"picked":"SKIP","floor":13},{"not_picked":["Barrage","Storm","Streamline"],"picked":"SKIP","floor":14},{"not_picked":["Rainbow","Seek"],"picked":"All For One","floor":16},{"not_picked":["Cold Snap","Ball Lightning"],"picked":"Conserve Battery","floor":18},{"not_picked":["Force Field+1","Rebound"],"picked":"BootSequence","floor":22}],"player_experience":268977,"potions_floor_usage":[5,14,16,22],"damage_taken":[{"damage":0,"enemies":"Small Slimes","floor":1,"turns":4},{"damage":3,"enemies":"Jaw Worm","floor":4,"turns":3},{"damage":0,"enemies":"2 Louse","floor":5,"turns":2},{"damage":35,"enemies":"Gremlin Gang","floor":12,"turns":6},{"damage":12,"enemies":"2 Fungi Beasts","floor":13,"turns":3},{"damage":1,"enemies":"Lots of Slimes","floor":14,"turns":3},{"damage":53,"enemies":"Hexaghost","floor":16,"turns":10},{"damage":29,"enemies":"2 Thieves","floor":18,"turns":4},{"damage":4,"enemies":"Spheric Guardian","floor":22,"turns":3},{"damage":66,"enemies":"Gremlin Leader","floor":24,"turns":6}],"relics_obtained":[{"floor":9,"key":"Shovel"},{"floor":10,"key":"Symbiotic Virus"},{"floor":15,"key":"Emotion Chip"},{"floor":20,"key":"Necronomicon"},{"floor":23,"key":"Vajra"}],"event_choices":[{"event_name":"Golden Wing","player_choice":"Card Removal","floor":2,"damage_taken":0},{"event_name":"Upgrade Shrine","player_choice":"Upgraded","floor":3,"damage_taken":0},{"event_name":"Golden Shrine","player_choice":"Pray","floor":7,"damage_taken":0},{"event_name":"Ghosts","player_choice":"Ignored","floor":19,"damage_taken":0},{"event_name":"Cursed Tome","player_choice":"Obtained Book","floor":20,"damage_taken":0}],"boss_relics":[{"not_picked":["Runic Dome","Calling Bell"],"picked":"Philosopher\u0027s Stone"}],"potions_floor_spawned":[1,13,14,18],"seed_played":"6798577929310646310","killed_by":"Gremlin Leader","ascension_level":0,"potions_obtained":[{"floor":1,"key":"Block Potion"},{"floor":13,"key":"EssenceOfSteel"},{"floor":14,"key":"Ancient Potion"},{"floor":18,"key":"GamblersBrew"}],"is_trial":false}