{"path_per_floor":["M","M","$","?","M","E","M","M","T","?","$","R","M","?","R","B",null,"M","?","M","M","M"],"character_chosen":"DEFECT","items_purchased":["Melter","Gash","Dream Catcher"],"gold_per_floor":[118,132,94,94,113,138,156,169,169,244,22,22,37,37,37,135,135,150,150,167,187,205,205],"floor_reached":23,"campfire_rested":2,"playtime":1373,"current_hp_per_floor":[75,75,75,75,75,75,74,74,74,63,63,75,68,61,75,23,75,75,75,75,61,15,0],"items_purged":[],"gold":205,"score":220,"play_id":"28891d0b-9546-41f2-bc33-dbf98c4c714f","local_time":"20180507202817","is_prod":false,"is_daily":false,"chose_seed":false,"is_ascension_mode":false,"campfire_upgraded":0,"timestamp":1525739297,"path_taken":["M","M","$","?","M","E","M","?","T","?","$","R","?","?","R","BOSS","M","?","?","M","M","M"],"build_version":"2018-05-03","seed_source_timestamp":1909179562316369,"purchased_purges":0,"victory":false,"master_deck":["Strike_B","Strike_B","Strike_B","Strike_B","Defend_B","Defend_B","Defend_B","Defend_B","Zap","Dualcast","Streamline","Melter","Storm","Gash","Creative AI","Streamline","Creative AI","Rebound+1","Glacier","Chill","Glacier"],"max_hp_per_floor":[75,75,75,75,75,75,75,75,75,75,75,75,75,75,75,75,75,75,75,75,75,75,75],"relics":["Cracked Core","NeowsBlessing","Mummified Hand","Ancient Tea Set","Dream Catcher","Bag of Preparation","Runic Pyramid","Symbiotic Virus"],"card_choices":[{"not_picked":["Skim","Axe Kick"],"picked":"Streamline","floor":2},{"not_picked":["Sweeping Beam","Impulse"],"picked":"Storm","floor":7},{"not_picked":["FTL","Sunder"],"picked":"Creative AI","floor":12},{"not_picked":["Go for the Eyes","Cold Snap"],"picked":"Streamline","floor":13},{"not_picked":["Thunder Strike","Amplify"],"picked":"Creative AI","floor":16},{"not_picked":["Capacitor","Stack"],"picked":"Rebound","floor":18},{"not_picked":["Ball Lightning","Barrage"],"picked":"Glacier","floor":20},{"not_picked":["Darkness","Stack"],"picked":"Chill","floor":21},{"not_picked":["Cold Snap","Genetic Algorithm"],"picked":"Glacier","floor":22}],"player_experience":183620,"potions_floor_usage":[6,6,7,8,8,16,20,23],"damage_taken":[{"damage":0,"enemies":"2 Louse","floor":1,"turns":1},{"damage":0,"enemies":"Cultist","floor":2,"turns":1},{"damage":0,"enemies":"Jaw Worm","floor":5,"turns":1},{"damage":0,"enemies":"Gremlin Nob","floor":6,"turns":2},{"damage":1,"enemies":"Red Slaver","floor":7,"turns":4},{"damage":0,"enemies":"2 Fungi Beasts","floor":8,"turns":2},{"damage":7,"enemies":"Blue Slaver","floor":13,"turns":3},{"damage":52,"enemies":"Hexaghost","floor":16,"turns":9},{"damage":0,"enemies":"Spheric Guardian","floor":18,"turns":2},{"damage":0,"enemies":"Chosen","floor":20,"turns":3},{"damage":14,"enemies":"Centurion and Healer","floor":21,"turns":6},{"damage":46,"enemies":"Chosen and Byrds","floor":22,"turns":7},{"damage":17,"enemies":"Snake Plant","floor":23,"turns":4}],"event_choices":[{"event_name":"The Lab","player_choice":"Got Potions","floor":4,"damage_taken":0},{"event_name":"World of Goop","player_choice":"Gather Gold","floor":10,"damage_taken":0},{"event_name":"Scrap Ooze","player_choice":"success","floor":14,"damage_taken":7},{"event_name":"Wheel of Change","player_choice":"Relic","floor":19,"damage_taken":0}],"boss_relics":[{"not_picked":["Runic Dome","Ectoplasm"],"picked":"Runic Pyramid"}],"potions_floor_spawned":[2,6,7,13,16,18],"seed_played":"4036443848629944568","killed_by":"Snake Plant","ascension_level":0,"is_trial":false}