{"gold_per_floor":[109,73,83,94,94,94,112,125,149,183,183,216,216,2,2,101,101,101],"floor_reached":18,"playtime":1778,"items_purged":["Strike_R"],"score":170,"play_id":"c8c75128-465d-43c5-97dd-8bea8fff676c","local_time":"20190323070925","is_ascension_mode":false,"campfire_choices":[{"data":"Burning Pact","floor":6,"key":"SMITH"},{"floor":11,"key":"REST"},{"floor":13,"key":"REST"},{"floor":15,"key":"REST"}],"neow_cost":"NONE","seed_source_timestamp":211599420921519,"circlet_count":0,"master_deck":["Strike_R","Strike_R","Strike_R","Strike_R","Defend_R","Defend_R","Defend_R","Defend_R","Bash","Dark Embrace","Burning Pact+1","Spot Weakness","Iron Wave","Headbutt","Iron Wave","Infernal Blade","Warcry","Headbutt","Armaments","Feel No Pain","Warcry","Fiend Fire"],"relics":["Burning Blood","Boot","Bronze Scales","Anchor","White Beast Statue"],"potions_floor_usage":[10,16,16],"damage_taken":[{"damage":5,"enemies":"Small Slimes","floor":1,"turns":3},{"damage":6,"enemies":"Cultist","floor":3,"turns":4},{"damage":6,"enemies":"Jaw Worm","floor":4,"turns":3},{"damage":11,"enemies":"Blue Slaver","floor":7,"turns":4},{"damage":9,"enemies":"3 Louse","floor":8,"turns":5},{"damage":36,"enemies":"Lagavulin","floor":10,"turns":6},{"damage":32,"enemies":"Gremlin Nob","floor":12,"turns":4},{"damage":81,"enemies":"Slime Boss","floor":16,"turns":13},{"damage":0,"enemies":"2 Thieves","floor":18,"turns":1}],"seed_played":"-7467731137723309872","potions_obtained":[{"floor":1,"key":"LiquidBronze"},{"floor":3,"key":"AttackPotion"},{"floor":5,"key":"FairyPotion"},{"floor":7,"key":"Explosive Potion"},{"floor":10,"key":"SpeedPotion"}],"is_trial":false,"path_per_floor":["M","$","M","M","?","R","M","M","T","E","R","E","R","$","R","B",null,"M"],"character_chosen":"IRONCLAD","items_purchased":["Spot Weakness","Armaments","Feel No Pain","Warcry"],"campfire_rested":3,"item_purchase_floors":[2,14,14,14],"current_hp_per_floor":[80,80,80,80,80,80,75,72,72,42,66,40,64,64,80,14,80,80],"gold":101,"neow_bonus":"ONE_RANDOM_RARE_CARD","is_prod":false,"is_daily":false,"chose_seed":false,"campfire_upgraded":1,"win_rate":0.0,"timestamp":1553339365,"path_taken":["M","$","M","M","?","R","?","M","T","E","R","E","R","$","R","BOSS","M"],"build_version":"2019-01-23","purchased_purges":1,"victory":false,"max_hp_per_floor":[80,80,80,80,80,80,80,80,80,80,80,80,80,80,80,80,80,80],"card_choices":[{"not_picked":["Rage","Warcry"],"picked":"Burning Pact","floor":1},{"not_picked":["Heavy Blade","Warcry"],"picked":"Iron Wave","floor":3},{"not_picked":["Body Slam","Intimidate"],"picked":"Headbutt","floor":4},{"not_picked":["Anger","Sword Boomerang"],"picked":"Iron Wave","floor":7},{"not_picked":["Sword Boomerang","Offering"],"picked":"Infernal Blade","floor":8},{"not_picked":["Clash","Sword Boomerang"],"picked":"Warcry","floor":10},{"not_picked":["Iron Wave","Intimidate"],"picked":"Headbutt","floor":12},{"not_picked":["Juggernaut","Limit Break"],"picked":"Fiend Fire","floor":16}],"player_experience":46612,"relics_obtained":[{"floor":9,"key":"Boot"},{"floor":10,"key":"Bronze Scales"},{"floor":12,"key":"Anchor"}],"event_choices":[{"damage_healed":0,"gold_gain":0,"player_choice":"Got Potions","damage_taken":0,"max_hp_gain":0,"max_hp_loss":0,"event_name":"Lab","floor":5,"gold_loss":0}],"is_beta":false,"boss_relics":[{"not_picked":["Calling Bell","Philosopher\u0027s Stone"],"picked":"White Beast Statue"}],"items_purged_floors":[14],"is_endless":false,"potions_floor_spawned":[1,3,7,10],"killed_by":"2 Thieves","ascension_level":0}