{"gold_per_floor":[11,30,47,63,63,63,93,111,111,127,156,156,190,208,208,313,313,325,339,354,134,150,150,178,178,178,192,218,143,63,90,90,187,187,204,204,7,7,82,115,131,164,164,184,184,209,222,257,257,257,257,257,91,119,119],"floor_reached":56,"playtime":1975,"items_purged":["Strike_G","Regret","Defend_G"],"score":1588,"play_id":"7a725385-6c1a-4a87-85bb-10039cb6157c","local_time":"20181117104415","is_ascension_mode":true,"campfire_choices":[{"data":"Neutralize","floor":6.0,"key":"SMITH"},{"data":"Bouncing Flask","floor":12.0,"key":"SMITH"},{"data":"Catalyst","floor":15.0,"key":"SMITH"},{"data":"Catalyst","floor":23.0,"key":"SMITH"},{"data":"Footwork","floor":32.0,"key":"SMITH"},{"data":"Bouncing Flask","floor":45.0,"key":"SMITH"},{"floor":49.0,"key":"RECALL"},{"data":"Well Laid Plans","floor":52.0,"key":"SMITH"}],"neow_cost":"NO_GOLD","seed_source_timestamp":285974812586208,"circlet_count":0,"master_deck":["Defend_G","Defend_G","Survivor","Neutralize+1","Bouncing Flask+1","Dagger Spray","Catalyst+1","PiercingWail","Catalyst+1","Corpse Explosion","Dodge and Roll+1","Backstab","Footwork+1","Bouncing Flask+1","Backflip","Die Die Die","Crippling Poison","Burst","Backflip+1","Well Laid Plans+1","Noxious Fumes","Deflect+1"],"special_seed":0,"relics":["Ring of the Serpent","Thread and Needle","Tough Bandages","Meat on the Bone","Cursed Key","Bottled Tornado","Ninja Scroll","The Courier","Strawberry","Letter Opener","Nunchaku","Smiling Mask","Bottled Flame","Juzu Bracelet","PreservedInsect","Toxic Egg 2"],"potions_floor_usage":[55,55],"damage_taken":[{"damage":0.0,"enemies":"2 Louse","floor":1.0,"turns":3.0},{"damage":1.0,"enemies":"Cultist","floor":2.0,"turns":4.0},{"damage":0.0,"enemies":"Jaw Worm","floor":3.0,"turns":4.0},{"damage":4.0,"enemies":"2 Fungi Beasts","floor":4.0,"turns":3.0},{"damage":12.0,"enemies":"Gremlin Nob","floor":7.0,"turns":3.0},{"damage":0.0,"enemies":"Looter","floor":8.0,"turns":3.0},{"damage":0.0,"enemies":"Exordium Thugs","floor":10.0,"turns":7.0},{"damage":0.0,"enemies":"Lagavulin","floor":11.0,"turns":5.0},{"damage":24.0,"enemies":"3 Sentries","floor":13.0,"turns":7.0},{"damage":1.0,"enemies":"Exordium Wildlife","floor":14.0,"turns":5.0},{"damage":1.0,"enemies":"The Guardian","floor":16.0,"turns":5.0},{"damage":3.0,"enemies":"Shell Parasite","floor":18.0,"turns":3.0},{"damage":0.0,"enemies":"Chosen","floor":19.0,"turns":4.0},{"damage":7.0,"enemies":"Shelled Parasite and Fungi","floor":20.0,"turns":4.0},{"damage":0.0,"enemies":"Snecko","floor":22.0,"turns":2.0},{"damage":0.0,"enemies":"Book of Stabbing","floor":24.0,"turns":3.0},{"damage":2.0,"enemies":"Chosen and Byrds","floor":27.0,"turns":4.0},{"damage":1.0,"enemies":"Gremlin Leader","floor":28.0,"turns":3.0},{"damage":28.0,"enemies":"Slavers","floor":31.0,"turns":3.0},{"damage":22.0,"enemies":"Automaton","floor":33.0,"turns":11.0},{"damage":8.0,"enemies":"Orb Walker","floor":35.0,"turns":3.0},{"damage":0.0,"enemies":"Giant Head","floor":40.0,"turns":5.0},{"damage":0.0,"enemies":"3 Shapes","floor":41.0,"turns":1.0},{"damage":0.0,"enemies":"Nemesis","floor":42.0,"turns":3.0},{"damage":0.0,"enemies":"Writhing Mass","floor":44.0,"turns":4.0},{"damage":30.0,"enemies":"Reptomancer","floor":46.0,"turns":5.0},{"damage":0.0,"enemies":"Transient","floor":47.0,"turns":5.0},{"damage":0.0,"enemies":"Giant Head","floor":48.0,"turns":6.0},{"damage":18.0,"enemies":"Donu and Deca","floor":50.0,"turns":6.0},{"damage":13.0,"enemies":"Shield and Spear","floor":54.0,"turns":4.0},{"damage":49,"enemies":"The Heart","floor":55,"turns":6}],"seed_played":"7790865003778562199","potions_obtained":[{"floor":2.0,"key":"SteroidPotion"},{"floor":3.0,"key":"Regen Potion"},{"floor":5.0,"key":"SkillPotion"},{"floor":8.0,"key":"SpeedPotion"},{"floor":11.0,"key":"PowerPotion"},{"floor":16.0,"key":"Strength Potion"},{"floor":20.0,"key":"Dexterity Potion"},{"floor":24.0,"key":"Ancient Potion"},{"floor":35.0,"key":"AttackPotion"},{"floor":47.0,"key":"EssenceOfSteel"}],"is_trial":false,"path_per_floor":["M","M","M","M","?","R","E","M","T","M","E","R","E","M","R","B",null,"M","M","M","$","M","R","E","?","T","M","E","?","$","E","R","B",null,"M","?","$","?","?","E","M","E","T","M","R","E","M","E","R","B",null,"R","$","E","B",null],"character_chosen":"THE_SILENT","items_purchased":["Footwork","Bouncing Flask","Letter Opener","PreservedInsect"],"campfire_rested":0,"item_purchase_floors":[21,21,37,53],"current_hp_per_floor":[70,69,69,65,65,65,53,53,53,53,53,53,29,43,43,42,70,67,67,60,60,60,60,60,60,60,58,57,57,57,48,48,38,77,69,69,69,69,62,62,62,62,62,62,62,44,44,44,44,38,73,73,73,60,23],"gold":119,"neow_bonus":"REMOVE_TWO","is_prod":false,"is_daily":false,"chose_seed":false,"campfire_upgraded":7,"win_rate":0,"timestamp":1542476655,"path_taken":["M","M","M","M","?","R","E","M","T","?","E","R","E","M","R","BOSS","M","M","?","$","M","R","E","?","T","M","E","?","$","E","R","BOSS","M","?","$","?","?","E","M","E","T","M","R","E","M","E","R","BOSS","R","$","E","BOSS"],"build_version":"2018-11-15","purchased_purges":3,"victory":true,"max_hp_per_floor":[70,70,70,70,70,70,70,70,70,70,70,70,70,70,70,70,70,70,70,70,70,70,70,70,70,70,70,70,70,70,77,77,77,77,77,73,73,73,73,73,73,73,73,73,73,73,73,73,73,73,73,73,73,73,73],"card_choices":[{"not_picked":["Underhanded Strike","Bane","Setup"],"picked":"SKIP","floor":1.0},{"not_picked":["Blade Dance","Acrobatics","Outmaneuver"],"picked":"SKIP","floor":2.0},{"not_picked":["Underhanded Strike","Bane"],"picked":"Bouncing Flask","floor":3.0},{"not_picked":["Finisher","Deadly Poison"],"picked":"Dagger Spray","floor":4.0},{"not_picked":["Crippling Poison","Night Terror"],"picked":"Catalyst","floor":7.0},{"not_picked":["Skewer","Quick Slash"],"picked":"PiercingWail","floor":8.0},{"not_picked":["Flying Knee","Cloak And Dagger"],"picked":"Catalyst","floor":10.0},{"not_picked":["Blade Dance","Prepared","Predator"],"picked":"SKIP","floor":11.0},{"not_picked":["PiercingWail","Underhanded Strike","Flying Knee"],"picked":"SKIP","floor":13.0},{"not_picked":["Deflect","Prepared","Quick Slash"],"picked":"SKIP","floor":14.0},{"not_picked":["Adrenaline","Doppelganger"],"picked":"Corpse Explosion","floor":16.0},{"not_picked":["Calculated Gamble","Masterful Stab+1"],"picked":"Dodge and Roll+1","floor":18.0},{"not_picked":["Sucker Punch","Acrobatics+1"],"picked":"Backstab","floor":19.0},{"not_picked":["Heel Hook","Dagger Spray","Accuracy"],"picked":"SKIP","floor":20.0},{"not_picked":["Slice","Terror","Quick Slash"],"picked":"SKIP","floor":22.0},{"not_picked":["Quick Slash","Dash","All Out Attack"],"picked":"SKIP","floor":24.0},{"not_picked":["Finisher","Underhanded Strike","Dagger Spray"],"picked":"SKIP","floor":27.0},{"not_picked":["Concentrate","Deadly Poison","Sucker Punch"],"picked":"SKIP","floor":28.0},{"not_picked":["Quick Slash+1","Doppelganger"],"picked":"Crippling Poison","floor":31.0},{"not_picked":["Storm of Steel","Glass Knife"],"picked":"Burst","floor":33.0},{"not_picked":["Calculated Gamble+1","Quick Slash+1"],"picked":"Backflip+1","floor":35.0},{"not_picked":["Sucker Punch","Choke+1","Calculated Gamble+1"],"picked":"SKIP","floor":40.0},{"not_picked":["Slice+1","Caltrops","Dagger Spray"],"picked":"SKIP","floor":41.0},{"not_picked":["Backstab","Infinite Blades+1","Dash+1"],"picked":"SKIP","floor":42.0},{"not_picked":["Deflect+1","Backflip+1","Poisoned Stab+1"],"picked":"SKIP","floor":44.0},{"not_picked":["Acrobatics+1","Prepared+1"],"picked":"Well Laid Plans","floor":46.0},{"not_picked":["Eviscerate","Dodge and Roll"],"picked":"Noxious Fumes","floor":47.0},{"not_picked":["Venomology","Blur"],"picked":"Deflect+1","floor":48.0},{"not_picked":["Quick Slash+1","Escape Plan","Bane+1"],"picked":"SKIP","floor":54.0}],"player_experience":637484,"relics_obtained":[{"floor":7.0,"key":"Thread and Needle"},{"floor":11.0,"key":"Tough Bandages"},{"floor":13.0,"key":"Meat on the Bone"},{"floor":24.0,"key":"Bottled Tornado"},{"floor":26.0,"key":"Ninja Scroll"},{"floor":28.0,"key":"The Courier"},{"floor":31.0,"key":"Strawberry"},{"floor":40.0,"key":"Nunchaku"},{"floor":42.0,"key":"Smiling Mask"},{"floor":46.0,"key":"Bottled Flame"},{"floor":48.0,"key":"Juzu Bracelet"},{"floor":54.0,"key":"Toxic Egg 2"}],"event_choices":[{"damage_healed":0.0,"max_hp_gain":0.0,"max_hp_loss":0.0,"gold_gain":0.0,"event_name":"Lab","player_choice":"Got Potions","floor":5.0,"gold_loss":0.0,"damage_taken":0.0},{"damage_healed":0.0,"max_hp_gain":0.0,"max_hp_loss":0.0,"gold_gain":0.0,"cards_transformed":["Strike_G","Strike_G"],"event_name":"Drug Dealer","player_choice":"Became Test Subject","floor":25.0,"gold_loss":0.0,"damage_taken":0.0,"cards_obtained":["Backflip","Die Die Die"]},{"cards_removed":["Strike_G"],"damage_healed":0.0,"max_hp_gain":0.0,"max_hp_loss":0.0,"gold_gain":0.0,"event_name":"Beggar","player_choice":"Gave Gold","floor":29.0,"gold_loss":75.0,"damage_taken":0.0},{"damage_healed":0.0,"max_hp_gain":0.0,"max_hp_loss":4.0,"gold_gain":0.0,"event_name":"Winding Halls","player_choice":"Max HP","floor":36.0,"gold_loss":0.0,"damage_taken":0.0},{"cards_removed":["Defend_G"],"damage_healed":0.0,"max_hp_gain":0.0,"max_hp_loss":0.0,"gold_gain":0.0,"event_name":"Falling","player_choice":"Removed Skill","floor":38.0,"gold_loss":0.0,"damage_taken":0.0},{"damage_healed":0.0,"max_hp_gain":0.0,"max_hp_loss":0.0,"gold_gain":75.0,"event_name":"FaceTrader","player_choice":"Touch","floor":39.0,"gold_loss":0.0,"damage_taken":7.0}],"is_beta":false,"boss_relics":[{"not_picked":["HoveringKite","Calling Bell"],"picked":"Cursed Key"},{"not_picked":["Astrolabe","WristBlade"],"picked":"Ring of the Serpent"}],"items_purged_floors":[21,30,53],"is_endless":false,"potions_floor_spawned":[2,3,8,10,11,16,20,24,35,44,47],"ascension_level":1}