{"path_per_floor":["M","M","?","M","$","R","?","R","T","E","?","M","M","?","R","B",null,"M","M","M","?","$","R","$","E","T","M"],"character_chosen":"DEFECT","items_purchased":["FTL","Purity","Frozen Egg 2","Stack"],"gold_per_floor":[113,133,133,151,26,26,26,26,49,83,83,96,116,116,116,218,218,231,242,255,285,36,36,12,43,68,79,79],"floor_reached":28,"campfire_rested":2,"playtime":993,"current_hp_per_floor":[75,75,75,75,75,75,60,60,60,47,47,47,29,29,51,20,75,75,65,46,46,46,68,68,21,21,20,0],"items_purged":[],"gold":79,"score":238,"play_id":"821d118a-cfe9-4404-b99c-6c08fde18e84","local_time":"20180507174736","is_prod":false,"is_daily":false,"chose_seed":false,"is_ascension_mode":false,"campfire_upgraded":2,"timestamp":1525729656,"path_taken":["M","M","?","M","$","R","?","R","T","E","?","M","M","?","R","BOSS","M","M","?","?","?","R","$","E","T","M","M"],"build_version":"2018-05-03","seed_source_timestamp":1899919396611720,"purchased_purges":0,"victory":false,"master_deck":["Strike_B+1","Strike_B+1","Strike_B+1","Defend_B","Defend_B+1","Defend_B","Defend_B","Zap","Dualcast","Melter+1","Static Discharge+1","FTL+1","Purity","Hello World","Conserve Battery","Genetic Algorithm+1","Sunder","Rainbow","Hologram+1","Writhe","Stack","Defragment+1","Gash+1"],"max_hp_per_floor":[75,75,75,75,75,75,75,75,75,75,75,75,75,75,75,75,75,75,75,75,75,75,75,75,75,75,75,75],"relics":["Cracked Core","NeowsBlessing","Whetstone","Dream Catcher","Black Star","Tiny Chest","Frozen Egg 2","Mummified Hand","Molten Egg 2","Orichalcum"],"card_choices":[{"not_picked":["Stack","Conserve Battery"],"picked":"Melter","floor":2},{"not_picked":["Heatsinks","Axe Kick"],"picked":"Static Discharge","floor":4},{"not_picked":["Turbo","Axe Kick"],"picked":"Hello World","floor":10},{"not_picked":["Ball Lightning","Go for the Eyes"],"picked":"Conserve Battery","floor":12},{"not_picked":["Hologram","Axe Kick"],"picked":"Genetic Algorithm","floor":13},{"not_picked":["Sweeping Beam","Cold Snap"],"picked":"Sunder","floor":15},{"not_picked":["Seek","Biased Cognition"],"picked":"Rainbow","floor":16},{"not_picked":["Coolheaded","Leap"],"picked":"Hologram","floor":18},{"not_picked":["Meteor Strike","Doom and Gloom"],"picked":"Defragment","floor":25},{"not_picked":["Rebound","BootSequence"],"picked":"Gash","floor":27}],"player_experience":174605,"potions_floor_usage":[12,13,16,19,19,25],"damage_taken":[{"damage":0,"enemies":"2 Louse","floor":1,"turns":1},{"damage":0,"enemies":"Jaw Worm","floor":2,"turns":1},{"damage":0,"enemies":"Cultist","floor":4,"turns":1},{"damage":13,"enemies":"Lagavulin","floor":10,"turns":6},{"damage":0,"enemies":"Large Slime","floor":12,"turns":3},{"damage":18,"enemies":"Exordium Thugs","floor":13,"turns":3},{"damage":31,"enemies":"The Guardian","floor":16,"turns":8},{"damage":0,"enemies":"Spheric Guardian","floor":18,"turns":3},{"damage":10,"enemies":"Chosen","floor":19,"turns":3},{"damage":19,"enemies":"3 Cultists","floor":20,"turns":5},{"damage":47,"enemies":"Slavers","floor":25,"turns":6},{"damage":1,"enemies":"Sentry and Sphere","floor":27,"turns":3},{"damage":28,"enemies":"Snecko","floor":28,"turns":4}],"event_choices":[{"event_name":"Living Wall","player_choice":"Grow","floor":3,"damage_taken":0},{"event_name":"Shining Light","player_choice":"Entered Light","floor":7,"damage_taken":0},{"event_name":"Purifier","player_choice":"One Purge","floor":11,"damage_taken":0},{"event_name":"Upgrade Shrine","player_choice":"Upgraded","floor":14,"damage_taken":0},{"event_name":"The Mausoleum","player_choice":"Yes","floor":21,"damage_taken":0}],"boss_relics":[{"not_picked":["Velvet Choker","Ectoplasm"],"picked":"Black Star"}],"potions_floor_spawned":[4,12,13,16,18,20],"seed_played":"-7056569330061218943","killed_by":"Snecko","ascension_level":0,"is_trial":false}