{"gold_per_floor":[117,131,131,144,119,119,159,177,201,126,166,91,91,105,105,105],"floor_reached":16,"playtime":389,"items_purged":["Strike_B"],"score":224,"play_id":"a46d44e0-9798-412f-9c06-d97bf6a48f5a","local_time":"20190623111838","is_ascension_mode":true,"campfire_choices":[{"data":"Streamline","floor":6.0,"key":"SMITH"},{"data":"Defragment","floor":13.0,"key":"SMITH"},{"data":"Sunder","floor":15.0,"key":"SMITH"}],"neow_cost":"NONE","seed_source_timestamp":1012745434268855,"circlet_count":0,"master_deck":["AscendersBane","Strike_B","Strike_B","Defend_B","Defend_B","Defend_B","Defend_B","Zap","Dualcast","Self Repair","Sweeping Beam","Streamline+1","Ball Lightning","Sunder+1","Defragment+1","Auto Shields"],"special_seed":0,"relics":["Cracked Core","Golden Idol","Strawberry","Art of War","Lantern"],"potions_floor_usage":[16],"damage_taken":[{"damage":1.0,"enemies":"Cultist","floor":1.0,"turns":4.0},{"damage":7.0,"enemies":"Small Slimes","floor":2.0,"turns":4.0},{"damage":4.0,"enemies":"Jaw Worm","floor":4.0,"turns":5.0},{"damage":31.0,"enemies":"Exordium Thugs","floor":5.0,"turns":4.0},{"damage":20.0,"enemies":"Lagavulin","floor":7.0,"turns":8.0},{"damage":3.0,"enemies":"3 Louse","floor":8.0,"turns":3.0},{"damage":32.0,"enemies":"Gremlin Nob","floor":11.0,"turns":4.0},{"damage":0.0,"enemies":"Large Slime","floor":14.0,"turns":3.0},{"damage":31,"enemies":"Hexaghost","floor":16,"turns":7}],"seed_played":"-6604680559654146830","potions_obtained":[{"floor":2.0,"key":"FocusPotion"},{"floor":5.0,"key":"PowerPotion"},{"floor":11.0,"key":"FairyPotion"}],"is_trial":false,"path_per_floor":["M","M","?","M","M","R","E","M","T","?","E","$","R","M","R","B"],"character_chosen":"DEFECT","items_purchased":[],"campfire_rested":0,"item_purchase_floors":[],"current_hp_per_floor":[70,63,63,66,42,42,36,40,40,40,15,15,15,22,22,0],"gold":105,"neow_bonus":"TEN_PERCENT_HP_BONUS","is_prod":false,"is_daily":false,"chose_seed":false,"campfire_upgraded":3,"win_rate":0,"timestamp":1561313918,"path_taken":["M","M","?","M","M","R","E","M","T","?","E","$","R","M","R","BOSS"],"build_version":"2019-01-23","purchased_purges":1,"victory":false,"max_hp_per_floor":[78,78,71,71,71,71,78,78,78,78,78,78,78,78,78,78],"card_choices":[{"not_picked":["Beam Cell","Redo","Go for the Eyes"],"picked":"SKIP","floor":1.0},{"not_picked":["Hologram","Fusion"],"picked":"Self Repair","floor":2.0},{"not_picked":["Hologram","Meteor Strike"],"picked":"Sweeping Beam","floor":4.0},{"not_picked":["Compile Driver","Fusion"],"picked":"Streamline","floor":5.0},{"not_picked":["Aggregate","Storm"],"picked":"Ball Lightning","floor":7.0},{"not_picked":["Heatsinks","Ball Lightning"],"picked":"Sunder","floor":8.0},{"not_picked":["White Noise","Rainbow"],"picked":"Defragment","floor":11.0},{"not_picked":["Redo","Stack"],"picked":"Auto Shields","floor":14.0}],"player_experience":812354,"relics_obtained":[{"floor":7.0,"key":"Strawberry"},{"floor":9.0,"key":"Art of War"},{"floor":11.0,"key":"Lantern"}],"event_choices":[{"damage_healed":0.0,"max_hp_gain":0.0,"max_hp_loss":7.0,"gold_gain":0.0,"event_name":"Golden Idol","player_choice":"Lose Max HP","floor":3.0,"gold_loss":0.0,"damage_taken":0.0,"relics_obtained":["Golden Idol"]},{"cards_removed":["Strike_B"],"damage_healed":0.0,"max_hp_gain":0.0,"max_hp_loss":0.0,"gold_gain":0.0,"event_name":"The Cleric","player_choice":"Card Removal","floor":10.0,"gold_loss":75.0,"damage_taken":0.0}],"is_beta":false,"boss_relics":[],"items_purged_floors":[12],"is_endless":false,"potions_floor_spawned":[2,5,11],"killed_by":"Hexaghost","ascension_level":20}