{"gold_per_floor":[117,136,154,229,245,260,287,287,287,287,287,287,321,62,62,165,165,185,200,214],"floor_reached":20,"playtime":657,"items_purged":[],"score":195,"play_id":"84f1c09e-7eaa-4d76-bbca-1255d2124ca2","local_time":"20181125154417","is_ascension_mode":true,"campfire_choices":[{"data":"Neutralize","floor":8.0,"key":"SMITH"},{"floor":10.0,"key":"REST"},{"data":"Glass Knife","floor":12.0,"key":"SMITH"},{"data":"Cloak And Dagger","floor":15.0,"key":"SMITH"}],"neow_cost":"CURSE","seed_source_timestamp":996754432978874,"circlet_count":0,"master_deck":["Defend_G","Defend_G","Defend_G","Defend_G","Defend_G","Strike_G","Strike_G","Strike_G","Strike_G","Strike_G","Survivor","Neutralize+1","Die Die Die","Infinite Blades","Flying Knee","Blur","Cloak And Dagger+1","Glass Knife+1","Dodge and Roll+1","Footwork","Backflip+1","Glass Knife","Footwork+1","Backstab","Dodge and Roll+1"],"special_seed":0,"relics":["Ring of the Snake","Toxic Egg 2","Happy Flower","MawBank","PreservedInsect","Runic Pyramid"],"potions_floor_usage":[18],"damage_taken":[{"damage":0.0,"enemies":"Small Slimes","floor":1.0,"turns":2.0},{"damage":0.0,"enemies":"2 Louse","floor":2.0,"turns":1.0},{"damage":0.0,"enemies":"Cultist","floor":3.0,"turns":3.0},{"damage":4.0,"enemies":"2 Fungi Beasts","floor":5.0,"turns":3.0},{"damage":22.0,"enemies":"Exordium Wildlife","floor":6.0,"turns":7.0},{"damage":11.0,"enemies":"3 Sentries","floor":7.0,"turns":7.0},{"damage":8.0,"enemies":"Lagavulin","floor":13.0,"turns":5.0},{"damage":9,"enemies":"Slime Boss","floor":16,"turns":16},{"damage":3,"enemies":"Shell Parasite","floor":18,"turns":5},{"damage":1,"enemies":"Spheric Guardian","floor":19,"turns":4},{"damage":12,"enemies":"Centurion and Healer","floor":20,"turns":6}],"seed_played":"1725105040844963770","potions_obtained":[{"floor":2.0,"key":"Energy Potion"},{"floor":6.0,"key":"SteroidPotion"},{"floor":16,"key":"Explosive Potion"},{"floor":19,"key":"SteroidPotion"}],"is_trial":false,"path_per_floor":["M","M","M","?","M","M","E","R","T","R","?","R","E","$","R","B",null,"M","M","M"],"character_chosen":"THE_SILENT","items_purchased":["Footwork","Backflip+1","PreservedInsect"],"campfire_rested":1,"item_purchase_floors":[14,14,14],"current_hp_per_floor":[70,70,70,59,55,33,22,22,22,43,43,43,35,35,35,26,70,67,66,54],"gold":214,"neow_bonus":"THREE_RARE_CARDS","is_prod":false,"is_daily":false,"chose_seed":false,"campfire_upgraded":3,"win_rate":0,"timestamp":1543185857,"path_taken":["M","M","M","?","M","M","E","R","T","R","?","R","E","$","R","BOSS","M","M","?"],"build_version":"2018-11-15","purchased_purges":0,"victory":false,"max_hp_per_floor":[70,70,70,70,70,70,70,70,70,70,70,70,70,70,70,70,70,70,70,70],"card_choices":[{"not_picked":["Doppelganger","A Thousand Cuts"],"picked":"Die Die Die","floor":0.0},{"not_picked":["Poisoned Stab","Prepared"],"picked":"Infinite Blades","floor":1.0},{"not_picked":["Sucker Punch","Blade Dance"],"picked":"Flying Knee","floor":2.0},{"not_picked":["Dagger Spray","Catalyst"],"picked":"Blur","floor":3.0},{"not_picked":["Dodge and Roll","Deflect"],"picked":"Cloak And Dagger","floor":5.0},{"not_picked":["Backflip","Leg Sweep"],"picked":"Glass Knife","floor":6.0},{"not_picked":["Dagger Spray","Deadly Poison","Underhanded Strike"],"picked":"SKIP","floor":7.0},{"not_picked":["Crippling Poison+1","Escape Plan+1"],"picked":"Dodge and Roll+1","floor":13.0},{"not_picked":["Phantasmal Killer+1","Bullet Time+1"],"picked":"Glass Knife","floor":16},{"not_picked":["Crippling Poison+1","Terror+1"],"picked":"Footwork+1","floor":18},{"not_picked":["Backflip+1","Distraction+1"],"picked":"Backstab","floor":19},{"not_picked":["Quick Slash+1","Poisoned Stab"],"picked":"Dodge and Roll+1","floor":20}],"player_experience":657606,"relics_obtained":[{"floor":7.0,"key":"Toxic Egg 2"},{"floor":9.0,"key":"Happy Flower"},{"floor":13.0,"key":"MawBank"}],"event_choices":[{"damage_healed":0.0,"max_hp_gain":0.0,"max_hp_loss":0.0,"gold_gain":75.0,"event_name":"World of Goop","player_choice":"Gather Gold","floor":4.0,"gold_loss":0.0,"damage_taken":11.0},{"cards_removed":["Normality"],"damage_healed":0.0,"max_hp_gain":0.0,"max_hp_loss":0.0,"gold_gain":0.0,"event_name":"Purifier","player_choice":"Purged","floor":11.0,"gold_loss":0.0,"damage_taken":0.0}],"is_beta":false,"boss_relics":[{"not_picked":["Calling Bell","White Beast Statue"],"picked":"Runic Pyramid"}],"items_purged_floors":[],"is_endless":false,"potions_floor_spawned":[2,6,16,19],"killed_by":"Centurion and Healer","ascension_level":1}