{"gold_per_floor":[114,114,289,300,14,46,46,66,142,160,110,33,33,50,50,50],"floor_reached":16,"playtime":618,"items_purged":[],"score":148,"play_id":"710d35d5-dfec-4ff4-a550-911e9b468be6","local_time":"20190606012521","is_ascension_mode":true,"campfire_choices":[{"data":"Self Repair","floor":7,"key":"SMITH"},{"data":"Chill","floor":13,"key":"SMITH"},{"data":"Auto Shields","floor":15,"key":"SMITH"}],"neow_cost":"NONE","seed_source_timestamp":1323738986576000,"circlet_count":0,"master_deck":["Strike_B","Strike_B","Strike_B","Strike_B","Defend_B","Defend_B","Defend_B","Zap","Dualcast","Glacier","Meteor Strike","Self Repair+1","Sweeping Beam","BootSequence","Auto Shields+1","Chill+1","Storm","Core Surge"],"relics":["Cracked Core","NeowsBlessing","Mummified Hand","Centennial Puzzle","Odd Mushroom","Letter Opener"],"potions_floor_usage":[16,16,16],"damage_taken":[{"damage":0,"enemies":"2 Louse","floor":1,"turns":1},{"damage":0,"enemies":"Small Slimes","floor":4,"turns":1},{"damage":0,"enemies":"Lagavulin","floor":6,"turns":1},{"damage":15,"enemies":"The Mushroom Lair","floor":8,"turns":3},{"damage":0,"enemies":"Cultist","floor":10,"turns":5},{"damage":2,"enemies":"Red Slaver","floor":14,"turns":2},{"damage":78,"enemies":"Hexaghost","floor":16,"turns":16}],"seed_played":"4611433985814579533","potions_obtained":[{"floor":6,"key":"Dexterity Potion"},{"floor":10,"key":"FocusPotion"},{"floor":14,"key":"Block Potion"}],"is_trial":false,"path_per_floor":["M","?","?","M","$","E","R","?","T","M","?","$","R","M","R","B"],"character_chosen":"DEFECT","items_purchased":["Mummified Hand","Sweeping Beam","Storm"],"campfire_rested":0,"item_purchase_floors":[5,5,12],"current_hp_per_floor":[75,75,75,75,75,75,75,70,70,75,75,75,75,75,75,0],"gold":50,"neow_bonus":"THREE_ENEMY_KILL","is_prod":false,"is_daily":false,"chose_seed":false,"campfire_upgraded":3,"win_rate":0,"timestamp":1559798721,"path_taken":["M","?","?","M","$","E","R","?","T","M","?","$","R","M","R","BOSS"],"build_version":"2019-06-05","purchased_purges":0,"victory":false,"max_hp_per_floor":[75,75,75,75,75,75,75,75,75,75,75,75,75,75,75,75],"card_choices":[{"not_picked":["Steam","Ball Lightning"],"picked":"Glacier","floor":1},{"not_picked":["Steam","Sunder"],"picked":"Self Repair","floor":4},{"not_picked":["Compile Driver","Steam Power"],"picked":"BootSequence","floor":6},{"not_picked":["Darkness","Go for the Eyes"],"picked":"Auto Shields","floor":8},{"not_picked":["Ball Lightning","Beam Cell"],"picked":"Chill","floor":10},{"not_picked":["Conserve Battery","Hologram"],"picked":"Core Surge","floor":14}],"player_experience":975820,"relics_obtained":[{"floor":6,"key":"Centennial Puzzle"},{"floor":8,"key":"Odd Mushroom"},{"floor":9,"key":"Letter Opener"}],"event_choices":[{"damage_healed":0,"gold_gain":0,"cards_transformed":["Defend_B"],"player_choice":"Change","damage_taken":0,"max_hp_gain":0,"max_hp_loss":0,"event_name":"Living Wall","floor":2,"gold_loss":0,"cards_obtained":["Meteor Strike"]},{"damage_healed":0,"gold_gain":175,"player_choice":"AGREE","damage_taken":0,"max_hp_gain":0,"max_hp_loss":0,"event_name":"Liars Game","floor":3,"gold_loss":0,"cards_obtained":["Doubt"]},{"damage_healed":0,"gold_gain":0,"player_choice":"Fought Mushrooms","damage_taken":0,"max_hp_gain":0,"max_hp_loss":0,"event_name":"Mushrooms","floor":8,"gold_loss":0},{"cards_removed":["Doubt"],"damage_healed":0,"gold_gain":0,"player_choice":"Card Removal","damage_taken":0,"max_hp_gain":0,"max_hp_loss":0,"event_name":"The Cleric","floor":11,"gold_loss":50}],"is_beta":true,"boss_relics":[],"items_purged_floors":[],"is_endless":false,"potions_floor_spawned":[6,10,14],"killed_by":"Hexaghost","ascension_level":4}