{"gold_per_floor":[17,31,31,41,41,68,68,81,81,81,32,43,53,68,68,169,169,179,54,83,83,101,130,144,144,144,144,66,80,98,110,110,110],"floor_reached":33,"playtime":4852,"items_purged":[],"score":389,"play_id":"f79e6c0a-d49f-4041-b885-415c90ab8b76","local_time":"20190404050657","is_ascension_mode":true,"campfire_choices":[{"floor":7,"key":"REST"},{"floor":15,"key":"DIG"},{"floor":25,"key":"REST"},{"floor":27,"key":"REST"},{"floor":32,"key":"DIG"}],"neow_cost":"NO_GOLD","seed_source_timestamp":1437599066763400,"circlet_count":0,"master_deck":["Strike_R","Strike_R","Strike_R","Strike_R","Strike_R","Defend_R","Defend_R","Defend_R","Defend_R+1","Bash+1","Fiend Fire+1","Sentinel","Cleave","Warcry","Carnage","Cleave","Shrug It Off","Corruption","Infernal Blade","Anger","Feed","Pommel Strike","Dramatic Entrance","Warcry","Pommel Strike+1","Pommel Strike+1","Dual Wield","Feed","Exhume"],"relics":["Burning Blood","Bronze Scales","Pear","Shovel","Self Forming Clay","Runic Pyramid","Red Mask","Singing Bowl","Mercury Hourglass","The Courier"],"potions_floor_usage":[8,14,16,18,22,24,30],"damage_taken":[{"damage":7,"enemies":"2 Louse","floor":1,"turns":2},{"damage":7,"enemies":"Jaw Worm","floor":2,"turns":3},{"damage":1,"enemies":"Cultist","floor":4,"turns":3},{"damage":32,"enemies":"3 Sentries","floor":6,"turns":10},{"damage":11,"enemies":"Exordium Thugs","floor":8,"turns":3},{"damage":7,"enemies":"3 Louse","floor":12,"turns":3},{"damage":9,"enemies":"Exordium Wildlife","floor":13,"turns":3},{"damage":6,"enemies":"Gremlin Gang","floor":14,"turns":3},{"damage":40,"enemies":"The Guardian","floor":16,"turns":7},{"damage":0,"enemies":"Spheric Guardian","floor":18,"turns":3},{"damage":19,"enemies":"Masked Bandits","floor":20,"turns":3},{"damage":0,"enemies":"Shell Parasite","floor":22,"turns":3},{"damage":30,"enemies":"Slavers","floor":23,"turns":5},{"damage":18,"enemies":"Snake Plant","floor":24,"turns":4},{"damage":13,"enemies":"Sentry and Sphere","floor":29,"turns":4},{"damage":8,"enemies":"Chosen and Byrds","floor":30,"turns":2},{"damage":20,"enemies":"Shelled Parasite and Fungi","floor":31,"turns":3},{"damage":83,"enemies":"Champ","floor":33,"turns":6}],"seed_played":"-3182064790811446719","potions_obtained":[{"floor":1,"key":"Ancient Potion"},{"floor":6,"key":"BloodPotion"},{"floor":14,"key":"LiquidBronze"},{"floor":16,"key":"LiquidBronze"},{"floor":20,"key":"Energy Potion"},{"floor":23,"key":"Regen Potion"},{"floor":29,"key":"AttackPotion"}],"is_trial":false,"path_per_floor":["M","M","?","M","?","E","R","M","T","?","$","M","M","M","R","B",null,"M","$","?","?","M","E","M","R","T","R","$","M","M","M","R","B"],"character_chosen":"IRONCLAD","items_purchased":["Shrug It Off","Dramatic Entrance","Warcry","Feed"],"campfire_rested":3,"item_purchase_floors":[11,19,19,28],"current_hp_per_floor":[79,78,62,67,67,41,65,68,78,71,71,70,67,67,67,33,76,82,82,69,51,57,38,34,64,64,94,94,92,93,81,81,0],"gold":110,"neow_bonus":"THREE_RARE_CARDS","is_prod":false,"is_daily":false,"chose_seed":false,"campfire_upgraded":0,"win_rate":0,"timestamp":1554368817,"path_taken":["M","M","?","M","?","E","R","M","T","?","?","M","?","M","R","BOSS","M","$","?","?","M","E","M","R","T","R","?","M","M","?","R","BOSS"],"build_version":"2019-03-15","purchased_purges":0,"victory":false,"max_hp_per_floor":[80,80,80,80,80,80,80,80,90,90,90,90,90,90,90,90,90,90,90,90,95,95,100,103,103,103,103,103,108,111,113,113,113],"card_choices":[{"not_picked":["Reaper","Exhume"],"picked":"Fiend Fire","floor":0},{"not_picked":["Havoc","Flex"],"picked":"Sentinel","floor":1},{"not_picked":["Havoc","Flex"],"picked":"Cleave","floor":2},{"not_picked":["Perfected Strike","Armaments"],"picked":"Warcry","floor":4},{"not_picked":["Iron Wave","Heavy Blade"],"picked":"Carnage","floor":6},{"not_picked":["Flex","Reckless Charge"],"picked":"Cleave","floor":8},{"not_picked":["Iron Wave","Immolate"],"picked":"Corruption","floor":12},{"not_picked":["Iron Wave","Thunderclap"],"picked":"Infernal Blade","floor":13},{"not_picked":["Carnage","Pommel Strike"],"picked":"Anger","floor":14},{"not_picked":["Berserk","Juggernaut"],"picked":"Feed","floor":16},{"not_picked":["Reckless Charge","True Grit"],"picked":"Pommel Strike","floor":18},{"not_picked":["Whirlwind","Flex"],"picked":"Pommel Strike+1","floor":20},{"not_picked":["Anger","Armaments"],"picked":"Pommel Strike+1","floor":22},{"not_picked":["Body Slam","Rupture","Thunderclap"],"picked":"Singing Bowl","floor":23},{"not_picked":["Clothesline+1","Flex+1"],"picked":"Dual Wield","floor":24},{"not_picked":["Evolve","Anger","Iron Wave+1"],"picked":"Singing Bowl","floor":29},{"not_picked":["Heavy Blade","Armaments"],"picked":"Exhume","floor":30},{"not_picked":["Perfected Strike","Carnage","Heavy Blade"],"picked":"Singing Bowl","floor":31}],"player_experience":753957,"relics_obtained":[{"floor":6,"key":"Bronze Scales"},{"floor":9,"key":"Pear"},{"floor":15,"key":"Self Forming Clay"},{"floor":20,"key":"Red Mask"},{"floor":23,"key":"Singing Bowl"},{"floor":26,"key":"Mercury Hourglass"},{"floor":32,"key":"The Courier"}],"event_choices":[{"damage_healed":0,"gold_gain":0,"player_choice":"Entered Light","damage_taken":16,"max_hp_gain":0,"max_hp_loss":0,"event_name":"Shining Light","floor":3,"gold_loss":0,"cards_upgraded":["Defend_R","Bash"]},{"damage_healed":0,"gold_gain":0,"player_choice":"Grow","damage_taken":0,"max_hp_gain":0,"max_hp_loss":0,"event_name":"Living Wall","floor":5,"gold_loss":0,"cards_upgraded":["Fiend Fire"]},{"damage_healed":0,"gold_gain":0,"player_choice":"Success","damage_taken":7,"relics_obtained":["Shovel"],"max_hp_gain":0,"max_hp_loss":0,"event_name":"Scrap Ooze","floor":10,"gold_loss":0},{"damage_healed":0,"gold_gain":0,"player_choice":"Fought Bandits","damage_taken":0,"max_hp_gain":0,"max_hp_loss":0,"event_name":"Masked Bandits","floor":20,"gold_loss":0},{"damage_healed":0,"gold_gain":0,"player_choice":"Shed Blood","damage_taken":23,"max_hp_gain":5,"max_hp_loss":0,"event_name":"Forgotten Altar","floor":21,"gold_loss":0}],"is_beta":true,"boss_relics":[{"not_picked":["Pandora\u0027s Box","Fusion Hammer"],"picked":"Runic Pyramid"}],"items_purged_floors":[],"is_endless":false,"potions_floor_spawned":[1,6,14,16,20,23,29],"killed_by":"Champ","ascension_level":5}