{"gold_per_floor":[110,120,120,5,5,5,31,31,31,31,64,79,90,35,35,113,113,133,48,62,75,275,295,295,315,370,400,417,448,458,383,383,383],"floor_reached":33,"playtime":1229,"items_purged":["Strike_G"],"score":594,"play_id":"802f924e-ac13-47a2-b43b-c5794ec0409f","local_time":"20190701205208","is_ascension_mode":true,"campfire_choices":[{"data":"Neutralize","floor":6.0,"key":"SMITH"},{"floor":8.0,"key":"REST"},{"floor":15.0,"key":"REST"},{"floor":24.0,"key":"REST"},{"floor":32,"key":"REST"}],"neow_cost":"NONE","seed_source_timestamp":1737467142996924,"circlet_count":0,"master_deck":["AscendersBane","Strike_G+1","Defend_G+1","Defend_G","Defend_G+1","Survivor","Neutralize+1","Flying Knee+1","Flying Knee+1","Backstab","Dagger Spray+1","PiercingWail","Infinite Blades","Prepared+1","Deflect+1","Caltrops+1","Backflip+1","Quick Slash+1","Cloak And Dagger","Prepared+1","Terror+1","Noxious Fumes"],"special_seed":0,"relics":["Ring of the Snake","Potion Belt","War Paint","Ornamental Fan","Strawberry","Astrolabe","Shuriken","Tiny Chest","Snake Skull","Whetstone"],"potions_floor_usage":[29,29],"damage_taken":[{"damage":0.0,"enemies":"2 Louse","floor":1.0,"turns":4.0},{"damage":15.0,"enemies":"Jaw Worm","floor":2.0,"turns":6.0},{"damage":22.0,"enemies":"Lagavulin","floor":7.0,"turns":7.0},{"damage":13.0,"enemies":"3 Sentries","floor":11.0,"turns":11.0},{"damage":0.0,"enemies":"Small Slimes","floor":12.0,"turns":2.0},{"damage":0.0,"enemies":"Blue Slaver","floor":13.0,"turns":3.0},{"damage":34.0,"enemies":"Slime Boss","floor":16.0,"turns":15.0},{"damage":31.0,"enemies":"Chosen","floor":18.0,"turns":6.0},{"damage":1.0,"enemies":"3 Byrds","floor":20.0,"turns":3.0},{"damage":9.0,"enemies":"Centurion and Healer","floor":21.0,"turns":7.0},{"damage":0.0,"enemies":"Shelled Parasite and Fungi","floor":23.0,"turns":5.0},{"damage":19.0,"enemies":"Snecko","floor":25.0,"turns":7.0},{"damage":6.0,"enemies":"Book of Stabbing","floor":27.0,"turns":5.0},{"damage":3,"enemies":"Chosen and Byrds","floor":28,"turns":5},{"damage":3,"enemies":"Slavers","floor":29,"turns":6},{"damage":0,"enemies":"Centurion and Healer","floor":30,"turns":5},{"damage":33,"enemies":"Collector","floor":33,"turns":3}],"seed_played":"-2081656700607629964","potions_obtained":[{"floor":2.0,"key":"GamblersBrew"},{"floor":11.0,"key":"Fire Potion"},{"floor":13.0,"key":"SteroidPotion"},{"floor":20.0,"key":"Explosive Potion"},{"floor":21.0,"key":"LiquidBronze"},{"floor":27.0,"key":"FearPotion"}],"is_trial":false,"path_per_floor":["M","M","?","$","?","R","E","R","T","?","E","M","M","$","R","B",null,"M","?","M","M","?","M","R","M","T","E","M","E","M","?","R","B"],"character_chosen":"THE_SILENT","items_purchased":["Backstab","Weak Potion"],"campfire_rested":4,"item_purchase_floors":[4,14],"current_hp_per_floor":[59,44,24,24,24,24,2,21,21,21,15,15,15,15,36,2,55,24,24,23,14,14,14,35,16,16,10,7,4,4,4,25,0],"gold":383,"neow_bonus":"RANDOM_COMMON_RELIC","is_prod":false,"is_daily":false,"chose_seed":false,"campfire_upgraded":1,"win_rate":0,"timestamp":1562039528,"path_taken":["M","M","?","$","?","R","E","R","T","?","E","M","M","$","R","BOSS","M","?","M","M","?","M","R","M","T","E","?","E","M","?","R","BOSS"],"build_version":"2019-07-01","purchased_purges":1,"victory":false,"max_hp_per_floor":[66,66,66,66,66,66,66,66,66,66,73,73,73,73,73,73,73,73,73,73,73,73,73,73,73,73,73,73,73,73,73,73,73],"card_choices":[{"not_picked":["Cloak And Dagger","PiercingWail"],"picked":"Flying Knee","floor":1.0},{"not_picked":["Eviscerate","PiercingWail"],"picked":"Flying Knee","floor":2.0},{"not_picked":["Accuracy","Finisher","Escape Plan"],"picked":"SKIP","floor":7.0},{"not_picked":["Slice","Escape Plan"],"picked":"Dagger Spray","floor":11.0},{"not_picked":["Poisoned Stab","Slice"],"picked":"PiercingWail","floor":12.0},{"not_picked":["Sucker Punch","Deflect"],"picked":"Infinite Blades","floor":13.0},{"not_picked":["Poisoned Stab","Expertise"],"picked":"Backflip+1","floor":18.0},{"not_picked":["Riddle With Holes+1","Setup"],"picked":"Quick Slash+1","floor":20.0},{"not_picked":["Reflex","Dagger Throw"],"picked":"Cloak And Dagger","floor":21.0},{"not_picked":["Poisoned Stab","Flying Knee"],"picked":"Prepared+1","floor":23.0},{"not_picked":["Bane","Underhanded Strike","Leg Sweep"],"picked":"SKIP","floor":25.0},{"not_picked":["PiercingWail","Tools of the Trade"],"picked":"Terror+1","floor":27.0},{"not_picked":["Bane","Acrobatics","Deadly Poison"],"picked":"SKIP","floor":28},{"not_picked":["Riddle With Holes","Accuracy+1","Distraction"],"picked":"SKIP","floor":29},{"not_picked":["Poisoned Stab","Bane+1"],"picked":"Noxious Fumes","floor":30}],"player_experience":829190,"relics_obtained":[{"floor":7.0,"key":"War Paint"},{"floor":9.0,"key":"Ornamental Fan"},{"floor":11.0,"key":"Strawberry"},{"floor":26.0,"key":"Tiny Chest"},{"floor":27.0,"key":"Snake Skull"},{"floor":29,"key":"Whetstone"}],"event_choices":[{"damage_healed":0.0,"max_hp_gain":0.0,"max_hp_loss":0.0,"gold_gain":0.0,"event_name":"Shining Light","player_choice":"Entered Light","floor":3.0,"gold_loss":0.0,"damage_taken":20.0,"cards_upgraded":["Strike_G","Flying Knee"]},{"damage_healed":0.0,"max_hp_gain":0.0,"max_hp_loss":0.0,"gold_gain":0.0,"event_name":"Liars Game","player_choice":"Ignored","floor":5.0,"gold_loss":0.0,"damage_taken":0.0},{"cards_removed":["Strike_G"],"damage_healed":0.0,"max_hp_gain":0.0,"max_hp_loss":0.0,"gold_gain":0.0,"event_name":"Living Wall","player_choice":"Forget","floor":10.0,"gold_loss":0.0,"damage_taken":0.0},{"damage_healed":0.0,"max_hp_gain":0.0,"max_hp_loss":0.0,"gold_gain":0.0,"event_name":"Addict","player_choice":"Obtained Relic","floor":19.0,"gold_loss":85.0,"damage_taken":0.0,"relics_obtained":["Shuriken"]},{"damage_healed":0.0,"max_hp_gain":0.0,"max_hp_loss":0.0,"gold_gain":200.0,"event_name":"Wheel of Change","player_choice":"Gold","floor":22.0,"gold_loss":0.0,"damage_taken":0.0},{"cards_removed":["Defend_G"],"damage_healed":0,"gold_gain":0,"player_choice":"Gave Gold","damage_taken":0,"max_hp_gain":0,"max_hp_loss":0,"event_name":"Beggar","floor":31,"gold_loss":75}],"is_beta":false,"boss_relics":[{"not_picked":["Black Star","Philosopher\u0027s Stone"],"picked":"Astrolabe"}],"items_purged_floors":[4],"is_endless":false,"potions_floor_spawned":[2,11,13,20,21,27],"killed_by":"Collector","ascension_level":20}