{"gold_per_floor":[109,129,40,52,52,79,93,120,120,140,159,216,251,262,262,339,339,318,233,233],"floor_reached":20,"playtime":1057,"items_purged":[],"score":392,"play_id":"ade26acd-8c40-471d-9803-72b044143ba7","local_time":"20190629155016","is_ascension_mode":true,"campfire_choices":[{"floor":15.0,"key":"REST"}],"neow_cost":"NONE","seed_source_timestamp":1546631147422554,"circlet_count":0,"master_deck":["AscendersBane","Defend_G","Defend_G","Defend_G","Defend_G","Defend_G","Strike_G","Strike_G","Strike_G","Strike_G","Survivor","Neutralize","Poisoned Stab","Dagger Throw","Dash","Dagger Spray","Cloak And Dagger","Crippling Poison","PiercingWail","Backflip","Die Die Die","PiercingWail","Caltrops+1","Adrenaline","PiercingWail"],"special_seed":0,"relics":["Ring of the Snake","Blood Vial","Question Card","Frozen Egg 2","Potion Belt","Pear","Snecko Eye","Mummified Hand"],"potions_floor_usage":[16],"damage_taken":[{"damage":3.0,"enemies":"Cultist","floor":1.0,"turns":5.0},{"damage":0.0,"enemies":"Small Slimes","floor":2.0,"turns":6.0},{"damage":0.0,"enemies":"2 Louse","floor":4.0,"turns":2.0},{"damage":7.0,"enemies":"3 Sentries","floor":6.0,"turns":8.0},{"damage":2.0,"enemies":"Looter","floor":7.0,"turns":3.0},{"damage":31.0,"enemies":"Gremlin Nob","floor":8.0,"turns":5.0},{"damage":2.0,"enemies":"3 Louse","floor":10.0,"turns":2.0},{"damage":6.0,"enemies":"Exordium Wildlife","floor":11.0,"turns":4.0},{"damage":14.0,"enemies":"3 Sentries","floor":12.0,"turns":12.0},{"damage":9.0,"enemies":"3 Sentries","floor":13.0,"turns":8.0},{"damage":0.0,"enemies":"Looter","floor":14.0,"turns":4.0},{"damage":31,"enemies":"The Guardian","floor":16,"turns":13},{"damage":16,"enemies":"2 Thieves","floor":18,"turns":4},{"damage":54,"enemies":"Chosen","floor":20,"turns":7}],"seed_played":"6047171378282892926","potions_obtained":[{"floor":1.0,"key":"EssenceOfSteel"},{"floor":4.0,"key":"SteroidPotion"},{"floor":7.0,"key":"GhostInAJar"},{"floor":11.0,"key":"GamblersBrew"},{"floor":13.0,"key":"SkillPotion"}],"is_trial":false,"path_per_floor":["M","M","$","M","?","E","M","E","T","M","M","?","E","M","R","B",null,"M","?","M"],"character_chosen":"THE_SILENT","items_purchased":["Dash"],"campfire_rested":1,"item_purchase_floors":[3],"current_hp_per_floor":[62,62,62,62,62,55,55,26,26,26,22,10,13,15,39,10,64,50,50,0],"gold":233,"neow_bonus":"TEN_PERCENT_HP_BONUS","is_prod":false,"is_daily":false,"chose_seed":false,"campfire_upgraded":0,"win_rate":0,"timestamp":1561848616,"path_taken":["M","M","?","M","?","E","?","E","T","M","M","?","E","M","R","BOSS","M","?","M"],"build_version":"2019-01-23","purchased_purges":0,"victory":false,"max_hp_per_floor":[72,72,72,72,72,72,72,72,72,72,72,72,82,82,82,82,82,82,82,82],"card_choices":[{"not_picked":["Riddle With Holes","Escape Plan"],"picked":"Poisoned Stab","floor":1.0},{"not_picked":["Dagger Spray","All Out Attack"],"picked":"Dagger Throw","floor":2.0},{"not_picked":["Backflip","Accuracy"],"picked":"Dagger Spray","floor":4.0},{"not_picked":["Quick Slash","Prepared","Bane"],"picked":"SKIP","floor":6.0},{"not_picked":["Night Terror","Heel Hook"],"picked":"Cloak And Dagger","floor":7.0},{"not_picked":["Cloak And Dagger","Backflip"],"picked":"Crippling Poison","floor":8.0},{"not_picked":["Bane","Dash","Underhanded Strike"],"picked":"PiercingWail","floor":10.0},{"not_picked":["PiercingWail","Acrobatics","Sucker Punch"],"picked":"Backflip","floor":11.0},{"not_picked":["Poisoned Stab","Deadly Poison","Heel Hook"],"picked":"Die Die Die","floor":12.0},{"not_picked":["Dash","Distraction","Poisoned Stab"],"picked":"PiercingWail","floor":13.0},{"not_picked":["Dagger Throw","Dodge and Roll","Acrobatics"],"picked":"Caltrops+1","floor":14.0},{"not_picked":["Burst","Malaise","Die Die Die"],"picked":"Adrenaline","floor":16},{"not_picked":["Slice+1","Dodge and Roll","Dagger Spray"],"picked":"PiercingWail","floor":18}],"player_experience":822632,"relics_obtained":[{"floor":6.0,"key":"Blood Vial"},{"floor":8.0,"key":"Question Card"},{"floor":9.0,"key":"Frozen Egg 2"},{"floor":12.0,"key":"Potion Belt"},{"floor":13.0,"key":"Pear"}],"event_choices":[{"cards_removed":["Strike_G"],"damage_healed":0.0,"max_hp_gain":0.0,"max_hp_loss":0.0,"gold_gain":0.0,"event_name":"Bonfire Elementals","player_choice":"Offered Basic","floor":5.0,"gold_loss":0.0,"damage_taken":0.0},{"damage_healed":0.0,"max_hp_gain":0.0,"max_hp_loss":0.0,"gold_gain":0.0,"event_name":"Dead Adventurer","player_choice":"Searched \u00271\u0027 times","floor":12.0,"gold_loss":0.0,"damage_taken":0.0},{"damage_healed":0,"gold_gain":0,"player_choice":"Obtained Relic","damage_taken":0,"relics_obtained":["Mummified Hand"],"max_hp_gain":0,"max_hp_loss":0,"event_name":"Addict","floor":19,"gold_loss":85}],"is_beta":false,"boss_relics":[{"not_picked":["Orrery","Ectoplasm"],"picked":"Snecko Eye"}],"items_purged_floors":[],"is_endless":false,"potions_floor_spawned":[1,4,7,11,13],"killed_by":"Chosen","ascension_level":20}