{"gold_per_floor":[109,120,139,36,50,50,115,140,140,140,160,188,188,205,205,279,279,279,279,279,279,279,279,279,279,279,279,279,21,21,21,21,21,21,21,21,21,21,21,21,21,21,21,21,21,21,21,21,21,21,21],"floor_reached":52,"playtime":2564,"items_purged":["Strike_B"],"score":2188,"play_id":"f3993fbe-0636-4626-8325-b0732341212d","local_time":"20181109192102","is_ascension_mode":true,"campfire_choices":[{"data":"Sunder","floor":6.0,"key":"SMITH"},{"data":"Defragment","floor":13.0,"key":"SMITH"},{"data":"Darkness","floor":15.0,"key":"SMITH"},{"data":"Biased Cognition","floor":23.0,"key":"SMITH"},{"floor":25.0,"key":"REST"},{"data":"Creative AI","floor":32.0,"key":"SMITH"},{"data":"Buffer","floor":41.0,"key":"SMITH"},{"floor":46.0,"key":"REST"},{"floor":49.0,"key":"REST"}],"neow_cost":"NONE","seed_source_timestamp":2577026813593312,"circlet_count":0,"master_deck":["AscendersBane","Zap","Dualcast","Redo","Conserve Battery","Glacier","Ball Lightning+1","Defragment+1","Compile Driver","Sunder+1","Chill+1","Darkness+1","Ball Lightning+1","Biased Cognition+1","Stack+1","Genetic Algorithm","Creative AI+1","Chill","Reinforced Body","Buffer+1","Leap","Cold Snap","Coolheaded","Coolheaded","Loop","Glacier","Hologram"],"special_seed":0,"relics":["Cracked Core","Lantern","Bag of Preparation","The Courier","Ectoplasm","Whetstone","Meat on the Bone","Mummified Hand","Pandora\u0027s Box","Bottled Tornado","Pen Nib","FossilizedHelix","Orichalcum"],"potions_floor_usage":[],"damage_taken":[{"damage":1.0,"enemies":"Cultist","floor":1.0,"turns":3.0},{"damage":0.0,"enemies":"Jaw Worm","floor":2.0,"turns":3.0},{"damage":0.0,"enemies":"2 Louse","floor":3.0,"turns":1.0},{"damage":8.0,"enemies":"Blue Slaver","floor":5.0,"turns":4.0},{"damage":4.0,"enemies":"3 Sentries","floor":8.0,"turns":5.0},{"damage":0.0,"enemies":"Red Slaver","floor":11.0,"turns":3.0},{"damage":10.0,"enemies":"Lagavulin","floor":12.0,"turns":7.0},{"damage":0.0,"enemies":"2 Fungi Beasts","floor":14.0,"turns":2.0},{"damage":8.0,"enemies":"Slime Boss","floor":16.0,"turns":6.0},{"damage":0.0,"enemies":"Spheric Guardian","floor":18.0,"turns":3.0},{"damage":0.0,"enemies":"3 Byrds","floor":19.0,"turns":4.0},{"damage":14.0,"enemies":"Shelled Parasite and Fungi","floor":21.0,"turns":5.0},{"damage":1.0,"enemies":"Sentry and Sphere","floor":22.0,"turns":4.0},{"damage":32.0,"enemies":"Book of Stabbing","floor":24.0,"turns":6.0},{"damage":1.0,"enemies":"Snecko","floor":27.0,"turns":3.0},{"damage":4.0,"enemies":"Snake Plant","floor":28.0,"turns":4.0},{"damage":0.0,"enemies":"Slavers","floor":31.0,"turns":5.0},{"damage":25.0,"enemies":"Champ","floor":33.0,"turns":19.0},{"damage":0.0,"enemies":"Orb Walker","floor":35.0,"turns":3.0},{"damage":0.0,"enemies":"3 Darklings","floor":38.0,"turns":8.0},{"damage":18.0,"enemies":"Spire Growth","floor":39.0,"turns":5.0},{"damage":4.0,"enemies":"Giant Head","floor":40.0,"turns":10.0},{"damage":0.0,"enemies":"Maw","floor":42.0,"turns":7.0},{"damage":24.0,"enemies":"Nemesis","floor":44.0,"turns":9.0},{"damage":0.0,"enemies":"Reptomancer","floor":47.0,"turns":6.0},{"damage":0.0,"enemies":"Jaw Worm Horde","floor":48.0,"turns":4.0},{"damage":17.0,"enemies":"Time Eater","floor":50.0,"turns":16.0},{"damage":0,"enemies":"Donu and Deca","floor":51,"turns":16}],"seed_played":"8516218360944555849","potions_obtained":[{"floor":1.0,"key":"Explosive Potion"},{"floor":3.0,"key":"Dexterity Potion"},{"floor":8.0,"key":"Explosive Potion"},{"floor":24.0,"key":"AttackPotion"},{"floor":27.0,"key":"Weak Potion"},{"floor":31.0,"key":"Energy Potion"},{"floor":39.0,"key":"Strength Potion"},{"floor":44.0,"key":"PowerPotion"}],"is_trial":false,"path_per_floor":["M","M","M","$","M","R","?","E","T","?","M","E","R","M","R","B",null,"M","M","?","M","M","R","E","R","T","M","M","$","?","E","R","B",null,"M","?","$","M","M","E","R","M","T","E","?","R","E","M","R","B","B",null],"character_chosen":"DEFECT","items_purchased":["Defragment","Compile Driver","Creative AI","Chill"],"campfire_rested":3,"item_purchase_floors":[4,4,29,29],"current_hp_per_floor":[63,63,63,63,55,55,55,51,51,30,30,20,20,20,20,12,56,56,56,56,42,41,41,9,30,30,41,37,37,37,37,37,24,59,59,64,64,64,46,42,42,42,42,30,30,51,51,51,71,54,54],"gold":21,"neow_bonus":"TRANSFORM_CARD","is_prod":false,"is_daily":false,"chose_seed":false,"campfire_upgraded":6,"win_rate":0,"timestamp":1541816462,"path_taken":["M","M","M","?","M","R","?","E","T","?","M","E","R","M","R","BOSS","M","M","?","M","?","R","E","R","T","M","M","$","?","E","R","BOSS","M","?","?","?","M","E","R","M","T","E","?","R","E","M","R","BOSS","BOSS"],"build_version":"2018-11-08","purchased_purges":1,"victory":true,"max_hp_per_floor":[71,71,71,71,71,71,71,71,71,71,71,71,71,71,71,71,71,71,71,71,71,71,71,71,71,71,71,71,71,71,71,71,71,71,71,71,71,71,71,71,71,71,71,71,71,71,71,71,71,71,71],"card_choices":[{"not_picked":["White Noise","Recycle"],"picked":"Conserve Battery","floor":1.0},{"not_picked":["Go for the Eyes","Skim"],"picked":"Glacier","floor":2.0},{"not_picked":["Sweeping Beam","Sunder"],"picked":"Ball Lightning","floor":3.0},{"not_picked":["Go for the Eyes","Undo"],"picked":"Sunder","floor":5.0},{"not_picked":["Undo","Streamline"],"picked":"Chill","floor":8.0},{"not_picked":["Rip and Tear","Conserve Battery"],"picked":"Darkness","floor":11.0},{"not_picked":["Sunder","Lockon"],"picked":"Ball Lightning","floor":12.0},{"not_picked":["Coolheaded","Streamline","Hologram"],"picked":"SKIP","floor":14.0},{"not_picked":["Hyperbeam","Core Surge"],"picked":"Biased Cognition","floor":16.0},{"not_picked":["Hologram","Coolheaded"],"picked":"Stack+1","floor":18.0},{"not_picked":["Turbo","Sweeping Beam","Gash+1"],"picked":"SKIP","floor":19.0},{"not_picked":["Rip and Tear","Static Discharge"],"picked":"Genetic Algorithm","floor":21.0},{"not_picked":["Barrage","Conserve Battery","Leap"],"picked":"SKIP","floor":22.0},{"not_picked":["Conserve Battery","Turbo","Barrage"],"picked":"SKIP","floor":24.0},{"not_picked":["Consume","Sweeping Beam","Cold Snap"],"picked":"SKIP","floor":27.0},{"not_picked":["Force Field","Doom and Gloom","Leap"],"picked":"SKIP","floor":28.0},{"not_picked":["Ball Lightning","Barrage"],"picked":"Reinforced Body","floor":31.0},{"not_picked":["Creative AI","Biased Cognition"],"picked":"Buffer","floor":33.0},{"not_picked":["Leap","Ball Lightning","Cold Snap"],"picked":"SKIP","floor":35.0},{"not_picked":["Ball Lightning","Hello World","Turbo+1"],"picked":"SKIP","floor":38.0},{"not_picked":["Rebound","Conserve Battery","Blizzard"],"picked":"SKIP","floor":39.0},{"not_picked":["Undo","Conserve Battery"],"picked":"Loop","floor":40.0},{"not_picked":["Turbo","Ball Lightning"],"picked":"Glacier","floor":42.0},{"not_picked":["Cold Snap","Thunder Strike"],"picked":"Hologram","floor":44.0},{"not_picked":["Steam","Undo","Gash"],"picked":"SKIP","floor":47.0},{"not_picked":["Force Field","Recycle","Stack"],"picked":"SKIP","floor":48.0}],"player_experience":606219,"relics_obtained":[{"floor":8.0,"key":"Lantern"},{"floor":9.0,"key":"Bag of Preparation"},{"floor":12.0,"key":"The Courier"},{"floor":24.0,"key":"Whetstone"},{"floor":26.0,"key":"Meat on the Bone"},{"floor":31.0,"key":"Mummified Hand"},{"floor":40.0,"key":"Bottled Tornado"},{"floor":43.0,"key":"Pen Nib"},{"floor":44.0,"key":"FossilizedHelix"},{"floor":47.0,"key":"Orichalcum"}],"event_choices":[{"damage_healed":0.0,"max_hp_gain":0.0,"max_hp_loss":0.0,"gold_gain":65.0,"event_name":"Golden Wing","player_choice":"Gained Gold","floor":7.0,"gold_loss":0.0,"damage_taken":0.0},{"damage_healed":0.0,"max_hp_gain":0.0,"max_hp_loss":0.0,"gold_gain":0.0,"event_name":"Shining Light","player_choice":"Entered Light","floor":10.0,"gold_loss":0.0,"damage_taken":21.0,"cards_upgraded":["Ball Lightning","Chill"]},{"damage_healed":0.0,"max_hp_gain":0.0,"max_hp_loss":0.0,"gold_gain":0.0,"event_name":"FaceTrader","player_choice":"Leave","floor":20.0,"gold_loss":0.0,"damage_taken":0.0},{"damage_healed":0.0,"max_hp_gain":0.0,"max_hp_loss":0.0,"gold_gain":0.0,"event_name":"Beggar","player_choice":"Ignored","floor":30.0,"gold_loss":0.0,"damage_taken":0.0},{"cards_removed":["Beam Cell"],"damage_healed":5.0,"max_hp_gain":0.0,"max_hp_loss":0.0,"gold_gain":0.0,"event_name":"Bonfire Elementals","player_choice":"Offered Common","floor":36.0,"gold_loss":0.0,"damage_taken":0.0},{"cards_removed":["Beam Cell"],"damage_healed":5.0,"max_hp_gain":0.0,"max_hp_loss":0.0,"gold_gain":0.0,"event_name":"Bonfire Elementals","player_choice":"Offered Special","floor":36.0,"gold_loss":0.0,"damage_taken":0.0},{"cards_removed":["Barrage"],"damage_healed":0.0,"max_hp_gain":0.0,"max_hp_loss":0.0,"gold_gain":0.0,"event_name":"Falling","player_choice":"Removed Attack","floor":45.0,"gold_loss":0.0,"damage_taken":0.0}],"is_beta":false,"boss_relics":[{"not_picked":["Empty Cage","Astrolabe"],"picked":"Ectoplasm"},{"not_picked":["Lizard Tail","Runic Dome"],"picked":"Pandora\u0027s Box"}],"items_purged_floors":[29],"is_endless":false,"potions_floor_spawned":[1,3,8,16,24,27,31,39,42,44,47],"ascension_level":20}