{"gold_per_floor":[113,113,129,140,155,155,167,167,167,167,93,168,185,87,87,192,192,203,217,227,227,245,245,245,258,258,258,258,157,157,172,172,277,277,294,308,308,23,23],"floor_reached":39,"playtime":1899,"items_purged":["Strike_B"],"score":398,"play_id":"d99a33b4-88d4-469f-b759-33d81aceb31b","local_time":"20190109221444","is_ascension_mode":false,"campfire_choices":[{"data":"Zap","floor":6,"key":"SMITH"},{"data":"Dualcast","floor":10,"key":"SMITH"},{"data":"Static Discharge","floor":15,"key":"SMITH"},{"floor":23,"key":"REST"},{"data":"Creative AI","floor":27,"key":"SMITH"},{"data":"Double Energy","floor":32,"key":"SMITH"}],"neow_cost":"NONE","seed_source_timestamp":3451961068139,"circlet_count":0,"master_deck":["Defend_B","Defend_B","Defend_B","Defend_B","Zap+1","Dualcast+1","Fusion","Double Energy+1","Conserve Battery+1","FTL","Ball Lightning","Static Discharge+1","All For One","Beam Cell","Creative AI+1","Go for the Eyes","Recycle+1","Go for the Eyes","Bite","Bite","Bite","Bite","Hologram+1","Conserve Battery","Steam","Capacitor+1","Thunder Strike","Gash","Reprogram+1","Gash","Sadistic Nature","Leap"],"relics":["Runic Pyramid"],"potions_floor_usage":[19,20,22,25,31,33,33,39],"damage_taken":[{"damage":1,"enemies":"Jaw Worm","floor":1,"turns":4},{"damage":2,"enemies":"Cultist","floor":3,"turns":5},{"damage":2,"enemies":"2 Louse","floor":4,"turns":3},{"damage":7,"enemies":"Blue Slaver","floor":5,"turns":3},{"damage":0,"enemies":"Exordium Wildlife","floor":7,"turns":5},{"damage":0,"enemies":"2 Fungi Beasts","floor":13,"turns":3},{"damage":4,"enemies":"Slime Boss","floor":16,"turns":8},{"damage":25,"enemies":"2 Thieves","floor":18,"turns":3},{"damage":21,"enemies":"3 Byrds","floor":19,"turns":3},{"damage":16,"enemies":"Snecko","floor":20,"turns":5},{"damage":15,"enemies":"Snake Plant","floor":22,"turns":3},{"damage":16,"enemies":"Centurion and Healer","floor":25,"turns":3},{"damage":1,"enemies":"Chosen and Byrds","floor":31,"turns":6},{"damage":24,"enemies":"Champ","floor":33,"turns":9},{"damage":28,"enemies":"3 Darklings","floor":35,"turns":7},{"damage":19,"enemies":"Orb Walker","floor":36,"turns":4},{"damage":51,"enemies":"4 Shapes","floor":39,"turns":3}],"seed_played":"-5031352739832375470","potions_obtained":[{"floor":1,"key":"Regen Potion"},{"floor":3,"key":"Strength Potion"},{"floor":5,"key":"GamblersBrew"},{"floor":18,"key":"Swift Potion"},{"floor":20,"key":"Block Potion"},{"floor":22,"key":"AttackPotion"},{"floor":25,"key":"Fire Potion"}],"is_trial":false,"path_per_floor":["M","?","M","M","M","R","M","?","T","R","$","?","M","$","R","B",null,"M","M","M","?","M","R","?","M","T","R","?","$","?","M","R","B",null,"M","M","?","$","M"],"character_chosen":"DEFECT","items_purchased":["Static Discharge","Beam Cell","Steam","Block Potion","Gash","Sadistic Nature","Leap","SkillPotion"],"campfire_rested":1,"item_purchase_floors":[11,14,29,29,38,38,38,38],"current_hp_per_floor":[74,74,72,70,63,63,63,48,48,48,48,37,37,37,37,33,75,50,41,25,25,14,29,29,19,19,19,19,19,19,24,24,20,52,34,25,25,25,0],"gold":23,"neow_bonus":"BOSS_RELIC","is_prod":false,"is_daily":false,"chose_seed":false,"campfire_upgraded":5,"win_rate":0,"timestamp":1547068484,"path_taken":["M","?","?","M","M","R","?","?","T","R","$","?","M","$","R","BOSS","M","M","M","?","M","R","?","M","T","R","?","$","?","M","R","BOSS","M","?","?","$","M"],"build_version":"2019-01-03v4","purchased_purges":1,"victory":false,"max_hp_per_floor":[75,75,75,75,75,75,75,75,75,75,75,75,75,75,75,75,75,75,75,75,52,52,52,52,52,52,52,52,52,52,52,52,52,52,52,52,52,52,52],"card_choices":[{"not_picked":["Stack","Turbo"],"picked":"Fusion","floor":1},{"not_picked":["Sweeping Beam","Tempest"],"picked":"Double Energy","floor":3},{"not_picked":["Auto Shields","Hello World"],"picked":"Conserve Battery","floor":4},{"not_picked":["Steam","Barrage"],"picked":"FTL","floor":5},{"not_picked":["Sweeping Beam","Rip and Tear"],"picked":"Ball Lightning","floor":7},{"not_picked":["Beam Cell","Coolheaded"],"picked":"All For One","floor":13},{"not_picked":["Amplify","Fission"],"picked":"Creative AI","floor":16},{"not_picked":["Beam Cell+1","Reprogram"],"picked":"Go for the Eyes","floor":18},{"not_picked":["Hologram","Genetic Algorithm"],"picked":"Recycle+1","floor":19},{"not_picked":["FTL","Stack"],"picked":"Go for the Eyes","floor":20},{"not_picked":["Reinforced Body","Redo+1"],"picked":"Hologram+1","floor":22},{"not_picked":["Hologram+1","Creative AI"],"picked":"Conserve Battery","floor":25},{"not_picked":["Compile Driver","Sweeping Beam"],"picked":"Capacitor+1","floor":31},{"not_picked":["Hyperbeam","Reboot"],"picked":"Thunder Strike","floor":33},{"not_picked":["Auto Shields","Sweeping Beam+1"],"picked":"Gash","floor":35},{"not_picked":["Coolheaded+1","Hologram"],"picked":"Reprogram+1","floor":36}],"player_experience":421938,"relics_obtained":[],"event_choices":[{"damage_healed":0,"gold_gain":0,"player_choice":"Bought 0 Potions","damage_taken":0,"max_hp_gain":0,"max_hp_loss":0,"event_name":"The Woman in Blue","floor":2,"gold_loss":0},{"damage_healed":0,"gold_gain":0,"player_choice":"Entered Light","damage_taken":15,"max_hp_gain":0,"max_hp_loss":0,"event_name":"Shining Light","floor":8,"gold_loss":0,"cards_upgraded":["Strike_B","Conserve Battery"]},{"damage_healed":0,"gold_gain":75,"player_choice":"Gather Gold","damage_taken":11,"max_hp_gain":0,"max_hp_loss":0,"event_name":"World of Goop","floor":12,"gold_loss":0},{"damage_healed":0,"gold_gain":0,"player_choice":"Became a vampire","damage_taken":0,"max_hp_gain":0,"max_hp_loss":23,"event_name":"Vampires","floor":21,"gold_loss":0,"cards_obtained":["Bite","Bite","Bite","Bite","Bite"]},{"damage_healed":0,"gold_gain":0,"player_choice":"Ignored","damage_taken":0,"max_hp_gain":0,"max_hp_loss":0,"event_name":"The Mausoleum","floor":24,"gold_loss":0},{"damage_healed":0,"gold_gain":0,"player_choice":"Ignored","damage_taken":0,"max_hp_gain":0,"max_hp_loss":0,"event_name":"Cursed Tome","floor":28,"gold_loss":0},{"damage_healed":0,"gold_gain":0,"player_choice":"Ignored","damage_taken":0,"max_hp_gain":0,"max_hp_loss":0,"event_name":"WeMeetAgain","floor":30,"gold_loss":0},{"cards_removed":["Bite"],"damage_healed":0,"gold_gain":0,"player_choice":"Removed Attack","damage_taken":0,"max_hp_gain":0,"max_hp_loss":0,"event_name":"Falling","floor":37,"gold_loss":0}],"is_beta":false,"boss_relics":[{"not_picked":["Fusion Hammer","Eternal Feather","Velvet Choker"]},{"not_picked":["Tiny House","Sozu","Philosopher\u0027s Stone"]}],"items_purged_floors":[14],"is_endless":false,"potions_floor_spawned":[1,3,5,18,20,22,25],"killed_by":"4 Shapes","ascension_level":0}