{"gold_per_floor":[118,137,137,157,11,68,68,100,100,129,140,196,196,146,146,250,250,267,267,267,285,302,331,7,7,7,33,33,33,33,60,60,165,165,179,197,0,0,15,43,43,72,72,84,84,96,131,31,31,31,31,31,31,63,63],"floor_reached":56,"playtime":8333,"items_purged":["Survivor","Bane"],"score":1525,"play_id":"9b101e8b-ec7b-40bc-b544-ced31d4076f0","local_time":"20190622162945","is_ascension_mode":true,"campfire_choices":[{"floor":7,"key":"REST"},{"data":"Leg Sweep","floor":13,"key":"SMITH"},{"floor":15,"key":"REST"},{"data":"Malaise","floor":25,"key":"SMITH"},{"data":"Catalyst","floor":29,"key":"SMITH"},{"data":"After Image","floor":32,"key":"SMITH"},{"floor":45,"key":"RECALL"},{"data":"Outmaneuver","floor":49,"key":"SMITH"},{"data":"Noxious Fumes","floor":52,"key":"SMITH"}],"neow_cost":"NONE","seed_source_timestamp":44635264583420,"circlet_count":0,"master_deck":["Neutralize","Deflect","Deflect+1","Dagger Throw","After Image+1","Leg Sweep+1","Footwork","Noxious Fumes+1","Die Die Die","Malaise+1","Calculated Gamble","Dash","PiercingWail","Backstab","Die Die Die","Slice","Acrobatics+1","Bouncing Flask+1","Cloak And Dagger+1","Crippling Poison","Acrobatics","Footwork","Outmaneuver+1","Catalyst+1","Envenom","Well Laid Plans","PiercingWail+1","Heel Hook","Backflip","Night Terror"],"relics":["Ring of the Snake","Tiny Chest","Thread and Needle","Darkstone Periapt","Regal Pillow","Unceasing Top","Pandora\u0027s Box","Letter Opener","Dead Branch","War Paint","Paper Crane","Ornamental Fan","Meat on the Bone","Coffee Dripper","Red Mask","Omamori","Bottled Lightning","Bottled Tornado","Ninja Scroll","Kunai"],"potions_floor_usage":[8,12,16,33,55],"damage_taken":[{"damage":11,"enemies":"Small Slimes","floor":1,"turns":5},{"damage":0,"enemies":"2 Louse","floor":2,"turns":4},{"damage":0,"enemies":"Jaw Worm","floor":4,"turns":4},{"damage":35,"enemies":"Gremlin Nob","floor":6,"turns":6},{"damage":7,"enemies":"Lagavulin","floor":8,"turns":13},{"damage":29,"enemies":"3 Sentries","floor":10,"turns":19},{"damage":1,"enemies":"3 Louse","floor":11,"turns":6},{"damage":0,"enemies":"3 Sentries","floor":12,"turns":7},{"damage":0,"enemies":"The Guardian","floor":16,"turns":12},{"damage":0,"enemies":"Shell Parasite","floor":18,"turns":7},{"damage":0,"enemies":"3 Byrds","floor":21,"turns":5},{"damage":8,"enemies":"Snake Plant","floor":22,"turns":3},{"damage":28,"enemies":"Slavers","floor":23,"turns":6},{"damage":5,"enemies":"Gremlin Leader","floor":27,"turns":5},{"damage":3,"enemies":"Slavers","floor":31,"turns":4},{"damage":0,"enemies":"Collector","floor":33,"turns":10},{"damage":0,"enemies":"Orb Walker","floor":35,"turns":3},{"damage":1,"enemies":"3 Darklings","floor":36,"turns":3},{"damage":2,"enemies":"Maw","floor":39,"turns":6},{"damage":8,"enemies":"Reptomancer","floor":40,"turns":6},{"damage":0,"enemies":"Nemesis","floor":42,"turns":5},{"damage":0,"enemies":"Transient","floor":44,"turns":5},{"damage":0,"enemies":"3 Darklings","floor":46,"turns":4},{"damage":0,"enemies":"Giant Head","floor":47,"turns":5},{"damage":11,"enemies":"Awakened One","floor":50,"turns":9},{"damage":7,"enemies":"Shield and Spear","floor":54,"turns":5},{"damage":36,"enemies":"The Heart","floor":55,"turns":8}],"seed_played":"2095836930475262827","potions_obtained":[{"floor":2,"key":"LiquidBronze"},{"floor":8,"key":"LiquidBronze"},{"floor":10,"key":"EssenceOfSteel"},{"floor":12,"key":"Ancient Potion"},{"floor":16,"key":"PowerPotion"},{"floor":21,"key":"SpeedPotion"},{"floor":33,"key":"Ancient Potion"},{"floor":39,"key":"AttackPotion"},{"floor":40,"key":"Swift Potion"}],"is_trial":false,"path_per_floor":["M","M","?","M","$","E","R","E","T","E","M","?","R","?","R","B",null,"M","?","T","M","M","E","$","R","T","E","?","R","?","E","R","B",null,"M","M","?","?","M","E","T","E","T","M","R","M","E","$","R","B",null,"R","$","E","B",null],"character_chosen":"THE_SILENT","items_purchased":["After Image","Acrobatics","War Paint","Footwork"],"campfire_rested":2,"item_purchase_floors":[5,24,24,24],"current_hp_per_floor":[66,66,59,59,59,24,47,40,40,11,10,10,10,10,48,48,77,77,77,77,77,69,41,41,41,41,36,36,36,36,33,33,45,77,77,76,76,76,74,66,66,66,66,66,66,66,66,66,66,55,77,77,77,70,46],"gold":63,"neow_bonus":"TEN_PERCENT_HP_BONUS","is_prod":false,"is_daily":false,"chose_seed":false,"campfire_upgraded":6,"win_rate":0,"timestamp":1561235385,"path_taken":["M","M","?","M","$","E","R","E","T","E","M","?","R","?","R","BOSS","M","?","?","M","M","E","$","R","T","E","?","R","?","E","R","BOSS","M","M","?","?","?","E","?","E","T","M","R","?","E","$","R","BOSS","R","$","E","BOSS"],"build_version":"2019-01-23","purchased_purges":2,"victory":true,"max_hp_per_floor":[77,77,77,77,77,77,77,77,77,77,77,77,77,77,77,77,77,77,77,77,77,77,77,77,77,77,77,77,77,77,77,77,77,77,77,77,77,77,77,77,77,77,77,77,77,77,77,77,77,77,77,77,77,77,77],"card_choices":[{"not_picked":["Blade Dance","Outmaneuver"],"picked":"Deflect","floor":1},{"not_picked":["Slice","Deadly Poison"],"picked":"Deflect","floor":2},{"not_picked":["Deadly Poison","Underhanded Strike"],"picked":"Dagger Throw","floor":4},{"not_picked":["Slice","Outmaneuver"],"picked":"Leg Sweep","floor":6},{"not_picked":["Slice","Wraith Form v2"],"picked":"Footwork","floor":8},{"not_picked":["All Out Attack","Slice"],"picked":"Noxious Fumes","floor":10},{"not_picked":["Outmaneuver","Flying Knee"],"picked":"Bane","floor":11},{"not_picked":["Slice","Deadly Poison"],"picked":"Die Die Die","floor":12},{"not_picked":["Burst","Unload"],"picked":"Malaise","floor":16},{"not_picked":["Quick Slash","Sucker Punch"],"picked":"Acrobatics","floor":18},{"not_picked":["Blade Dance","Catalyst"],"picked":"Bouncing Flask+1","floor":21},{"not_picked":["Prepared+1","Dagger Throw"],"picked":"Cloak And Dagger+1","floor":22},{"not_picked":["Masterful Stab+1","Die Die Die"],"picked":"Crippling Poison","floor":23},{"not_picked":["Bane+1","Poisoned Stab"],"picked":"Outmaneuver","floor":27},{"not_picked":["Wraith Form v2","Prepared","Dash"],"picked":"SKIP","floor":31},{"not_picked":["Phantasmal Killer","Venomology"],"picked":"Envenom","floor":33},{"not_picked":["Dagger Throw+1","Masterful Stab"],"picked":"Well Laid Plans","floor":35},{"not_picked":["Flying Knee","Deflect","Deadly Poison+1"],"picked":"SKIP","floor":36},{"not_picked":["Dagger Spray+1","Outmaneuver"],"picked":"PiercingWail+1","floor":39},{"not_picked":["Underhanded Strike","Sucker Punch+1"],"picked":"Heel Hook","floor":40},{"not_picked":["Backstab","PiercingWail"],"picked":"Backflip","floor":42},{"not_picked":["Expertise","Prepared"],"picked":"Night Terror","floor":44},{"not_picked":["Flying Knee","Deadly Poison","Backstab"],"picked":"SKIP","floor":46},{"not_picked":["Caltrops+1","Dagger Spray+1","Flying Knee"],"picked":"SKIP","floor":47},{"not_picked":["Reflex","Poisoned Stab+1","Escape Plan"],"picked":"SKIP","floor":54}],"player_experience":82413,"relics_obtained":[{"floor":6,"key":"Tiny Chest"},{"floor":8,"key":"Thread and Needle"},{"floor":9,"key":"Darkstone Periapt"},{"floor":10,"key":"Regal Pillow"},{"floor":20,"key":"Letter Opener"},{"floor":23,"key":"Dead Branch"},{"floor":26,"key":"Paper Crane"},{"floor":27,"key":"Ornamental Fan"},{"floor":31,"key":"Meat on the Bone"},{"floor":40,"key":"Omamori"},{"floor":42,"key":"Bottled Lightning"},{"floor":43,"key":"Bottled Tornado"},{"floor":47,"key":"Ninja Scroll"},{"floor":54,"key":"Kunai"}],"event_choices":[{"cards_removed":["Defend_G"],"damage_healed":0,"gold_gain":0,"player_choice":"Card Removal","damage_taken":7,"max_hp_gain":0,"max_hp_loss":0,"event_name":"Golden Wing","floor":3,"gold_loss":0},{"damage_healed":0,"gold_gain":0,"player_choice":"Searched \u00273\u0027 times","damage_taken":0,"relics_obtained":["Unceasing Top"],"max_hp_gain":0,"max_hp_loss":0,"event_name":"Dead Adventurer","floor":12,"gold_loss":0},{"cards_removed":["Defend_G"],"damage_healed":0,"gold_gain":0,"player_choice":"Card Removal","damage_taken":0,"max_hp_gain":0,"max_hp_loss":0,"event_name":"The Cleric","floor":14,"gold_loss":50},{"damage_healed":0,"gold_gain":0,"player_choice":"Ignored","damage_taken":0,"max_hp_gain":0,"max_hp_loss":0,"event_name":"Vampires","floor":19,"gold_loss":0},{"damage_healed":0,"gold_gain":0,"player_choice":"Read","damage_taken":0,"max_hp_gain":0,"max_hp_loss":0,"event_name":"The Library","floor":28,"gold_loss":0,"cards_obtained":["Catalyst"]},{"cards_removed":["Leg Sweep"],"damage_healed":0,"gold_gain":0,"player_choice":"Elegance","damage_taken":0,"max_hp_gain":0,"max_hp_loss":0,"event_name":"Back to Basics","floor":30,"gold_loss":0},{"damage_healed":0,"gold_gain":0,"player_choice":"Paid","damage_taken":0,"relics_obtained":["Red Mask"],"max_hp_gain":0,"max_hp_loss":0,"event_name":"Tomb of Lord Red Mask","floor":37,"gold_loss":197},{"cards_removed":["Flechettes"],"damage_healed":0,"gold_gain":0,"player_choice":"Purged","damage_taken":0,"max_hp_gain":0,"max_hp_loss":0,"event_name":"Purifier","floor":38,"gold_loss":0}],"is_beta":false,"boss_relics":[{"not_picked":["Empty Cage","Busted Crown"],"picked":"Pandora\u0027s Box"},{"not_picked":["WristBlade","Runic Dome"],"picked":"Coffee Dripper"}],"items_purged_floors":[24,48],"is_endless":false,"potions_floor_spawned":[2,8,10,12,16,21,27,33,39,40,46,47],"ascension_level":2}