{"gold_per_floor":[117,129,129,146,163,189,207,207,207,235,246,521,521,540,540,638,638,648,505,523,137,157,157,187,199,222,222,222,222,239,259,259,259],"floor_reached":33,"playtime":1413,"items_purged":[],"score":376,"play_id":"5284822f-b012-4f52-bb72-0f0f87c05b4e","local_time":"20190701060659","is_ascension_mode":true,"campfire_choices":[{"floor":8,"key":"REST"},{"floor":13,"key":"REST"},{"floor":15,"key":"REST"},{"floor":23,"key":"REST"},{"floor":27,"key":"REST"},{"floor":29,"key":"REST"},{"floor":32,"key":"REST"}],"neow_cost":"NONE","seed_source_timestamp":313317733653500,"circlet_count":0,"master_deck":["Strike_B","Strike_B","Strike_B","Strike_B","Defend_B","Defend_B","Defend_B","Defend_B","Zap","Dualcast","Hologram","Cold Snap+1","Hologram","Steam","White Noise","Go for the Eyes","Hyperbeam","Stack","Chill","Core Surge","Hologram","Aggregate","Loop+1","Consume","Leap+1","Scrape","Electrodynamics+1","Hologram+1","Glacier+1"],"relics":["Fusion Hammer","Darkstone Periapt","Vajra","Omamori","Lizard Tail","Bronze Scales","Frozen Egg 2","Dodecahedron","MutagenicStrength"],"potions_floor_usage":[5,6,10,18,30,31,33],"damage_taken":[{"damage":0,"enemies":"2 Louse","floor":1,"turns":4},{"damage":0,"enemies":"Cultist","floor":2,"turns":3},{"damage":0,"enemies":"Small Slimes","floor":4,"turns":3},{"damage":3,"enemies":"Blue Slaver","floor":5,"turns":3},{"damage":59,"enemies":"Gremlin Nob","floor":6,"turns":5},{"damage":10,"enemies":"2 Fungi Beasts","floor":7,"turns":4},{"damage":3,"enemies":"3 Sentries","floor":10,"turns":3},{"damage":4,"enemies":"Exordium Wildlife","floor":11,"turns":3},{"damage":3,"enemies":"Large Slime","floor":14,"turns":3},{"damage":37,"enemies":"The Guardian","floor":16,"turns":14},{"damage":0,"enemies":"Shell Parasite","floor":18,"turns":6},{"damage":20,"enemies":"2 Thieves","floor":20,"turns":3},{"damage":14,"enemies":"Chosen and Byrds","floor":22,"turns":5},{"damage":62,"enemies":"Gremlin Leader","floor":24,"turns":9},{"damage":24,"enemies":"Snake Plant","floor":25,"turns":4},{"damage":37,"enemies":"Shelled Parasite and Fungi","floor":30,"turns":5},{"damage":2,"enemies":"Centurion and Healer","floor":31,"turns":3},{"damage":52,"enemies":"Collector","floor":33,"turns":7}],"seed_played":"-5273324981152704131","potions_obtained":[{"floor":1,"key":"LiquidBronze"},{"floor":4,"key":"FearPotion"},{"floor":7,"key":"Energy Potion"},{"floor":16,"key":"Swift Potion"},{"floor":25,"key":"PowerPotion"},{"floor":30,"key":"Block Potion"},{"floor":31,"key":"Poison Potion"}],"is_trial":false,"path_per_floor":["M","M","?","M","M","E","M","R","T","E","M","?","R","M","R","B",null,"M","$","M","$","M","R","E","M","T","R","?","R","M","M","R","B"],"character_chosen":"DEFECT","items_purchased":["Bronze Scales","Frozen Egg 2","Loop+1","Consume"],"campfire_rested":7,"item_purchase_floors":[19,21,21,21],"current_hp_per_floor":[75,75,75,75,72,13,3,25,25,22,18,18,40,37,59,22,62,62,62,42,42,28,50,37,13,13,35,35,57,20,18,40,0],"gold":259,"neow_bonus":"BOSS_RELIC","is_prod":false,"is_daily":false,"chose_seed":false,"campfire_upgraded":0,"win_rate":0,"timestamp":1561975619,"path_taken":["M","M","?","M","M","E","?","R","T","E","M","?","R","M","R","BOSS","M","$","?","$","M","R","E","M","T","R","?","R","M","M","R","BOSS"],"build_version":"2019-06-30","purchased_purges":0,"victory":false,"max_hp_per_floor":[75,75,75,75,75,75,75,75,75,75,75,75,75,75,75,75,75,75,75,75,75,75,75,75,75,75,75,75,75,75,75,75,75],"card_choices":[{"not_picked":["Auto Shields","Leap"],"picked":"Hologram","floor":1},{"not_picked":["Beam Cell","Rebound"],"picked":"Cold Snap","floor":2},{"not_picked":["Ball Lightning","Coolheaded"],"picked":"Hologram","floor":4},{"not_picked":["Auto Shields","Beam Cell"],"picked":"Steam","floor":5},{"not_picked":["Double Energy","Beam Cell"],"picked":"White Noise","floor":6},{"not_picked":["Redo","Reinforced Body"],"picked":"Go for the Eyes","floor":7},{"not_picked":["Genetic Algorithm","Tempest"],"picked":"Hyperbeam","floor":10},{"not_picked":["Recycle","Force Field"],"picked":"Stack","floor":11},{"not_picked":["Barrage","Rebound"],"picked":"Chill","floor":14},{"not_picked":["All For One","Reboot"],"picked":"Core Surge","floor":16},{"not_picked":["Go for the Eyes","Stack"],"picked":"Hologram","floor":18},{"not_picked":["Cold Snap","Ball Lightning+1"],"picked":"Aggregate","floor":20},{"not_picked":["Stack","Recycle"],"picked":"Leap+1","floor":22},{"not_picked":["Barrage","Go for the Eyes"],"picked":"Scrape","floor":24},{"not_picked":["Redo","Streamline+1"],"picked":"Electrodynamics+1","floor":25},{"not_picked":["Beam Cell","Lockon"],"picked":"Hologram+1","floor":30},{"not_picked":["Double Energy","Recycle"],"picked":"Glacier+1","floor":31}],"player_experience":1170751,"relics_obtained":[{"floor":6,"key":"Darkstone Periapt"},{"floor":9,"key":"Vajra"},{"floor":10,"key":"Omamori"},{"floor":24,"key":"Dodecahedron"}],"event_choices":[{"damage_healed":0,"gold_gain":0,"player_choice":"Upgraded","damage_taken":0,"max_hp_gain":0,"max_hp_loss":0,"event_name":"Upgrade Shrine","floor":3,"gold_loss":0,"cards_upgraded":["Cold Snap"]},{"damage_healed":0,"gold_gain":275,"player_choice":"Desecrate","damage_taken":0,"max_hp_gain":0,"max_hp_loss":0,"event_name":"Golden Shrine","floor":12,"gold_loss":0,"cards_obtained":["Regret"]},{"damage_healed":0,"gold_gain":0,"player_choice":"Inject Mutagens","damage_taken":0,"relics_obtained":["MutagenicStrength"],"max_hp_gain":0,"max_hp_loss":0,"event_name":"Drug Dealer","floor":28,"gold_loss":0}],"is_beta":true,"boss_relics":[{"not_picked":["Tiny House","Busted Crown"],"picked":"Lizard Tail"}],"items_purged_floors":[],"is_endless":false,"potions_floor_spawned":[1,4,7,16,25,30,31],"killed_by":"Collector","ascension_level":5}