{"gold_per_floor":[114,10,25,40,55,55,55,55,55,63,78,93,145,175,175,275,275,290,305,305,255,270,270,285,285,310,310],"floor_reached":27,"playtime":1002,"items_purged":[],"score":215,"play_id":"640903f3-7648-4b86-b3d0-43f5bf9bae18","local_time":"20180718003929","daily_mods":["Heirloom","Uncertain Future","Binary"],"is_ascension_mode":false,"campfire_choices":[{"data":"1","floor":6,"key":"LIFT"},{"data":"2","floor":8,"key":"LIFT"},{"data":"3","floor":15,"key":"LIFT"},{"floor":23,"key":"REST"},{"floor":25,"key":"REST"}],"neow_cost":"","seed_source_timestamp":0,"circlet_count":0,"master_deck":["Strike_B","Strike_B","Strike_B","Strike_B","Defend_B","Defend_B","Defend_B","Defend_B","Zap","Dualcast","Darkness","Sunder","Ball Lightning","Gash+1","Gash","Gash","Self Repair","Double Energy","Conserve Battery","FTL","Seek+1","Buffer","Loop","Cold Snap","Compile Driver","Capacitor","Rebound+1","Consume+1"],"special_seed":17730,"relics":["Cracked Core","Girya","Dream Catcher","Odd Mushroom","Strawberry","Toxic Egg 2","Nuclear Battery","Bag of Marbles"],"potions_floor_usage":[10,12,14,16,16,18,19,22,24],"damage_taken":[{"damage":0,"enemies":"Small Slimes","floor":1,"turns":3},{"damage":0,"enemies":"2 Louse","floor":3,"turns":1},{"damage":1,"enemies":"Jaw Worm","floor":4,"turns":2},{"damage":4,"enemies":"Blue Slaver","floor":5,"turns":3},{"damage":9,"floor":10,"turns":2},{"damage":0,"enemies":"Large Slime","floor":11,"turns":3},{"damage":0,"enemies":"3 Louse","floor":12,"turns":2},{"damage":10,"enemies":"3 Sentries","floor":13,"turns":6},{"damage":3,"enemies":"3 Sentries","floor":14,"turns":6},{"damage":72,"enemies":"The Guardian","floor":16,"turns":9},{"damage":10,"enemies":"Shell Parasite","floor":18,"turns":3},{"damage":22,"enemies":"2 Thieves","floor":19,"turns":4},{"damage":19,"enemies":"Snake Plant","floor":22,"turns":4},{"damage":41,"enemies":"3 Cultists","floor":24,"turns":6},{"damage":55,"enemies":"Gremlin Leader","floor":27,"turns":5}],"seed_played":"-3893125077617489196","potions_obtained":[{"floor":1,"key":"Regen Potion"},{"floor":5,"key":"Poison Potion"},{"floor":11,"key":"SkillPotion"},{"floor":13,"key":"EssenceOfSteel"},{"floor":14,"key":"SpeedPotion"},{"floor":16,"key":"FearPotion"},{"floor":18,"key":"Dexterity Potion"},{"floor":19,"key":"Dexterity Potion"},{"floor":22,"key":"Regen Potion"}],"is_trial":false,"path_per_floor":["M","$","M","M","M","R","?","R","T","?","M","M","?","E","R","B",null,"M","M","?","?","M","R","M","R","T"],"character_chosen":"DEFECT","items_purchased":["Sunder","Ball Lightning"],"campfire_rested":2,"item_purchase_floors":[2,2],"current_hp_per_floor":[75,75,75,74,70,70,70,70,70,66,66,73,77,81,81,9,82,79,57,41,41,22,48,29,55,55,0],"gold":310,"neow_bonus":"","is_prod":false,"is_daily":true,"chose_seed":false,"campfire_upgraded":0,"win_rate":0,"timestamp":1531888769,"path_taken":["M","$","M","M","M","R","?","R","T","?","M","M","?","E","R","BOSS","M","M","?","?","M","R","M","R","T","E"],"build_version":"2018-07-16","purchased_purges":0,"victory":false,"max_hp_per_floor":[75,75,75,75,75,75,75,75,75,75,75,75,82,82,82,82,82,82,82,87,87,87,87,87,87,87,87],"card_choices":[{"not_picked":["Recycle"],"picked":"Darkness","floor":1},{"not_picked":["Heatsinks"],"picked":"Gash","floor":3},{"not_picked":["BootSequence"],"picked":"Gash","floor":4},{"not_picked":["Steam"],"picked":"Gash","floor":5},{"not_picked":["Skim"],"picked":"Self Repair","floor":10},{"not_picked":["Reprogram"],"picked":"Double Energy","floor":11},{"not_picked":["Redo"],"picked":"Conserve Battery","floor":12},{"not_picked":["Coolheaded"],"picked":"FTL","floor":13},{"not_picked":["Beam Cell"],"picked":"Seek","floor":14},{"not_picked":["Meteor Strike"],"picked":"Buffer","floor":16},{"not_picked":["Turbo+1"],"picked":"Loop","floor":18},{"not_picked":["Sweeping Beam"],"picked":"Cold Snap","floor":19},{"not_picked":["Skim+1"],"picked":"Compile Driver","floor":22},{"not_picked":["Steam+1"],"picked":"Capacitor","floor":23},{"not_picked":["Steam+1"],"picked":"Rebound+1","floor":24},{"not_picked":["Sweeping Beam"],"picked":"Consume+1","floor":25}],"player_experience":446562,"relics_obtained":[{"floor":9,"key":"Dream Catcher"},{"floor":10,"key":"Odd Mushroom"},{"floor":13,"key":"Strawberry"},{"floor":14,"key":"Toxic Egg 2"},{"floor":26,"key":"Bag of Marbles"}],"event_choices":[{"event_name":"Living Wall","player_choice":"Grow","floor":7,"damage_taken":0},{"event_name":"Mushrooms","player_choice":"Fought Mushrooms","floor":10,"damage_taken":0},{"event_name":"Dead Adventurer","player_choice":"Searched \u00271\u0027 times","floor":13,"damage_taken":0},{"event_name":"Forgotten Altar","player_choice":"Shed Blood","floor":20,"damage_taken":0},{"event_name":"The Joust","player_choice":"Bet on Murderer","floor":21,"damage_taken":0}],"boss_relics":[{"not_picked":["Runic Pyramid","Coffee Dripper"],"picked":"Nuclear Battery"}],"items_purged_floors":[],"is_endless":false,"potions_floor_spawned":[1,5,11,13,14,16,18,19,22],"killed_by":"Gremlin Leader","ascension_level":0}