{"gold_per_floor":[111,130,50,63,63,63,97,97,172,172,200,200,200,214,214,285,285,285,285,285,53,53,53,53,53,53,53,53,53,53,53,53,53,53,53,53,53,53,53,53,53,53,53,53,53,53,53,53,53,53,53,53,2,2,2],"floor_reached":55,"playtime":2519,"items_purged":["Shame"],"score":1458,"play_id":"e359a929-bb87-4c17-9674-936f86fde1d2","local_time":"20190311212839","is_ascension_mode":true,"campfire_choices":[{"data":"Sunder","floor":6.0,"key":"SMITH"},{"data":"Zap","floor":10.0,"key":"SMITH"},{"data":"Dualcast","floor":12.0,"key":"SMITH"},{"data":"Go for the Eyes","floor":15.0,"key":"SMITH"},{"data":"Beam Cell","floor":23.0,"key":"SMITH"},{"data":"1","floor":28.0,"key":"LIFT"},{"data":"2","floor":30.0,"key":"LIFT"},{"data":"3","floor":32.0,"key":"LIFT"},{"floor":41.0,"key":"RECALL"},{"floor":44.0,"key":"REST"},{"floor":49.0,"key":"REST"},{"floor":52.0,"key":"REST"}],"neow_cost":"NONE","seed_source_timestamp":868897886108563,"circlet_count":0,"master_deck":["AscendersBane","Strike_B","Strike_B","Strike_B","Defend_B","Defend_B","Defend_B","Defend_B","Zap+1","Dualcast+1","Go for the Eyes+1","Sweeping Beam","Sunder+1","All For One","Beam Cell+1","FTL","Steam","Core Surge","FTL+1","Steam Power","Dark Shackles+1","Self Repair","Go for the Eyes+1","Reinforced Body","All For One","Seek","Purity","Madness","Madness"],"special_seed":0,"relics":["Runic Pyramid","Vajra","Gambling Chip","Mummified Hand","Bottled Flame","Ectoplasm","Pear","Gremlin Horn","Girya","Fusion Hammer","PreservedInsect","Kunai","Omamori","Bottled Tornado"],"potions_floor_usage":[55],"damage_taken":[{"damage":1.0,"enemies":"Small Slimes","floor":1.0,"turns":3.0},{"damage":5.0,"enemies":"Cultist","floor":2.0,"turns":4.0},{"damage":8.0,"enemies":"2 Louse","floor":4.0,"turns":2.0},{"damage":15.0,"enemies":"Gremlin Nob","floor":7.0,"turns":4.0},{"damage":30.0,"enemies":"3 Sentries","floor":11.0,"turns":5.0},{"damage":0.0,"enemies":"Gremlin Gang","floor":14.0,"turns":2.0},{"damage":3.0,"enemies":"Hexaghost","floor":16.0,"turns":6.0},{"damage":0.0,"enemies":"3 Byrds","floor":18.0,"turns":3.0},{"damage":0.0,"enemies":"Spheric Guardian","floor":19.0,"turns":2.0},{"damage":2.0,"enemies":"Snake Plant","floor":24.0,"turns":4.0},{"damage":0.0,"enemies":"Gremlin Leader","floor":25.0,"turns":5.0},{"damage":14.0,"enemies":"Centurion and Healer","floor":27.0,"turns":2.0},{"damage":14.0,"enemies":"Automaton","floor":33.0,"turns":7.0},{"damage":3.0,"enemies":"3 Shapes","floor":35.0,"turns":4.0},{"damage":4.0,"enemies":"3 Darklings","floor":36.0,"turns":3.0},{"damage":0.0,"enemies":"Spire Growth","floor":37.0,"turns":2.0},{"damage":1.0,"enemies":"Sphere and 2 Shapes","floor":38.0,"turns":3.0},{"damage":3.0,"enemies":"Maw","floor":39.0,"turns":5.0},{"damage":0.0,"enemies":"Reptomancer","floor":40.0,"turns":2.0},{"damage":17.0,"enemies":"Nemesis","floor":42.0,"turns":3.0},{"damage":0.0,"enemies":"Giant Head","floor":45.0,"turns":4.0},{"damage":0.0,"enemies":"3 Darklings","floor":46.0,"turns":2.0},{"damage":42.0,"enemies":"Time Eater","floor":50.0,"turns":8.0},{"damage":0.0,"enemies":"Shield and Spear","floor":54.0,"turns":3.0},{"damage":94,"enemies":"The Heart","floor":55,"turns":5}],"seed_played":"1297168863621131819","potions_obtained":[{"floor":1.0,"key":"Weak Potion"},{"floor":14.0,"key":"GamblersBrew"},{"floor":16.0,"key":"SpeedPotion"},{"floor":19.0,"key":"SkillPotion"},{"floor":29.0,"key":"AttackPotion"},{"floor":33.0,"key":"SmokeBomb"},{"floor":35.0,"key":"PowerPotion"}],"is_trial":false,"path_per_floor":["M","M","$","M","?","R","E","?","T","R","E","R","?","M","R","B",null,"M","M","?","$","?","R","M","E","T","M","R","?","R","$","R","B",null,"M","M","M","M","M","E","R","E","T","R","E","M","?","?","R","B",null,"R","$","E","B"],"character_chosen":"DEFECT","items_purchased":["Sunder","Dark Shackles","Self Repair","Weak Potion"],"campfire_rested":3,"item_purchase_floors":[3,21,21,53],"current_hp_per_floor":[63,58,58,50,39,39,24,47,47,47,17,17,17,17,17,14,57,57,57,67,67,67,67,72,79,79,72,72,72,72,72,72,65,77,81,81,81,81,81,81,81,71,71,81,81,81,81,66,81,46,72,81,81,81,0],"gold":2,"neow_bonus":"BOSS_RELIC","is_prod":false,"is_daily":false,"chose_seed":false,"campfire_upgraded":5,"win_rate":0,"timestamp":1552336119,"path_taken":["M","M","$","M","?","R","E","?","T","R","E","R","?","M","R","BOSS","M","M","?","$","?","R","M","E","T","?","R","?","R","$","R","BOSS","M","M","M","M","?","E","R","E","T","R","E","M","?","?","R","BOSS","R","$","E","BOSS"],"build_version":"2019-01-23","purchased_purges":1,"victory":false,"max_hp_per_floor":[71,71,71,71,71,71,71,71,71,71,71,71,71,71,71,71,71,71,71,81,81,81,81,81,81,81,81,81,81,81,81,81,81,81,81,81,81,81,81,81,81,81,81,81,81,81,81,81,81,81,81,81,81,81,81],"card_choices":[{"not_picked":["Darkness","White Noise"],"picked":"Go for the Eyes","floor":1.0},{"not_picked":["Coolheaded","Hologram"],"picked":"Sweeping Beam","floor":2.0},{"not_picked":["Conserve Battery","Capacitor"],"picked":"All For One","floor":4.0},{"not_picked":["Leap","Compile Driver"],"picked":"Beam Cell","floor":7.0},{"not_picked":["Beam Cell","Static Discharge"],"picked":"FTL","floor":11.0},{"not_picked":["Beam Cell","Skim"],"picked":"Steam","floor":14.0},{"not_picked":["Rainbow","Fission"],"picked":"Core Surge","floor":16.0},{"not_picked":["Doom and Gloom+1","Darkness+1"],"picked":"FTL+1","floor":18.0},{"not_picked":["Doom and Gloom","Ball Lightning"],"picked":"Steam Power","floor":19.0},{"not_picked":["Reprogram","Ball Lightning"],"picked":"Go for the Eyes+1","floor":24.0},{"not_picked":["Recycle","Sweeping Beam"],"picked":"Reinforced Body","floor":25.0},{"not_picked":["Sweeping Beam","Blizzard"],"picked":"All For One","floor":27.0},{"not_picked":["Electrodynamics","Amplify"],"picked":"Seek","floor":33.0},{"not_picked":["Recycle","BootSequence","Barrage"],"picked":"SKIP","floor":35.0},{"not_picked":["Chaos+1","Redo","Ball Lightning"],"picked":"SKIP","floor":36.0},{"not_picked":["Cold Snap+1","Conserve Battery+1","Turbo+1"],"picked":"SKIP","floor":37.0},{"not_picked":["Coolheaded+1","Stack","Static Discharge"],"picked":"SKIP","floor":38.0},{"not_picked":["Conserve Battery","Scrape","Coolheaded"],"picked":"SKIP","floor":39.0},{"not_picked":["Stack","Glacier","Ball Lightning+1"],"picked":"SKIP","floor":40.0},{"not_picked":["Machine Learning","Capacitor","Conserve Battery"],"picked":"SKIP","floor":42.0},{"not_picked":["Seek","Ball Lightning+1","Buffer"],"picked":"SKIP","floor":45.0},{"not_picked":["Steam+1","Conserve Battery","Leap+1"],"picked":"SKIP","floor":46.0},{"not_picked":["The Bomb","Jack Of All Trades"],"picked":"Purity","floor":47.0},{"not_picked":["Turbo+1","Lockon","Glacier"],"picked":"SKIP","floor":54.0}],"player_experience":524984,"relics_obtained":[{"floor":7.0,"key":"Gambling Chip"},{"floor":9.0,"key":"Mummified Hand"},{"floor":11.0,"key":"Bottled Flame"},{"floor":25.0,"key":"Gremlin Horn"},{"floor":26.0,"key":"Girya"},{"floor":40.0,"key":"PreservedInsect"},{"floor":42.0,"key":"Kunai"},{"floor":45.0,"key":"Omamori"},{"floor":54.0,"key":"Bottled Tornado"}],"event_choices":[{"damage_healed":0.0,"max_hp_gain":0.0,"max_hp_loss":0.0,"gold_gain":0.0,"event_name":"Scrap Ooze","player_choice":"Success","floor":5.0,"gold_loss":0.0,"damage_taken":11.0,"relics_obtained":["Vajra"]},{"damage_healed":23.0,"max_hp_gain":0.0,"max_hp_loss":0.0,"gold_gain":0.0,"event_name":"Big Fish","player_choice":"Banana","floor":8.0,"gold_loss":0.0,"damage_taken":0.0},{"cards_removed":["Strike_B"],"damage_healed":0.0,"max_hp_gain":0.0,"max_hp_loss":0.0,"gold_gain":0.0,"event_name":"Bonfire Elementals","player_choice":"Offered Basic","floor":13.0,"gold_loss":0.0,"damage_taken":0.0},{"damage_healed":0.0,"max_hp_gain":0.0,"max_hp_loss":0.0,"gold_gain":0.0,"event_name":"Addict","player_choice":"Stole Relic","floor":20.0,"gold_loss":0.0,"damage_taken":0.0,"relics_obtained":["Pear"],"cards_obtained":["Shame"]},{"damage_healed":0.0,"max_hp_gain":0.0,"max_hp_loss":0.0,"gold_gain":0.0,"event_name":"Upgrade Shrine","player_choice":"Upgraded","floor":22.0,"gold_loss":0.0,"damage_taken":0.0,"cards_upgraded":["Dark Shackles"]},{"damage_healed":0.0,"max_hp_gain":0.0,"max_hp_loss":0.0,"gold_gain":0.0,"event_name":"Lab","player_choice":"Got Potions","floor":29.0,"gold_loss":0.0,"damage_taken":0.0},{"damage_healed":0.0,"max_hp_gain":0.0,"max_hp_loss":0.0,"gold_gain":0.0,"event_name":"SensoryStone","player_choice":"Memory 1","floor":47.0,"gold_loss":0.0,"damage_taken":0.0},{"damage_healed":0.0,"max_hp_gain":0.0,"max_hp_loss":0.0,"gold_gain":0.0,"event_name":"Winding Halls","player_choice":"Embrace Madness","floor":48.0,"gold_loss":0.0,"damage_taken":15.0,"cards_obtained":["Madness","Madness"]}],"is_beta":false,"boss_relics":[{"not_picked":["Black Star","Runic Dome"],"picked":"Ectoplasm"},{"not_picked":["Eternal Feather","Sozu"],"picked":"Fusion Hammer"}],"items_purged_floors":[21],"is_endless":false,"potions_floor_spawned":[1,14,16,19,33,35,36,40],"killed_by":"The Heart","ascension_level":15}