{"gold_per_floor":[13,33,45,55,73,102,102,134,134,134,160,179,179,98,98,200,200,212,13,13,13,33,33,33,33,33,45,55,20,20],"floor_reached":30,"playtime":1686,"items_purged":[],"score":313,"play_id":"63783fc6-6be4-432c-bf30-7660c1eb05ee","local_time":"20190405192608","is_ascension_mode":true,"campfire_choices":[{"floor":7,"key":"REST"},{"data":"Flame Barrier","floor":10,"key":"SMITH"},{"floor":13,"key":"REST"},{"floor":15,"key":"REST"},{"data":"Feed","floor":23,"key":"SMITH"},{"data":"Trip","floor":25,"key":"SMITH"}],"neow_cost":"NO_GOLD","seed_source_timestamp":1578721000926400,"circlet_count":0,"master_deck":["Strike_R","Strike_R","Strike_R","Strike_R","Defend_R","Defend_R","Defend_R","Bash","Perfected Strike","Carnage","Pummel","Pummel","Thunderclap","Flame Barrier+1","Bludgeon","Clash","Trip+1","Feed","Clash","Feed+1","Flame Barrier","Flex+1","Twin Strike","Rage"],"relics":["Burning Blood","Champion Belt","Boot","Question Card","Sundial","Eternal Feather","DollysMirror","MutagenicStrength","Darkstone Periapt"],"potions_floor_usage":[4,5,8,12,16],"damage_taken":[{"damage":15,"enemies":"Cultist","floor":1,"turns":5},{"damage":0,"enemies":"Small Slimes","floor":2,"turns":3},{"damage":0,"enemies":"2 Louse","floor":3,"turns":2},{"damage":20,"enemies":"Gremlin Gang","floor":4,"turns":5},{"damage":12,"enemies":"Exordium Wildlife","floor":5,"turns":3},{"damage":35,"enemies":"3 Sentries","floor":6,"turns":7},{"damage":12,"enemies":"Gremlin Nob","floor":8,"turns":3},{"damage":25,"enemies":"Lagavulin","floor":11,"turns":5},{"damage":22,"enemies":"Exordium Thugs","floor":12,"turns":3},{"damage":18,"enemies":"Slime Boss","floor":16,"turns":8},{"damage":22,"enemies":"2 Thieves","floor":18,"turns":3},{"damage":0,"enemies":"3 Byrds","floor":22,"turns":2},{"damage":35,"enemies":"Cultist and Chosen","floor":27,"turns":5},{"damage":18,"enemies":"Snake Plant","floor":28,"turns":2},{"damage":34,"enemies":"Gremlin Leader","floor":30,"turns":7}],"seed_played":"2846382450094795158","potions_obtained":[{"floor":1,"key":"LiquidBronze"},{"floor":4,"key":"Energy Potion"},{"floor":6,"key":"FearPotion"},{"floor":11,"key":"Regen Potion"},{"floor":12,"key":"GamblersBrew"},{"floor":18,"key":"SpeedPotion"}],"is_trial":false,"path_per_floor":["M","M","M","M","M","E","R","E","T","R","E","M","R","$","R","B",null,"M","$","?","?","M","R","?","R","T","M","M","$","E"],"character_chosen":"IRONCLAD","items_purchased":["Trip","DollysMirror","Rage"],"campfire_rested":3,"item_purchase_floors":[14,19,29],"current_hp_per_floor":[71,77,80,66,60,31,55,49,49,49,30,23,47,47,71,59,75,59,59,59,59,65,77,62,74,74,45,33,33,0],"gold":20,"neow_bonus":"REMOVE_TWO","is_prod":false,"is_daily":false,"chose_seed":false,"campfire_upgraded":3,"win_rate":0,"timestamp":1554506768,"path_taken":["M","M","M","M","M","E","R","E","T","R","E","M","R","?","R","BOSS","M","$","?","?","M","R","?","R","T","M","M","?","E"],"build_version":"2019-04-04","purchased_purges":0,"victory":false,"max_hp_per_floor":[80,80,80,80,80,80,80,80,80,80,80,80,80,80,80,80,80,80,80,80,80,80,80,85,85,85,85,85,85,85],"card_choices":[{"not_picked":["Ghostly Armor","Clash"],"picked":"Perfected Strike","floor":1},{"not_picked":["Clash","Headbutt"],"picked":"Carnage","floor":2},{"not_picked":["Shrug It Off","Body Slam","Bloodletting"],"picked":"SKIP","floor":3},{"not_picked":["Havoc","Clash"],"picked":"Pummel","floor":4},{"not_picked":["Armaments","Thunderclap"],"picked":"Pummel","floor":5},{"not_picked":["Sever Soul","Iron Wave"],"picked":"Thunderclap","floor":6},{"not_picked":["Disarm","Cleave"],"picked":"Flame Barrier","floor":8},{"not_picked":["Pommel Strike","Carnage","Rage"],"picked":"Bludgeon","floor":11},{"not_picked":["Warcry","Bloodletting","Disarm"],"picked":"Clash","floor":12},{"not_picked":["Immolate","Fiend Fire","Brutality"],"picked":"Feed","floor":16},{"not_picked":["Whirlwind","Anger","Flex"],"picked":"Clash","floor":18},{"not_picked":["Warcry","Anger","Hemokinesis"],"picked":"Flame Barrier","floor":22},{"not_picked":["Shrug It Off","Body Slam","Havoc+1"],"picked":"Flex+1","floor":27},{"not_picked":["Evolve","Sword Boomerang","Feel No Pain+1"],"picked":"Twin Strike","floor":28}],"player_experience":766297,"relics_obtained":[{"floor":6,"key":"Champion Belt"},{"floor":8,"key":"Boot"},{"floor":9,"key":"Question Card"},{"floor":11,"key":"Sundial"},{"floor":26,"key":"Darkstone Periapt"}],"event_choices":[{"damage_healed":0,"gold_gain":0,"player_choice":"Inject Mutagens","damage_taken":0,"relics_obtained":["MutagenicStrength"],"max_hp_gain":0,"max_hp_loss":0,"event_name":"Drug Dealer","floor":20,"gold_loss":0},{"damage_healed":0,"gold_gain":0,"player_choice":"Ignored","damage_taken":0,"max_hp_gain":0,"max_hp_loss":0,"event_name":"Beggar","floor":21,"gold_loss":0},{"damage_healed":0,"gold_gain":0,"player_choice":"Shed Blood","damage_taken":20,"max_hp_gain":5,"max_hp_loss":0,"event_name":"Forgotten Altar","floor":24,"gold_loss":0}],"is_beta":true,"boss_relics":[{"not_picked":["Black Star","Velvet Choker"],"picked":"Eternal Feather"}],"items_purged_floors":[],"is_endless":false,"potions_floor_spawned":[1,4,6,11,12,18],"killed_by":"Gremlin Leader","ascension_level":5}