{"path_per_floor":["M","$","M","$","?","M","E","R","T","?","M","M","M","M","R"],"character_chosen":"DEFECT","items_purchased":[],"gold_per_floor":[112,37,48,48,223,236,268,268,315,315,330,341,354,373,373,373],"floor_reached":16,"campfire_rested":2,"playtime":1017,"current_hp_per_floor":[75,75,75,75,75,75,30,52,52,57,59,22,8,9,33,0],"items_purged":["Defend_B"],"gold":373,"score":104,"play_id":"b35d0b05-e7fc-4fdb-9b6b-93d20e42d5a7","local_time":"20180429231043","is_prod":false,"is_daily":false,"chose_seed":false,"is_ascension_mode":false,"campfire_upgraded":0,"timestamp":1525057843,"path_taken":["M","$","M","$","?","M","E","R","T","?","M","?","M","M","R","BOSS"],"build_version":"2018-04-27v3","seed_source_timestamp":1228097729241565,"purchased_purges":1,"victory":false,"master_deck":["Strike_B","Strike_B","Strike_B","Strike_B","Defend_B","Defend_B","Defend_B","Zap","Dualcast","Melter","White Noise","Doubt","Barrage","Capacitor","Conserve Battery","Leap","Auto Shields"],"max_hp_per_floor":[75,75,75,75,75,75,75,75,75,80,80,80,80,80,80,80],"relics":["Cracked Core","NeowsBlessing","Blood Vial","Dream Catcher"],"card_choices":[{"not_picked":["Beam Cell","Leap"],"picked":"Melter","floor":1},{"not_picked":["Hologram","Stack"],"picked":"White Noise","floor":3},{"not_picked":["Seek","Impulse"],"picked":"Barrage","floor":11},{"not_picked":["Skim","Hologram"],"picked":"Capacitor","floor":12},{"not_picked":["Gash","Go for the Eyes"],"picked":"Conserve Battery","floor":13},{"not_picked":["Blizzard","Impulse"],"picked":"Leap","floor":14},{"not_picked":["Steam Power","Conserve Battery"],"picked":"Auto Shields","floor":15}],"player_experience":58677,"potions_floor_usage":[11,12,14,16],"damage_taken":[{"damage":0,"enemies":"Jaw Worm","floor":1,"turns":1},{"damage":0,"enemies":"2 Louse","floor":3,"turns":1},{"damage":0,"enemies":"Cultist","floor":6,"turns":1},{"damage":45,"enemies":"Lagavulin","floor":7,"turns":7},{"damage":0,"enemies":"Red Slaver","floor":11,"turns":3},{"damage":39,"enemies":"Lots of Slimes","floor":12,"turns":5},{"damage":16,"enemies":"Blue Slaver","floor":13,"turns":4},{"damage":8,"enemies":"Large Slime","floor":14,"turns":6},{"damage":50,"enemies":"The Guardian","floor":16,"turns":8}],"event_choices":[{"event_name":"Liars Game","player_choice":"agreed","floor":5,"damage_taken":0},{"event_name":"Big Fish","player_choice":"Donut","floor":10,"damage_taken":0}],"boss_relics":[],"potions_floor_spawned":[7,11,13,14],"seed_played":"3825338425485535026","killed_by":"The Guardian","ascension_level":0,"is_trial":false}