{"gold_per_floor":[217,230,247,247,257,291,309,309,309,309,338,354,11,11],"floor_reached":14,"playtime":1127,"items_purged":[],"score":122,"play_id":"c5d501e4-8235-4c5f-9280-72acd671e268","local_time":"20190706144758","is_ascension_mode":true,"campfire_choices":[{"floor":8,"key":"REST"},{"floor":10,"key":"REST"}],"neow_cost":"NONE","seed_source_timestamp":1065034063280235,"circlet_count":0,"master_deck":["Strike_R","Strike_R","Strike_R","Strike_R","Strike_R","Defend_R","Defend_R","Defend_R","Defend_R","Bash","Fire Breathing","Uppercut","Whirlwind","Flame Barrier","Perfected Strike","Pommel Strike","Battle Trance"],"relics":["Burning Blood","Strawberry","Kunai","Letter Opener","Ginger"],"potions_floor_usage":[5,11],"damage_taken":[{"damage":1,"enemies":"Cultist","floor":1,"turns":3},{"damage":5,"enemies":"Small Slimes","floor":2,"turns":4},{"damage":13,"enemies":"Jaw Worm","floor":3,"turns":4},{"damage":19,"enemies":"Exordium Thugs","floor":5,"turns":4},{"damage":57,"enemies":"3 Sentries","floor":6,"turns":11},{"damage":13,"enemies":"Large Slime","floor":7,"turns":11},{"damage":42,"enemies":"Lagavulin","floor":11,"turns":9},{"damage":10,"enemies":"3 Louse","floor":12,"turns":4},{"damage":24,"enemies":"Exordium Thugs","floor":14,"turns":2}],"seed_played":"7506149676041217869","potions_obtained":[{"floor":3,"key":"Poison Potion"},{"floor":7,"key":"Dexterity Potion"},{"floor":11,"key":"SpeedPotion"}],"is_trial":false,"path_per_floor":["M","M","M","$","M","E","M","R","T","R","E","M","$","M"],"character_chosen":"IRONCLAD","items_purchased":["Ginger","Battle Trance"],"campfire_rested":2,"item_purchase_floors":[13,13],"current_hp_per_floor":[80,80,73,73,60,16,9,35,35,61,25,21,21,0],"gold":11,"neow_bonus":"HUNDRED_GOLD","is_prod":false,"is_daily":false,"chose_seed":false,"campfire_upgraded":0,"win_rate":0,"timestamp":1562438878,"path_taken":["M","M","M","$","?","E","M","R","T","R","E","M","?","M"],"build_version":"2019-07-05","purchased_purges":0,"victory":false,"max_hp_per_floor":[80,80,80,80,80,87,87,87,87,87,87,87,87,87],"card_choices":[{"not_picked":["Sword Boomerang","Twin Strike","Sever Soul"],"picked":"SKIP","floor":1},{"not_picked":["True Grit","Searing Blow"],"picked":"Fire Breathing","floor":2},{"not_picked":["True Grit","Whirlwind"],"picked":"Uppercut","floor":3},{"not_picked":["Perfected Strike","Havoc"],"picked":"Whirlwind","floor":5},{"not_picked":["Bloodletting","Flex"],"picked":"Flame Barrier","floor":6},{"not_picked":["Havoc","Exhume"],"picked":"Perfected Strike","floor":7},{"not_picked":["Bludgeon","Bloodletting"],"picked":"Pommel Strike","floor":11},{"not_picked":["Reckless Charge","Clothesline","Anger"],"picked":"SKIP","floor":12}],"player_experience":213178,"relics_obtained":[{"floor":6,"key":"Strawberry"},{"floor":9,"key":"Kunai"},{"floor":11,"key":"Letter Opener"}],"event_choices":[],"is_beta":false,"boss_relics":[],"items_purged_floors":[],"is_endless":false,"potions_floor_spawned":[3,7,11],"killed_by":"Exordium Thugs","ascension_level":4}