{"gold_per_floor":[115,115,115,135,154,154,179,194,217,242,242,29,62,12,12,111,111,131,147,147,247,247],"floor_reached":22,"playtime":2483,"items_purged":[],"score":315,"play_id":"8d477cd9-23bc-4c50-90ae-3a6c39d65a37","local_time":"20190404061310","is_ascension_mode":true,"campfire_choices":[{"data":"Fire Breathing","floor":6,"key":"SMITH"},{"floor":11,"key":"REST"},{"floor":15,"key":"REST"}],"neow_cost":"NONE","seed_source_timestamp":1443942593103400,"circlet_count":0,"master_deck":["Strike_R","Strike_R","Strike_R","Strike_R","Defend_R","Defend_R","Defend_R","Bash","Fire Breathing","Dual Wield","Fire Breathing+1","Body Slam","Clash","Barricade","Anger","Sever Soul","Madness","Cleave+1","Shrug It Off","Juggernaut","Sever Soul+1","Second Wind+1"],"relics":["Burning Blood","Bag of Preparation","Ancient Tea Set","Omamori","PreservedInsect","Molten Egg 2","Mark of Pain"],"potions_floor_usage":[4,7,13,16,22],"damage_taken":[{"damage":3,"enemies":"Jaw Worm","floor":1,"turns":6},{"damage":1,"enemies":"Small Slimes","floor":4,"turns":4},{"damage":14,"enemies":"Cultist","floor":5,"turns":5},{"damage":35,"enemies":"3 Sentries","floor":7,"turns":7},{"damage":18,"enemies":"Lots of Slimes","floor":8,"turns":3},{"damage":10,"enemies":"Gremlin Nob","floor":10,"turns":3},{"damage":21,"enemies":"3 Sentries","floor":13,"turns":5},{"damage":0,"enemies":"Slime Boss","floor":16,"turns":6},{"damage":42,"enemies":"Shell Parasite","floor":18,"turns":7},{"damage":30,"enemies":"Spheric Guardian","floor":19,"turns":4},{"damage":23,"enemies":"Centurion and Healer","floor":22,"turns":4}],"seed_played":"5863518779868181376","potions_obtained":[{"floor":1,"key":"SkillPotion"},{"floor":5,"key":"SteroidPotion"},{"floor":10,"key":"PowerPotion"},{"floor":13,"key":"Strength Potion"},{"floor":19,"key":"Block Potion"}],"is_trial":false,"path_per_floor":["M","?","?","M","M","R","E","M","T","E","R","$","E","$","R","B",null,"M","M","?","?","M"],"character_chosen":"IRONCLAD","items_purchased":["Anger","Sever Soul","Madness","Shrug It Off"],"campfire_rested":2,"item_purchase_floors":[12,12,12,14],"current_hp_per_floor":[80,68,68,73,65,65,36,24,24,20,44,44,29,29,53,59,75,39,15,15,15,0],"gold":247,"neow_bonus":"THREE_CARDS","is_prod":false,"is_daily":false,"chose_seed":false,"campfire_upgraded":1,"win_rate":0,"timestamp":1554372790,"path_taken":["M","?","?","?","M","R","E","M","T","E","R","$","E","?","R","BOSS","M","M","?","?","?"],"build_version":"2019-03-15","purchased_purges":0,"victory":false,"max_hp_per_floor":[80,80,80,80,80,80,80,80,80,80,80,80,80,80,80,80,80,80,80,80,80,80],"card_choices":[{"not_picked":["Clash","Ghostly Armor"],"picked":"Fire Breathing","floor":0},{"not_picked":["Bloodletting","Headbutt"],"picked":"Dual Wield","floor":1},{"not_picked":["Iron Wave","True Grit"],"picked":"Fire Breathing","floor":4},{"not_picked":["Battle Trance","Hemokinesis"],"picked":"Body Slam","floor":5},{"not_picked":["Spot Weakness","Whirlwind"],"picked":"Clash","floor":7},{"not_picked":["Searing Blow","Thunderclap","Blood for Blood"],"picked":"SKIP","floor":8},{"not_picked":["Havoc","Pummel"],"picked":"Barricade","floor":10},{"not_picked":["Intimidate","Shrug It Off"],"picked":"Cleave","floor":13},{"not_picked":["Exhume","Impervious"],"picked":"Juggernaut","floor":16},{"not_picked":["Twin Strike+1","Hemokinesis+1"],"picked":"Sever Soul+1","floor":18},{"not_picked":["Combust","Heavy Blade+1"],"picked":"Second Wind+1","floor":19}],"player_experience":760234,"relics_obtained":[{"floor":7,"key":"Ancient Tea Set"},{"floor":9,"key":"Omamori"},{"floor":10,"key":"PreservedInsect"},{"floor":13,"key":"Molten Egg 2"}],"event_choices":[{"damage_healed":0,"gold_gain":0,"player_choice":"Success","damage_taken":12,"relics_obtained":["Bag of Preparation"],"max_hp_gain":0,"max_hp_loss":0,"event_name":"Scrap Ooze","floor":2,"gold_loss":0},{"cards_removed":["Defend_R"],"damage_healed":0,"gold_gain":0,"player_choice":"Purged","damage_taken":0,"max_hp_gain":0,"max_hp_loss":0,"event_name":"Purifier","floor":3,"gold_loss":0},{"cards_removed":["Strike_R"],"damage_healed":0,"gold_gain":0,"player_choice":"Elegance","damage_taken":0,"max_hp_gain":0,"max_hp_loss":0,"event_name":"Back to Basics","floor":20,"gold_loss":0},{"damage_healed":0,"gold_gain":100,"player_choice":"Pray","damage_taken":0,"max_hp_gain":0,"max_hp_loss":0,"event_name":"Golden Shrine","floor":21,"gold_loss":0}],"is_beta":true,"boss_relics":[{"not_picked":["Ectoplasm","Eternal Feather"],"picked":"Mark of Pain"}],"items_purged_floors":[],"is_endless":false,"potions_floor_spawned":[1,5,10,13,19],"killed_by":"Centurion and Healer","ascension_level":5}