{"path_per_floor":["?","?","?","?","?","?","?","?","?","?","?","?","?","?","?","B",null,"?","?","?","?","?","?","?","?","?","?"],"character_chosen":"IRONCLAD","items_purchased":["Rampage","Ice Cream"],"gold_per_floor":[114,129,129,144,159,159,174,249,324,339,354,20,35,35,35,135,135,150,150,50,50,35,35,65,65,140,155],"floor_reached":28,"campfire_rested":2,"playtime":1583,"current_hp_per_floor":[80,80,80,80,80,80,80,80,80,80,80,80,80,87,87,66,87,87,87,87,87,70,87,14,31,31,12],"items_purged":[],"gold":155,"score":232,"play_id":"e6c3f022-30dc-4893-acc4-c590842ad5d1","local_time":"20180307200633","daily_mods":[{"name":"Shiny","description":"Start with 1 Rare card.","modID":"Shiny","img":{"data":{"file":{"file":{"path":"images\\ui\\run_mods\\shiny.png"},"type":"Internal"},"width":64,"height":64,"format":"RGBA8888","useMipMaps":false,"isPrepared":false},"glTarget":3553,"glHandle":682,"minFilter":"Linear","magFilter":"Linear","uWrap":"ClampToEdge","vWrap":"ClampToEdge"},"positive":true},{"name":"Uncertain Future","description":"The map shows only ?.","modID":"Uncertain Future","img":{"data":{"file":{"file":{"path":"images\\ui\\run_mods\\uncertain_future.png"},"type":"Internal"},"width":64,"height":64,"format":"RGBA8888","useMipMaps":false,"isPrepared":false},"glTarget":3553,"glHandle":679,"minFilter":"Linear","magFilter":"Linear","uWrap":"ClampToEdge","vWrap":"ClampToEdge"},"positive":false},{"name":"Night Terrors","description":"Resting at Rest Sites heals 20% of your HP, rather than 30%.","modID":"Night Terrors","img":{"data":{"file":{"file":{"path":"images\\ui\\run_mods\\night_terrors.png"},"type":"Internal"},"width":64,"height":64,"format":"RGBA8888","useMipMaps":false,"isPrepared":false},"glTarget":3553,"glHandle":678,"minFilter":"Linear","magFilter":"Linear","uWrap":"ClampToEdge","vWrap":"ClampToEdge"},"positive":false},{"name":"Vintage","description":"The Merchant\u0027s prices are increased by 25%.","modID":"Vintage","img":{"data":{"file":{"file":{"path":"images\\ui\\run_mods\\vintage.png"},"type":"Internal"},"width":64,"height":64,"format":"RGBA8888","useMipMaps":false,"isPrepared":false},"glTarget":3553,"glHandle":677,"minFilter":"Linear","magFilter":"Linear","uWrap":"ClampToEdge","vWrap":"ClampToEdge"},"positive":false}],"is_prod":false,"is_daily":true,"is_ascension_mode":false,"campfire_upgraded":2,"timestamp":1520471193,"path_taken":["?","?","?","?","?","?","?","?","?","?","?","?","?","?","?","BOSS","?","?","?","?","?","?","?","?","?","?","?"],"build_version":"2018-03-01-PROD1","purchased_purges":0,"victory":false,"master_deck":["Strike_R","Strike_R","Strike_R","Strike_R","Strike_R","Defend_R","Defend_R","Defend_R","Defend_R","Demon Form+1","Iron Wave","Clash","Jack Of All Trades+1","Infernal Blade","Perfected Strike","Wild Strike","Reckless Charge","Demon Form","Clash","Rampage","Thunderclap","Offering","Infernal Blade","J.A.X.","Seeing Red"],"max_hp_per_floor":[80,80,80,80,80,80,80,80,80,80,80,80,80,87,87,87,87,87,87,87,87,87,87,89,89,89,91],"relics":["Burning Blood","The Courier","Toolbox","Ice Cream","Strawberry","White Beast Statue","Shuriken","Singing Bowl","Smiling Mask"],"card_choices":[{"not_picked":["Anger","Heavy Blade"],"picked":"Iron Wave"},{"not_picked":["Sword Boomerang","Cleave"],"picked":"Clash"},{"not_picked":["Intimidate","Body Slam"],"picked":"Perfected Strike"},{"not_picked":["Flame Barrier","Hemokinesis"],"picked":"Wild Strike"},{"not_picked":["Heavy Blade","Sever Soul"],"picked":"Reckless Charge"},{"not_picked":["Uppercut","Cleave"],"picked":"Demon Form"},{"not_picked":["Wild Strike","Combust"],"picked":"Clash"},{"not_picked":["Iron Wave","Anger"],"picked":"Thunderclap"},{"not_picked":["Dark Embrace","Barricade"],"picked":"Offering"},{"not_picked":["Clash","Shrug It Off"],"picked":"Infernal Blade"},{"not_picked":["Anger","Metallicize"],"picked":"Seeing Red"}],"player_experience":298506,"potions_floor_usage":[13,16,16,24,27,28,28],"damage_taken":[{"damage":4,"enemies":"2 Louse","floor":1,"turns":5},{"damage":1,"enemies":"Cultist","floor":2,"turns":4},{"damage":1,"enemies":"Jaw Worm","floor":4,"turns":2},{"damage":0,"enemies":"Exordium Wildlife","floor":5,"turns":3},{"damage":0,"enemies":"2 Fungi Beasts","floor":7,"turns":4},{"damage":0,"enemies":"Blue Slaver","floor":10,"turns":2},{"damage":0,"enemies":"Large Slime","floor":11,"turns":5},{"damage":1,"enemies":"2 Fungi Beasts","floor":13,"turns":3},{"damage":27,"enemies":"Slime Boss","floor":16,"turns":5},{"damage":0,"enemies":"Spheric Guardian","floor":18,"turns":3},{"damage":23,"enemies":"2 Thieves","floor":22,"turns":4},{"damage":81,"enemies":"Slavers","floor":24,"turns":5},{"damage":27,"enemies":"3 Cultists","floor":27,"turns":4},{"damage":15,"enemies":"Centurion and Healer","floor":28,"turns":3}],"event_choices":[{"event_name":"Match and Keep!","player_choice":"2 cards matched","floor":3,"damage_taken":0},{"event_name":"Dead Adventurer","player_choice":"Searched \u00271\u0027 times","floor":14,"damage_taken":0},{"event_name":"The Mausoleum","player_choice":"Yes","floor":19,"damage_taken":0},{"event_name":"Drug Dealer","player_choice":"Got JAXXED","floor":20,"damage_taken":0},{"event_name":"Back to Basics","player_choice":"Elegance","floor":21,"damage_taken":0}],"boss_relics":[{"not_picked":["Cursed Key","Eternal Feather"],"picked":"White Beast Statue"}],"potions_floor_spawned":[2,7,10,18,22,24,27],"seed_played":"-8756636655409120335","killed_by":"Centurion and Healer","ascension_level":0,"is_trial":false}