{"path_per_floor":["M","?","$","M","$","E","M","E","T","?","M","R","$","M","R"],"character_chosen":"IRONCLAD","items_purchased":["Searing Blow","Lee\u0027s Waffle"],"gold_per_floor":[113,188,108,119,44,77,95,123,180,355,371,371,68,78,78,78],"floor_reached":16,"campfire_rested":1,"playtime":846,"current_hp_per_floor":[80,69,69,75,75,80,80,50,50,50,26,50,87,87,87,0],"items_purged":["Strike_R","Doubt"],"gold":78,"score":135,"play_id":"083515b4-80b0-4bb6-9d99-8229dbe620c0","local_time":"20180416194939","is_prod":false,"is_daily":false,"chose_seed":false,"is_ascension_mode":false,"campfire_upgraded":1,"timestamp":1523922579,"path_taken":["M","?","$","M","?","E","M","E","T","?","M","R","$","M","R","BOSS"],"build_version":"2018-04-12","seed_source_timestamp":93032002212501,"purchased_purges":2,"victory":false,"master_deck":["Strike_R","Strike_R","Strike_R","Strike_R","Defend_R","Defend_R","Defend_R","Defend_R","Bash","Metallicize","Searing Blow","Battle Trance","Barricade+1","Pommel Strike","Armaments","Limit Break"],"max_hp_per_floor":[80,80,80,80,80,80,80,80,80,80,80,80,87,87,87,87],"relics":["Burning Blood","NeowsBlessing","Dream Catcher","Ornamental Fan","Tiny Chest","Lee\u0027s Waffle"],"card_choices":[{"not_picked":["Armaments","Burning Pact"],"picked":"Metallicize","floor":1},{"not_picked":["Entrench","True Grit"],"picked":"Battle Trance","floor":4},{"not_picked":["Offering","Clash"],"picked":"Barricade","floor":6},{"not_picked":["Feel No Pain","Headbutt"],"picked":"Pommel Strike","floor":7},{"not_picked":["Warcry","Flex"],"picked":"Armaments","floor":12},{"not_picked":["Flex","True Grit"],"picked":"Limit Break","floor":14}],"player_experience":670263,"potions_floor_usage":[7,14],"damage_taken":[{"damage":0,"enemies":"Small Slimes","floor":1,"turns":1},{"damage":0,"enemies":"Jaw Worm","floor":4,"turns":1},{"damage":0,"enemies":"Gremlin Nob","floor":6,"turns":1},{"damage":0,"enemies":"2 Louse","floor":7,"turns":4},{"damage":36,"enemies":"3 Sentries","floor":8,"turns":11},{"damage":30,"enemies":"Lots of Slimes","floor":11,"turns":8},{"damage":6,"enemies":"Exordium Wildlife","floor":14,"turns":7},{"damage":87,"enemies":"Hexaghost","floor":16,"turns":15}],"event_choices":[{"event_name":"World of Goop","player_choice":"Gather Gold","floor":2,"damage_taken":0},{"event_name":"Liars Game","player_choice":"agreed","floor":10,"damage_taken":0}],"boss_relics":[],"potions_floor_spawned":[4,6,11],"seed_played":"5152907586750180026","killed_by":"Hexaghost","ascension_level":0,"is_trial":false}