{"gold_per_floor":[119,137,149,299,299,328,84,84],"floor_reached":8,"playtime":278,"items_purged":["Normality"],"score":104,"play_id":"c5dd04ad-d559-4c03-ae06-58138d22a697","local_time":"20190205115937","is_ascension_mode":true,"campfire_choices":[],"neow_cost":"CURSE","seed_source_timestamp":247118219759485,"circlet_count":0,"master_deck":["AscendersBane","Strike_R","Strike_R","Strike_R","Strike_R","Strike_R","Defend_R","Defend_R","Defend_R","Defend_R","Bash","Reaper","Twin Strike","Carnage","Armaments","Ghostly Armor","Immolate"],"relics":["Burning Blood","Dodecahedron"],"potions_floor_usage":[],"damage_taken":[{"damage":1,"enemies":"Small Slimes","floor":1,"turns":4},{"damage":8,"enemies":"2 Louse","floor":2,"turns":2},{"damage":19,"enemies":"Jaw Worm","floor":3,"turns":4},{"damage":45,"enemies":"3 Sentries","floor":6,"turns":9},{"damage":59,"enemies":"Lagavulin","floor":8,"turns":6}],"seed_played":"8465241424142322677","potions_obtained":[],"is_trial":false,"path_per_floor":["M","M","M","?","?","E","$","E"],"character_chosen":"IRONCLAD","items_purchased":["Immolate"],"campfire_rested":0,"item_purchase_floors":[7],"current_hp_per_floor":[75,73,64,64,64,36,36,0],"gold":84,"neow_bonus":"THREE_RARE_CARDS","is_prod":false,"is_daily":false,"chose_seed":false,"campfire_upgraded":0,"win_rate":0,"timestamp":1549364377,"path_taken":["M","M","M","?","?","E","$","E"],"build_version":"2019-01-23","purchased_purges":1,"victory":false,"max_hp_per_floor":[75,75,75,75,75,75,75,75],"card_choices":[{"not_picked":["Berserk","Fiend Fire"],"picked":"Reaper","floor":0},{"not_picked":["Havoc","Pommel Strike"],"picked":"Twin Strike","floor":1},{"not_picked":["Entrench","Spot Weakness"],"picked":"Carnage","floor":2},{"not_picked":["Heavy Blade","Perfected Strike"],"picked":"Armaments","floor":3},{"not_picked":["Entrench","Pommel Strike"],"picked":"Ghostly Armor","floor":6}],"player_experience":496552,"relics_obtained":[{"floor":6,"key":"Dodecahedron"}],"event_choices":[{"damage_healed":0,"gold_gain":150,"player_choice":"AGREE","damage_taken":0,"max_hp_gain":0,"max_hp_loss":0,"event_name":"Liars Game","floor":4,"gold_loss":0,"cards_obtained":["Doubt"]},{"cards_removed":["Doubt"],"damage_healed":0,"gold_gain":0,"player_choice":"Forget","damage_taken":0,"max_hp_gain":0,"max_hp_loss":0,"event_name":"Living Wall","floor":5,"gold_loss":0}],"is_beta":false,"boss_relics":[],"items_purged_floors":[7],"is_endless":false,"potions_floor_spawned":[],"killed_by":"Lagavulin","ascension_level":17}