{"gold_per_floor":[109,129,54,68,78,78,97,128,153,153,166,166,182,213,213,213],"floor_reached":16,"playtime":494,"items_purged":[],"score":228,"play_id":"ba87ca5e-d33f-4748-8b5f-6de3b3351b5c","local_time":"20181111190826","is_ascension_mode":true,"campfire_choices":[{"data":"Go for the Eyes","floor":6,"key":"SMITH"},{"data":"Sweeping Beam","floor":10,"key":"SMITH"},{"data":"Zap","floor":15,"key":"SMITH"}],"neow_cost":"NONE","seed_source_timestamp":117502183801997,"circlet_count":0,"master_deck":["AscendersBane","Strike_B+1","Strike_B+1","Strike_B","Defend_B","Defend_B","Defend_B","Defend_B","Zap+1","Dualcast","Go for the Eyes+1","Glacier","Genetic Algorithm","Sweeping Beam+1","Ball Lightning","Loop+1"],"special_seed":0,"relics":["Cracked Core","Orichalcum","Boot","Centennial Puzzle","Whetstone"],"potions_floor_usage":[8,16],"damage_taken":[{"damage":0.0,"enemies":"Cultist","floor":1.0,"turns":3.0},{"damage":2.0,"enemies":"2 Louse","floor":2.0,"turns":3.0},{"damage":5.0,"enemies":"Jaw Worm","floor":4.0,"turns":4.0},{"damage":2,"enemies":"Looter","floor":5,"turns":3},{"damage":0,"enemies":"Blue Slaver","floor":7,"turns":4},{"damage":11,"enemies":"Gremlin Nob","floor":8,"turns":4},{"damage":7,"enemies":"3 Louse","floor":11,"turns":3},{"damage":12,"enemies":"Gremlin Gang","floor":13,"turns":3},{"damage":9,"enemies":"Lagavulin","floor":14,"turns":5},{"damage":22,"enemies":"Hexaghost","floor":16,"turns":9}],"seed_played":"-457071474413800172","potions_obtained":[{"floor":1.0,"key":"Energy Potion"},{"floor":7,"key":"Poison Potion"},{"floor":8,"key":"Weak Potion"},{"floor":14,"key":"Fruit Juice"}],"is_trial":false,"path_per_floor":["M","M","?","M","M","R","M","E","T","R","M","?","M","E","R","B"],"character_chosen":"DEFECT","items_purchased":[],"campfire_rested":0,"item_purchase_floors":[],"current_hp_per_floor":[64,62,62,57,55,55,55,44,44,44,37,37,25,16,16,0],"gold":213,"neow_bonus":"RANDOM_COMMON_RELIC","is_prod":false,"is_daily":false,"chose_seed":false,"campfire_upgraded":3,"win_rate":0,"timestamp":1541988506,"path_taken":["M","M","?","M","M","R","M","E","T","R","M","?","?","E","R","BOSS"],"build_version":"2018-11-08","purchased_purges":0,"victory":false,"max_hp_per_floor":[71,71,71,71,71,71,71,71,71,71,71,71,71,71,71,76],"card_choices":[{"not_picked":["Lockon","Conserve Battery"],"picked":"Go for the Eyes","floor":1.0},{"not_picked":["Barrage","Rebound","Hologram"],"picked":"SKIP","floor":2.0},{"not_picked":["Tempest","Redo"],"picked":"Glacier","floor":4.0},{"not_picked":["Redo","Reinforced Body"],"picked":"Genetic Algorithm","floor":5},{"not_picked":["Chill","Buffer"],"picked":"Sweeping Beam","floor":7},{"not_picked":["Sweeping Beam","Streamline"],"picked":"Ball Lightning","floor":8},{"not_picked":["Steam","Go for the Eyes"],"picked":"Loop","floor":11},{"not_picked":["Barrage","Doom and Gloom","Leap"],"picked":"SKIP","floor":13},{"not_picked":["Loop","Coolheaded","Chaos"],"picked":"SKIP","floor":14}],"player_experience":619245,"relics_obtained":[{"floor":8,"key":"Boot"},{"floor":9,"key":"Centennial Puzzle"},{"floor":14,"key":"Whetstone"}],"event_choices":[{"cards_removed":["Strike_B"],"damage_healed":0.0,"max_hp_gain":0.0,"max_hp_loss":0.0,"gold_gain":0.0,"event_name":"The Cleric","player_choice":"Card Removal","floor":3.0,"gold_loss":75.0,"damage_taken":0.0},{"damage_healed":0,"gold_gain":0,"player_choice":"Forge","damage_taken":0,"max_hp_gain":0,"max_hp_loss":0,"event_name":"Accursed Blacksmith","floor":12,"gold_loss":0,"cards_upgraded":["Loop"]}],"is_beta":false,"boss_relics":[],"items_purged_floors":[],"is_endless":false,"potions_floor_spawned":[1,7,8,11,14],"killed_by":"Hexaghost","ascension_level":20}