{"path_per_floor":["M","?","M","?","M","R","M","M","T","M","$","M","M","?","R","B",null,"M","?","M","$","M","R","E","R","T","?","M","M","R","$","R","B",null,"M","M","?","M"],"character_chosen":"THE_SILENT","items_purchased":["Footwork","Ice Cream","Tiny Chest","Accuracy"],"gold_per_floor":[114,114,129,129,144,144,159,174,224,239,202,217,232,407,407,507,507,522,447,462,42,57,57,87,87,87,87,102,117,117,46,46,146,146,161,176,176,191,191],"floor_reached":39,"campfire_rested":3,"playtime":2750,"current_hp_per_floor":[63,60,57,57,57,57,50,50,56,56,56,55,55,61,61,44,70,61,61,61,61,36,55,18,36,42,30,30,32,52,52,52,38,70,65,48,39,17,0],"items_purged":[],"gold":191,"score":422,"play_id":"12ef96ef-b1fb-46ce-8692-e9641c5233a0","local_time":"20180415154036","daily_mods":["Shiny","Cursed Run","Terminal"],"is_prod":false,"is_daily":true,"chose_seed":false,"is_ascension_mode":false,"campfire_upgraded":3,"timestamp":1523821236,"path_taken":["M","?","?","?","M","R","M","M","T","M","$","M","M","?","R","BOSS","M","?","M","?","?","R","E","R","T","?","M","M","R","$","R","BOSS","M","M","?","?","M"],"build_version":"2018-04-12","seed_source_timestamp":0,"purchased_purges":0,"victory":false,"master_deck":["Adrenaline","Envenom+1","Doppelganger","Burst","Wraith Form v2","Venomology","Corpse Explosion","Tools of the Trade","Night Terror+1","Phantasmal Killer","Unload","After Image","Tactician","Bullet Time+1","Storm of Steel","Glass Knife","Die Die Die","A Thousand Cuts","Grand Finale","Tactician","Backstab","Distraction","Doubt","Grand Finale","Footwork","Deadly Poison","Doubt","Night Terror+1","Backstab","Accuracy","Slice","Envenom","Outmaneuver","Adrenaline","Skewer+1","Decay","Accuracy","Parasite","Night Terror","Concentrate","Madness","Madness"],"max_hp_per_floor":[68,67,66,65,64,63,62,61,66,65,64,63,62,67,66,71,70,69,68,67,66,65,64,63,62,67,71,70,69,68,67,66,71,70,69,68,67,66,66],"relics":["Cursed Key","Darkstone Periapt","Du-Vu Doll","Bronze Scales","Bag of Preparation","Orrery","Ice Cream","Tiny Chest","Pen Nib","Toolbox","Sozu"],"card_choices":[{"not_picked":["Riddle With Holes","Acrobatics"],"picked":"Tactician","floor":3},{"not_picked":["Slice","Deadly Poison"],"picked":"Backstab","floor":5},{"not_picked":["Heel Hook","Bane"],"picked":"Distraction","floor":8},{"not_picked":["Endless Agony","Crippling Poison"],"picked":"Grand Finale","floor":10},{"not_picked":["Sucker Punch","Acrobatics"],"picked":"Deadly Poison","floor":12},{"not_picked":["Storm of Steel","Tactician"],"picked":"Night Terror","floor":16},{"not_picked":["Deadly Poison","Deflect"],"picked":"Backstab","floor":17},{"not_picked":["Underhanded Strike","Slice"],"picked":"Accuracy","floor":17},{"not_picked":["Sucker Punch","Quick Slash"],"picked":"Slice","floor":17},{"not_picked":["Acrobatics","Quick Slash"],"picked":"Envenom","floor":17},{"not_picked":["Dagger Spray","Sucker Punch"],"picked":"Outmaneuver","floor":17},{"not_picked":["Quick Slash","Endless Agony"],"picked":"Adrenaline","floor":22},{"not_picked":["Leg Sweep","Predator"],"picked":"Skewer","floor":24},{"not_picked":["Tactician","Envenom"],"picked":"Night Terror","floor":33},{"not_picked":["Sucker Punch","Dodge and Roll"],"picked":"Concentrate","floor":35}],"player_experience":640747,"potions_floor_usage":[5,10,10,10,10,12,13,16,16,18,22,24,29,29,33],"damage_taken":[{"damage":6,"enemies":"Jaw Worm","floor":1,"turns":2},{"damage":3,"enemies":"Small Slimes","floor":3,"turns":3},{"damage":0,"enemies":"Cultist","floor":5,"turns":3},{"damage":7,"enemies":"Blue Slaver","floor":7,"turns":2},{"damage":0,"enemies":"Lots of Slimes","floor":8,"turns":1},{"damage":0,"enemies":"Large Slime","floor":10,"turns":4},{"damage":1,"enemies":"Exordium Thugs","floor":12,"turns":3},{"damage":0,"enemies":"Exordium Wildlife","floor":13,"turns":2},{"damage":23,"enemies":"The Guardian","floor":16,"turns":8},{"damage":9,"enemies":"3 Byrds","floor":18,"turns":5},{"damage":0,"enemies":"Spheric Guardian","floor":20,"turns":3},{"damage":34,"enemies":"3 Cultists","floor":22,"turns":6},{"damage":37,"enemies":"Gremlin Leader","floor":24,"turns":7},{"damage":0,"enemies":"Snecko","floor":28,"turns":3},{"damage":2,"enemies":"Chosen and Byrds","floor":29,"turns":7},{"damage":20,"enemies":"Champ","floor":33,"turns":8},{"damage":5,"enemies":"Orb Walker","floor":35,"turns":2},{"damage":17,"enemies":"3 Shapes","floor":36,"turns":4},{"damage":22,"enemies":"3 Darklings","floor":38,"turns":6},{"damage":20,"enemies":"Maw","floor":39,"turns":2}],"event_choices":[{"event_name":"Scrap Ooze","player_choice":"success","floor":2,"damage_taken":3},{"event_name":"Living Wall","player_choice":"Grow","floor":4,"damage_taken":0},{"event_name":"Liars Game","player_choice":"agreed","floor":14,"damage_taken":0},{"event_name":"Beggar","player_choice":"Gave Gold","floor":19,"damage_taken":0},{"event_name":"Forgotten Altar","player_choice":"Shed Blood","floor":27,"damage_taken":0},{"event_name":"Winding Halls","player_choice":"Embrace Madness","floor":37,"damage_taken":0}],"boss_relics":[{"not_picked":["Black Star","Eternal Feather"],"picked":"Orrery"},{"not_picked":["Velvet Choker","Runic Pyramid"],"picked":"Sozu"}],"potions_floor_spawned":[5,8,10,16,28,35,36,38],"seed_played":"-1933974520208401120","killed_by":"Maw","ascension_level":0,"is_trial":false}