{"gold_per_floor":[115,128,146,221,61,61,86,86,86,116,135,145,158,158,158,253,253,178,178,178,178,178,178,178,178,178,178,178,178,178,178,178,178,178,178,178,178,8,8,8,8,8,8,8,8,8,8,8,8,8],"floor_reached":50,"playtime":4737,"items_purged":["Strike_B","Pain"],"score":508,"play_id":"17571c5b-b3ca-45bf-ab84-81945706adf4","local_time":"20190619191325","is_ascension_mode":true,"campfire_choices":[{"data":"Defragment","floor":6,"key":"SMITH"},{"data":"Seek","floor":8,"key":"SMITH"},{"data":"Coolheaded","floor":15,"key":"SMITH"},{"data":"Loop","floor":23,"key":"SMITH"},{"floor":30,"key":"REST"},{"floor":32,"key":"DIG"},{"data":"Defragment","floor":40,"key":"SMITH"},{"data":"Amplify","floor":44,"key":"SMITH"},{"floor":49,"key":"DIG"}],"neow_cost":"NONE","seed_source_timestamp":5593930510374685,"circlet_count":0,"master_deck":["Strike_B","Strike_B","Defend_B","Defend_B","Defend_B","Defend_B","Zap","Dualcast","Loop+1","Steam","Cold Snap","Defragment+1","Coolheaded+1","Seek+1","Cold Snap","Compile Driver","Stack","Machine Learning","Capacitor+1","Glacier","Amplify+1","Blizzard+1","Defragment+1","Barrage+1","Force Field+1","Aggregate+1","White Noise+1","Doubt"],"relics":["Cracked Core","NeowsBlessing","Blue Candle","Bronze Scales","Odd Mushroom","Juzu Bracelet","Ectoplasm","MutagenicStrength","WarpedTongs","Orichalcum","Shovel","Gremlin Horn","White Beast Statue","Frozen Egg 2","Nunchaku"],"potions_floor_usage":[45,50],"damage_taken":[{"damage":0,"enemies":"Cultist","floor":1,"turns":1},{"damage":0,"enemies":"Small Slimes","floor":2,"turns":1},{"damage":0,"enemies":"2 Louse","floor":3,"turns":1},{"damage":5,"enemies":"3 Sentries","floor":7,"turns":10},{"damage":12,"enemies":"The Mushroom Lair","floor":10,"turns":5},{"damage":8,"enemies":"Exordium Wildlife","floor":11,"turns":5},{"damage":1,"enemies":"Exordium Thugs","floor":12,"turns":5},{"damage":0,"enemies":"Large Slime","floor":13,"turns":6},{"damage":15,"enemies":"Slime Boss","floor":16,"turns":16},{"damage":6,"enemies":"2 Thieves","floor":18,"turns":4},{"damage":0,"enemies":"Spheric Guardian","floor":19,"turns":4},{"damage":28,"enemies":"Gremlin Leader","floor":27,"turns":7},{"damage":12,"enemies":"Centurion and Healer","floor":29,"turns":10},{"damage":31,"enemies":"Collector","floor":33,"turns":18},{"damage":12,"enemies":"3 Darklings","floor":35,"turns":9},{"damage":6,"enemies":"Orb Walker","floor":37,"turns":6},{"damage":0,"enemies":"Maw","floor":41,"turns":9},{"damage":0,"enemies":"Spire Growth","floor":42,"turns":5},{"damage":24,"enemies":"Jaw Worm Horde","floor":45,"turns":5},{"damage":10,"enemies":"3 Darklings","floor":47,"turns":5},{"damage":74,"enemies":"Awakened One","floor":50,"turns":6}],"seed_played":"-4098928210955670159","potions_obtained":[{"floor":1,"key":"LiquidBronze"},{"floor":3,"key":"Strength Potion"},{"floor":11,"key":"Strength Potion"},{"floor":12,"key":"Fire Potion"},{"floor":19,"key":"Energy Potion"},{"floor":41,"key":"Block Potion"},{"floor":45,"key":"SpeedPotion"}],"is_trial":false,"path_per_floor":["M","M","M","?","$","R","E","R","T","?","M","M","M","T","R","B",null,"M","M","?","?","?","R","?","?","T","E","$","M","R","?","R","B",null,"M","?","M","$","?","R","M","M","T","R","M","$","M","?","R","B"],"character_chosen":"DEFECT","items_purchased":["Defragment","Coolheaded","Defragment"],"campfire_rested":1,"item_purchase_floors":[5,5,38],"current_hp_per_floor":[75,75,75,64,64,64,59,59,59,47,39,38,38,38,38,23,75,69,69,55,55,55,55,55,55,55,27,27,15,37,37,37,6,75,63,63,57,57,57,57,57,57,57,57,33,33,23,71,71,0],"gold":8,"neow_bonus":"THREE_ENEMY_KILL","is_prod":false,"is_daily":false,"chose_seed":false,"campfire_upgraded":6,"win_rate":0,"timestamp":1560989605,"path_taken":["M","?","M","?","$","R","E","R","T","?","M","M","?","?","R","BOSS","M","M","?","?","?","R","?","?","T","E","$","M","R","?","R","BOSS","M","?","M","$","?","R","M","M","T","R","M","?","M","?","R","BOSS"],"build_version":"2019-01-23","purchased_purges":2,"victory":false,"max_hp_per_floor":[75,75,75,75,75,75,75,75,75,75,75,75,75,75,75,75,75,75,75,75,75,75,75,75,75,75,75,75,75,75,75,75,75,75,75,71,71,71,71,71,71,71,71,71,71,71,71,71,71,71],"card_choices":[{"not_picked":["Sunder","Streamline"],"picked":"Loop","floor":1},{"not_picked":["Glacier","Reinforced Body"],"picked":"Steam","floor":2},{"not_picked":["Scrape","Heatsinks"],"picked":"Cold Snap","floor":3},{"not_picked":["Chaos","Redo"],"picked":"Seek","floor":7},{"not_picked":["Beam Cell","Stack"],"picked":"Cold Snap","floor":10},{"not_picked":["Aggregate","Rebound"],"picked":"Compile Driver","floor":11},{"not_picked":["Fission","Leap"],"picked":"Stack","floor":12},{"not_picked":["Sweeping Beam","Ball Lightning","Static Discharge"],"picked":"SKIP","floor":13},{"not_picked":["Seek","Electrodynamics"],"picked":"Machine Learning","floor":16},{"not_picked":["Darkness","Scrape"],"picked":"FTL","floor":18},{"not_picked":["Conserve Battery","Turbo"],"picked":"Capacitor+1","floor":19},{"not_picked":["Leap+1","Lockon"],"picked":"Glacier","floor":27},{"not_picked":["White Noise","Coolheaded","Reprogram"],"picked":"SKIP","floor":29},{"not_picked":["Biased Cognition","Fission"],"picked":"Amplify","floor":33},{"not_picked":["Beam Cell+1","Barrage"],"picked":"Blizzard+1","floor":35},{"not_picked":["Steam Power","Turbo","Redo"],"picked":"SKIP","floor":37},{"not_picked":["Doom and Gloom+1","Streamline"],"picked":"Barrage+1","floor":41},{"not_picked":["Sunder+1","Cold Snap"],"picked":"Force Field+1","floor":42},{"not_picked":["Tempest+1","Sweeping Beam"],"picked":"Aggregate+1","floor":45},{"not_picked":["Steam Power+1","Rebound"],"picked":"White Noise+1","floor":47}],"player_experience":127516,"relics_obtained":[{"floor":7,"key":"Blue Candle"},{"floor":9,"key":"Bronze Scales"},{"floor":10,"key":"Odd Mushroom"},{"floor":14,"key":"Juzu Bracelet"},{"floor":26,"key":"Orichalcum"},{"floor":27,"key":"Shovel"},{"floor":32,"key":"Gremlin Horn"},{"floor":43,"key":"Frozen Egg 2"},{"floor":49,"key":"Nunchaku"}],"event_choices":[{"damage_healed":0,"gold_gain":75,"player_choice":"Gather Gold","damage_taken":11,"max_hp_gain":0,"max_hp_loss":0,"event_name":"World of Goop","floor":4,"gold_loss":0},{"damage_healed":0,"gold_gain":0,"player_choice":"Fought Mushrooms","damage_taken":0,"max_hp_gain":0,"max_hp_loss":0,"event_name":"Mushrooms","floor":10,"gold_loss":0},{"damage_healed":0,"gold_gain":90,"player_choice":"GOLD ","damage_taken":14,"max_hp_gain":0,"max_hp_loss":0,"event_name":"Knowing Skull","floor":20,"potions_obtained":[],"gold_loss":0,"cards_obtained":[]},{"damage_healed":0,"gold_gain":0,"player_choice":"Inject Mutagens","damage_taken":0,"relics_obtained":["MutagenicStrength"],"max_hp_gain":0,"max_hp_loss":0,"event_name":"Drug Dealer","floor":21,"gold_loss":0},{"cards_removed":["Strike_B"],"damage_healed":0,"gold_gain":0,"player_choice":"Purged","damage_taken":0,"max_hp_gain":0,"max_hp_loss":0,"event_name":"Purifier","floor":22,"gold_loss":0},{"damage_healed":0,"gold_gain":0,"player_choice":"Rummage","damage_taken":0,"relics_obtained":["WarpedTongs"],"max_hp_gain":0,"max_hp_loss":0,"event_name":"Accursed Blacksmith","floor":24,"gold_loss":0,"cards_obtained":["Pain"]},{"damage_healed":0,"gold_gain":99,"player_choice":"Stole From Cult","damage_taken":0,"max_hp_gain":0,"max_hp_loss":0,"event_name":"Nest","floor":25,"gold_loss":0},{"damage_healed":0,"gold_gain":0,"player_choice":"Ignored","damage_taken":0,"max_hp_gain":0,"max_hp_loss":0,"event_name":"Vampires","floor":31,"gold_loss":0},{"damage_healed":0,"gold_gain":0,"player_choice":"Max HP","damage_taken":0,"max_hp_gain":0,"max_hp_loss":4,"event_name":"Winding Halls","floor":36,"gold_loss":0},{"cards_removed":["FTL"],"damage_healed":0,"gold_gain":0,"player_choice":"Removed Attack","damage_taken":0,"max_hp_gain":0,"max_hp_loss":0,"event_name":"Falling","floor":39,"gold_loss":0},{"damage_healed":48,"gold_gain":0,"player_choice":"Heal","damage_taken":0,"max_hp_gain":0,"max_hp_loss":0,"event_name":"MindBloom","floor":48,"gold_loss":0,"cards_obtained":["Doubt"]}],"is_beta":false,"boss_relics":[{"not_picked":["Busted Crown","Runic Dome"],"picked":"Ectoplasm"},{"not_picked":["Calling Bell","Orrery"],"picked":"White Beast Statue"}],"items_purged_floors":[5,38],"is_endless":false,"potions_floor_spawned":[1,3,11,12,19,27,35,37,41,42,45,47],"killed_by":"Awakened One","ascension_level":1}