{"path_per_floor":["M","M","?","$","M","R","M","R","T","M","?","R","M","M","R","B",null,"M","?","$","M","M","R","?","M","T","M","M","R","E"],"character_chosen":"DEFECT","items_purchased":["Storm","Sunder","Hologram","Transmutation"],"gold_per_floor":[10,22,197,27,46,46,59,59,82,98,63,63,74,90,90,193,193,211,211,24,34,52,52,52,65,65,83,98,98,129,129],"floor_reached":31,"campfire_rested":3,"playtime":1428,"current_hp_per_floor":[71,65,65,65,63,63,55,55,55,55,73,73,49,34,56,27,75,61,61,61,58,54,75,75,74,74,69,58,75,19,0],"items_purged":[],"gold":129,"score":251,"play_id":"811cf879-bd68-4fac-addc-de71be014faf","local_time":"20180430021244","is_prod":false,"is_daily":false,"chose_seed":false,"is_ascension_mode":false,"campfire_upgraded":3,"timestamp":1525068764,"path_taken":["M","M","?","$","M","R","M","R","T","M","?","R","?","M","R","BOSS","M","?","?","M","M","R","?","?","T","M","M","R","E","M"],"build_version":"2018-04-27v3","seed_source_timestamp":1238605625906435,"purchased_purges":0,"victory":false,"master_deck":["Strike_B","Strike_B","Strike_B","Strike_B","Defend_B","Defend_B","Defend_B","Defend_B","Zap","Dualcast","Rainbow+1","Aggregate","Aggregate","Doubt","Storm+1","Sunder","Hologram","Defragment+1","Auto Shields","Axe Kick","White Noise+1","Recycle","All For One","Cold Snap","Transmutation","Glacier","Cold Snap","Scrape","Coolheaded","Storm","Coolheaded"],"max_hp_per_floor":[75,75,75,75,75,75,75,75,75,75,75,75,75,75,75,75,75,75,75,75,75,75,75,75,75,75,75,75,75,75,75],"relics":["Cracked Core","Orichalcum","Nuclear Battery","Dodecahedron","Happy Flower"],"card_choices":[{"not_picked":["Reboot","Multi-Cast"],"picked":"Rainbow","floor":0},{"not_picked":["Turbo","Impulse"],"picked":"Aggregate","floor":1},{"not_picked":["Axe Kick","Impulse"],"picked":"Aggregate","floor":2},{"not_picked":["Gash","Melter"],"picked":"Defragment","floor":5},{"not_picked":["Beam Cell","Streamline"],"picked":"Auto Shields","floor":7},{"not_picked":["Hologram","Stack"],"picked":"Axe Kick","floor":10},{"not_picked":["Blizzard","Rebound"],"picked":"White Noise","floor":13},{"not_picked":["Leap","Hologram"],"picked":"Recycle","floor":14},{"not_picked":["Nova","Echo Form"],"picked":"All For One","floor":16},{"not_picked":["Axe Kick","Skim"],"picked":"Cold Snap","floor":18},{"not_picked":["Skim","Cold Snap"],"picked":"Glacier","floor":21},{"not_picked":["Melter","Streamline"],"picked":"Cold Snap","floor":22},{"not_picked":["Impulse","Cold Snap"],"picked":"Scrape","floor":25},{"not_picked":["Gash","Cold Snap"],"picked":"Coolheaded","floor":27},{"not_picked":["Beam Cell","Reprogram"],"picked":"Storm","floor":28},{"not_picked":["Cold Snap","Force Field"],"picked":"Coolheaded","floor":30}],"player_experience":67998,"potions_floor_usage":[10,16,16,21,25,31],"damage_taken":[{"damage":4,"enemies":"Jaw Worm","floor":1,"turns":4},{"damage":6,"enemies":"Small Slimes","floor":2,"turns":3},{"damage":2,"enemies":"2 Louse","floor":5,"turns":2},{"damage":8,"enemies":"Large Slime","floor":7,"turns":4},{"damage":0,"enemies":"3 Louse","floor":10,"turns":3},{"damage":24,"enemies":"Exordium Thugs","floor":13,"turns":4},{"damage":15,"enemies":"Red Slaver","floor":14,"turns":4},{"damage":29,"enemies":"Slime Boss","floor":16,"turns":10},{"damage":14,"enemies":"Shell Parasite","floor":18,"turns":5},{"damage":3,"enemies":"3 Byrds","floor":21,"turns":3},{"damage":4,"enemies":"Snake Plant","floor":22,"turns":5},{"damage":1,"enemies":"Chosen and Byrds","floor":25,"turns":8},{"damage":5,"enemies":"Snecko","floor":27,"turns":5},{"damage":18,"enemies":"Snake Plant","floor":28,"turns":6},{"damage":60,"enemies":"Book of Stabbing","floor":30,"turns":7},{"damage":25,"enemies":"Centurion and Healer","floor":31,"turns":9}],"event_choices":[{"event_name":"Liars Game","player_choice":"agreed","floor":3,"damage_taken":0},{"event_name":"The Cleric","player_choice":"Healed","floor":11,"damage_taken":0},{"event_name":"Vampires","player_choice":"Ignored","floor":19,"damage_taken":0},{"event_name":"Upgrade Shrine","player_choice":"Upgraded","floor":24,"damage_taken":0}],"boss_relics":[{"not_picked":["White Beast Statue","Black Star"],"picked":"Nuclear Battery"}],"potions_floor_spawned":[1,13,14,16,22,30],"seed_played":"-453341862834761994","killed_by":"Centurion and Healer","ascension_level":0,"is_trial":false}