{"path_per_floor":["M","?","?","M","$","R","E","?","T","M","R","M","M","M","R"],"character_chosen":"DEFECT","items_purchased":["Chaos"],"gold_per_floor":[213,213,163,176,62,62,96,96,174,192,192,210,229,239,239,239],"floor_reached":16,"campfire_rested":2,"playtime":1080,"current_hp_per_floor":[74,74,74,68,68,68,50,38,38,38,60,50,40,21,43,0],"items_purged":["Strike_B"],"gold":239,"score":102,"play_id":"5db77502-305f-4526-a47c-e4e6bfbabb60","local_time":"20180428190139","is_prod":false,"is_daily":false,"chose_seed":false,"is_ascension_mode":false,"campfire_upgraded":1,"timestamp":1524956499,"path_taken":["M","?","?","?","?","R","E","?","T","M","R","M","M","M","R","BOSS"],"build_version":"2018-04-27v3","seed_source_timestamp":1126700471518656,"purchased_purges":1,"victory":false,"master_deck":["Strike_B","Strike_B","Defend_B","Defend_B","Defend_B","Zap","Dualcast","Hello World","Hello World","Sweeping Beam","Chaos+1","Impulse","Genetic Algorithm","Defragment","All For One","Storm"],"max_hp_per_floor":[75,75,75,75,75,75,75,75,75,75,75,75,75,75,75,75],"relics":["Cracked Core","Orichalcum","Question Card","Gremlin Horn"],"card_choices":[{"not_picked":["Hologram","Glacier"],"picked":"Hello World","floor":1},{"not_picked":["Steam Power","Double Energy"],"picked":"Sweeping Beam","floor":4},{"not_picked":["Barrage","Streamline"],"picked":"Impulse","floor":7},{"not_picked":["Tempest","Reprogram","Streamline"],"picked":"Genetic Algorithm","floor":10},{"not_picked":["Coolheaded","Barrage","Go for the Eyes"],"picked":"Defragment","floor":12},{"not_picked":["Hologram","Stack","Skim"],"picked":"All For One","floor":13},{"not_picked":["Sweeping Beam","Go for the Eyes","Impulse"],"picked":"Storm","floor":14}],"player_experience":5555,"potions_floor_usage":[7,16],"damage_taken":[{"damage":1,"enemies":"Cultist","floor":1,"turns":4},{"damage":6,"enemies":"Small Slimes","floor":4,"turns":3},{"damage":18,"enemies":"Gremlin Nob","floor":7,"turns":3},{"damage":0,"enemies":"2 Louse","floor":10,"turns":2},{"damage":10,"enemies":"Large Slime","floor":12,"turns":5},{"damage":10,"enemies":"Red Slaver","floor":13,"turns":3},{"damage":19,"enemies":"Lots of Slimes","floor":14,"turns":3},{"damage":46,"enemies":"The Guardian","floor":16,"turns":6}],"event_choices":[{"event_name":"Transmorgrifier","player_choice":"Transform","floor":2,"damage_taken":0},{"event_name":"The Cleric","player_choice":"Card Removal","floor":3,"damage_taken":0},{"event_name":"Scrap Ooze","player_choice":"success","floor":8,"damage_taken":12}],"boss_relics":[],"potions_floor_spawned":[4,12,14],"seed_played":"2339338987349776262","killed_by":"The Guardian","ascension_level":0,"is_trial":false}