{"gold_per_floor":[110,19,19,19,31,31,57,68,68,68,100,114,114,125,125,230,230,248,266,341,90,106,116,116,134,134,148,182,182,215,234,234,339,339,351,367,467,176,176,176,204,204,278,296,296,89,119,134,134,134],"floor_reached":51,"playtime":9090,"items_purged":["Regret","Parasite","Parasite"],"score":757,"play_id":"5a4504d3-b4d0-4228-819f-a3693e76cdab","local_time":"20190614002437","is_ascension_mode":false,"campfire_choices":[{"data":"Flame Barrier","floor":6,"key":"SMITH"},{"data":"Pommel Strike","floor":15,"key":"SMITH"},{"data":"Juggernaut","floor":24,"key":"SMITH"},{"data":"Shockwave","floor":32,"key":"SMITH"},{"data":"Offering","floor":40,"key":"SMITH"},{"floor":42,"key":"REST"},{"floor":45,"key":"REST"},{"floor":49,"key":"REST"}],"neow_cost":"","seed_source_timestamp":94893824840974,"circlet_count":0,"master_deck":["Strike_R+1","Strike_R","Strike_R","Strike_R","Defend_R","Defend_R","Defend_R","Defend_R","Bash+1","Dropkick","Sever Soul","Flex","Flame Barrier+1","Iron Wave","Shockwave+1","Iron Wave","Rampage","Perfected Strike","Pommel Strike+1","Juggernaut+1","Shrug It Off+1","Ghostly Armor","Metallicize","Warcry+1","Armaments","Thunderclap+1","Inflame+1","Iron Wave+1","Iron Wave+1","Armaments+1","Whirlwind+1","Body Slam","Offering+1","Clumsy","Shrug It Off","Fire Breathing+1","Anger+1","Violence","Burning Pact+1","Clothesline","Headbutt","Ghostly Armor","Reaper","Dual Wield+1"],"relics":["Burning Blood","Question Card","FossilizedHelix","Pen Nib","Paper Frog","Pantograph","Sozu","Mummified Hand","Whetstone","Ginger","Calling Bell","Centennial Puzzle","Kunai","WingedGreaves","StoneCalendar","Bronze Scales","Mercury Hourglass","Nunchaku"],"potions_floor_usage":[33,41,41],"damage_taken":[{"damage":10,"enemies":"Small Slimes","floor":1,"turns":4},{"damage":8,"enemies":"Jaw Worm","floor":5,"turns":3},{"damage":42,"enemies":"3 Sentries","floor":7,"turns":9},{"damage":0,"enemies":"2 Louse","floor":8,"turns":3},{"damage":12,"enemies":"Gremlin Nob","floor":11,"turns":5},{"damage":0,"enemies":"2 Fungi Beasts","floor":12,"turns":2},{"damage":3,"enemies":"Exordium Thugs","floor":14,"turns":6},{"damage":42,"enemies":"The Guardian","floor":16,"turns":8},{"damage":0,"enemies":"Chosen","floor":18,"turns":3},{"damage":0,"enemies":"Spheric Guardian","floor":19,"turns":4},{"damage":6,"enemies":"Shelled Parasite and Fungi","floor":22,"turns":5},{"damage":2,"enemies":"Snecko","floor":23,"turns":5},{"damage":0,"enemies":"Centurion and Healer","floor":25,"turns":4},{"damage":0,"enemies":"Sentry and Sphere","floor":27,"turns":4},{"damage":42,"enemies":"Gremlin Leader","floor":28,"turns":6},{"damage":5,"enemies":"Book of Stabbing","floor":30,"turns":3},{"damage":0,"enemies":"3 Cultists","floor":31,"turns":4},{"damage":30,"enemies":"Champ","floor":33,"turns":8},{"damage":0,"enemies":"Orb Walker","floor":35,"turns":3},{"damage":9,"enemies":"3 Darklings","floor":36,"turns":6},{"damage":0,"enemies":"Mind Bloom Boss Battle","floor":37,"turns":5},{"damage":75,"enemies":"Reptomancer","floor":41,"turns":6},{"damage":3,"enemies":"Spire Growth","floor":44,"turns":3},{"damage":19,"enemies":"Nemesis","floor":47,"turns":7},{"damage":3,"enemies":"Sphere and 2 Shapes","floor":48,"turns":7},{"damage":67,"enemies":"Awakened One","floor":50,"turns":12}],"seed_played":"-4411350457099734750","potions_obtained":[{"floor":5,"key":"PowerPotion"},{"floor":7,"key":"Fire Potion"},{"floor":12,"key":"Swift Potion"}],"is_trial":false,"path_per_floor":["M","$","?","?","M","R","E","M","T","?","E","M","?","M","R","B",null,"M","M","?","$","M","M","R","M","T","M","E","?","E","M","R","B",null,"M","M","?","$","?","R","E","R","T","M","R","$","E","M","R","B",null],"character_chosen":"IRONCLAD","items_purchased":["Sever Soul","Flex","Metallicize","Warcry","Armaments","Violence","Headbutt","Ghostly Armor"],"campfire_rested":3,"item_purchase_floors":[2,2,21,21,21,38,46,46],"current_hp_per_floor":[76,76,76,76,74,74,38,44,44,44,38,44,37,40,40,29,80,80,80,72,72,72,76,76,80,80,80,44,44,45,51,51,52,80,80,77,80,77,77,77,8,31,31,34,57,57,44,47,69,20],"gold":134,"neow_bonus":"","is_prod":false,"is_daily":false,"chose_seed":false,"campfire_upgraded":5,"win_rate":0.0,"timestamp":1560486277,"path_taken":["M","$","?","?","M","R","E","M","T","?","E","M","?","M","R","BOSS","M","M","?","?","M","M","R","?","T","M","E","?","E","M","R","BOSS","M","?","?","$","?","R","E","R","T","?","R","$","E","M","R","BOSS"],"build_version":"2019-01-23","purchased_purges":3,"victory":true,"max_hp_per_floor":[80,80,80,80,80,80,80,80,80,80,80,80,80,80,80,80,80,80,80,80,80,80,80,80,80,80,80,80,80,80,80,80,80,80,80,80,80,77,77,77,77,77,77,77,77,74,74,74,74,74],"card_choices":[{"not_picked":["True Grit","Battle Trance"],"picked":"Dropkick","floor":1},{"not_picked":["Second Wind","Sword Boomerang","Headbutt"],"picked":"Flame Barrier","floor":5},{"not_picked":["Anger","Disarm","Carnage"],"picked":"Iron Wave","floor":7},{"not_picked":["Twin Strike","Reckless Charge","Headbutt"],"picked":"Shockwave","floor":8},{"not_picked":["Flex","Headbutt","Brutality"],"picked":"Rampage","floor":11},{"not_picked":["Twin Strike","Hemokinesis","Corruption"],"picked":"Perfected Strike","floor":12},{"not_picked":["Sword Boomerang","Disarm","Shrug It Off"],"picked":"Pommel Strike","floor":14},{"not_picked":["Bludgeon","Brutality","Fiend Fire"],"picked":"Juggernaut","floor":16},{"not_picked":["Thunderclap","Battle Trance","Rupture"],"picked":"Shrug It Off+1","floor":18},{"not_picked":["Perfected Strike","Shockwave","Seeing Red"],"picked":"Ghostly Armor","floor":19},{"not_picked":["True Grit","Anger","Corruption"],"picked":"Thunderclap+1","floor":22},{"not_picked":["Twin Strike","Flex","Power Through+1"],"picked":"Inflame+1","floor":23},{"not_picked":["Seeing Red","Cleave","Fiend Fire"],"picked":"Iron Wave+1","floor":25},{"not_picked":["True Grit","Cleave","Anger"],"picked":"Iron Wave+1","floor":27},{"not_picked":["Headbutt","Iron Wave","Searing Blow"],"picked":"Armaments+1","floor":28},{"not_picked":["Clothesline","Shockwave","Cleave"],"picked":"Whirlwind+1","floor":30},{"not_picked":["Combust","Seeing Red+1","Clothesline+1"],"picked":"Body Slam","floor":31},{"not_picked":["Double Tap","Barricade","Brutality"],"picked":"Offering","floor":33},{"not_picked":["Shockwave","Fire Breathing","Battle Trance+1"],"picked":"Shrug It Off","floor":35},{"not_picked":["Thunderclap","Rampage","Perfected Strike"],"picked":"Fire Breathing+1","floor":36},{"not_picked":["Warcry","Flex+1","Sword Boomerang"],"picked":"Anger+1","floor":37},{"not_picked":["Rupture+1","Pommel Strike","Pummel+1"],"picked":"Burning Pact+1","floor":41},{"not_picked":["Sever Soul+1","Thunderclap","Twin Strike"],"picked":"Clothesline","floor":44},{"not_picked":["Demon Form","Feel No Pain","Armaments+1"],"picked":"Reaper","floor":47},{"not_picked":["Whirlwind+1","Iron Wave","Body Slam"],"picked":"Dual Wield+1","floor":48}],"player_experience":0,"relics_obtained":[{"floor":7,"key":"FossilizedHelix"},{"floor":9,"key":"Pen Nib"},{"floor":11,"key":"Paper Frog"},{"floor":26,"key":"Mummified Hand"},{"floor":28,"key":"Whetstone"},{"floor":30,"key":"Ginger"},{"floor":34,"key":"Centennial Puzzle"},{"floor":34,"key":"Kunai"},{"floor":34,"key":"WingedGreaves"},{"floor":37,"key":"StoneCalendar"},{"floor":41,"key":"Bronze Scales"},{"floor":43,"key":"Mercury Hourglass"},{"floor":47,"key":"Nunchaku"}],"event_choices":[{"damage_healed":0,"gold_gain":0,"player_choice":"Ignored","damage_taken":0,"max_hp_gain":0,"max_hp_loss":0,"event_name":"Liars Game","floor":3,"gold_loss":0},{"damage_healed":0,"gold_gain":0,"player_choice":"Box","damage_taken":0,"relics_obtained":["Question Card"],"max_hp_gain":0,"max_hp_loss":0,"event_name":"Big Fish","floor":4,"gold_loss":0,"cards_obtained":["Regret"]},{"damage_healed":0,"gold_gain":0,"cards_transformed":["Strike_R"],"player_choice":"Change","damage_taken":0,"max_hp_gain":0,"max_hp_loss":0,"event_name":"Living Wall","floor":10,"gold_loss":0,"cards_obtained":["Iron Wave"]},{"damage_healed":0,"gold_gain":0,"player_choice":"Success","damage_taken":7,"relics_obtained":["Pantograph"],"max_hp_gain":0,"max_hp_loss":0,"event_name":"Scrap Ooze","floor":13,"gold_loss":0},{"damage_healed":0,"gold_gain":75,"player_choice":"Touch","damage_taken":8,"max_hp_gain":0,"max_hp_loss":0,"event_name":"FaceTrader","floor":20,"gold_loss":0},{"damage_healed":0,"gold_gain":0,"player_choice":"Forge","damage_taken":0,"max_hp_gain":0,"max_hp_loss":0,"event_name":"Accursed Blacksmith","floor":29,"gold_loss":0,"cards_upgraded":["Warcry"]},{"damage_healed":0,"gold_gain":0,"player_choice":"Fight","damage_taken":0,"max_hp_gain":0,"max_hp_loss":0,"event_name":"MindBloom","floor":37,"gold_loss":0},{"damage_healed":0,"gold_gain":0,"player_choice":"Ignored","damage_taken":0,"max_hp_gain":0,"max_hp_loss":0,"event_name":"SecretPortal","floor":39,"gold_loss":0}],"is_beta":false,"boss_relics":[{"not_picked":["Astrolabe","Runic Dome"],"picked":"Sozu"},{"not_picked":["Orrery","Cursed Key"],"picked":"Calling Bell"}],"items_purged_floors":[21,38,46],"is_endless":false,"potions_floor_spawned":[5,7,12,18,25,27,28,36,44,48],"ascension_level":0}