{"path_per_floor":["M","?","M","$","M","R","E","R","T","E","M","E","M","M","R","B",null,"M","M","?","?","?","E","M","M","T","R","T","R","M","M","R"],"character_chosen":"IRONCLAD","items_purchased":["Iron Wave"],"gold_per_floor":[113,63,73,19,37,37,69,69,121,147,166,201,220,237,237,335,335,352,366,366,366,366,392,403,414,414,414,440,440,451,469,469,469],"floor_reached":33,"campfire_rested":3,"playtime":1614,"current_hp_per_floor":[76,76,80,80,80,80,85,85,85,77,83,78,82,87,87,70,87,80,66,50,50,50,23,9,23,23,41,41,59,36,21,39,0],"items_purged":[],"gold":469,"score":343,"play_id":"01d15aaf-55d9-4e5d-831a-f27f982ea8d5","local_time":"20180423201612","is_prod":false,"is_daily":false,"chose_seed":false,"is_ascension_mode":true,"campfire_upgraded":3,"timestamp":1524528972,"path_taken":["M","?","?","?","M","R","E","R","T","E","M","E","M","M","R","BOSS","M","M","?","?","?","E","M","M","T","R","?","R","?","M","R","BOSS"],"build_version":"2018-04-19","seed_source_timestamp":698639476966416,"purchased_purges":0,"victory":false,"master_deck":["Defend_R","Defend_R","Defend_R","Defend_R","Bash+1","Clash+1","Iron Wave+1","Anger+1","Metallicize","Dropkick+1","Limit Break","Dropkick","Clash+1","Heavy Blade","Bite","Bite","Bite","Bite","Bite","Barricade","True Grit+1","Armaments+1"],"max_hp_per_floor":[80,80,80,80,80,80,87,87,87,87,87,87,87,87,87,87,87,87,87,87,87,60,60,60,60,60,60,60,60,60,60,60,60],"relics":["Burning Blood","Strawberry","Happy Flower","Whetstone","Vajra","Lizard Tail","Anchor","Frozen Egg 2","Ancient Tea Set"],"card_choices":[{"not_picked":["Battle Trance","Second Wind"],"picked":"Clash","floor":3},{"not_picked":["Whirlwind","Evolve"],"picked":"Anger","floor":5},{"not_picked":["Intimidate","Anger"],"picked":"Metallicize","floor":12},{"not_picked":["Shrug It Off","Corruption"],"picked":"Dropkick","floor":14},{"not_picked":["Reaper","Feed"],"picked":"Limit Break","floor":16},{"not_picked":["Disarm","Heavy Blade"],"picked":"Dropkick","floor":18},{"not_picked":["Havoc","Wild Strike"],"picked":"Clash","floor":19},{"not_picked":["Metallicize","Pommel Strike"],"picked":"Barricade","floor":23},{"not_picked":["Corruption","Power Through"],"picked":"True Grit","floor":24},{"not_picked":["Power Through","Thunderclap"],"picked":"Armaments","floor":31}],"player_experience":724172,"potions_floor_usage":[7,11,12,19,24,31],"damage_taken":[{"damage":10,"enemies":"Small Slimes","floor":1,"turns":4},{"damage":2,"enemies":"2 Louse","floor":3,"turns":4},{"damage":1,"enemies":"Cultist","floor":5,"turns":3},{"damage":8,"enemies":"Lagavulin","floor":7,"turns":5},{"damage":14,"enemies":"Gremlin Nob","floor":10,"turns":3},{"damage":0,"enemies":"Lots of Slimes","floor":11,"turns":4},{"damage":14,"enemies":"Lagavulin","floor":12,"turns":4},{"damage":2,"enemies":"2 Fungi Beasts","floor":13,"turns":4},{"damage":0,"enemies":"Large Slime","floor":14,"turns":4},{"damage":23,"enemies":"The Guardian","floor":16,"turns":9},{"damage":13,"enemies":"Shell Parasite","floor":18,"turns":5},{"damage":20,"enemies":"Spheric Guardian","floor":19,"turns":4},{"damage":51,"enemies":"Slavers","floor":23,"turns":8},{"damage":26,"enemies":"Slaver and Parasite","floor":24,"turns":6},{"damage":59,"enemies":"Cultist and Chosen","floor":25,"turns":7},{"damage":38,"enemies":"Centurion and Healer","floor":30,"turns":6},{"damage":29,"enemies":"Snecko","floor":31,"turns":5},{"damage":49,"enemies":"Collector","floor":33,"turns":5}],"event_choices":[{"event_name":"The Cleric","player_choice":"Card Removal","floor":2,"damage_taken":0},{"event_name":"Cursed Tome","player_choice":"Obtained Book","floor":20,"damage_taken":0},{"event_name":"The Library","player_choice":"Read","floor":21,"damage_taken":0},{"event_name":"Vampires","player_choice":"Became a vampire","floor":22,"damage_taken":0}],"boss_relics":[{"not_picked":["Sozu","Runic Pyramid"],"picked":"Lizard Tail"}],"potions_floor_spawned":[1,5,7,11,23,30],"seed_played":"-2850501662929208527","killed_by":"Collector","ascension_level":2,"is_trial":false}