{"gold_per_floor":[114,114,132,132,57,57,68,93,93,112,145,145],"floor_reached":12,"playtime":389,"items_purged":[],"score":167,"play_id":"ef430e2e-05b0-4899-9586-b6e6bd3e86b5","local_time":"20190610105819","is_ascension_mode":true,"campfire_choices":[{"data":"Predator","floor":6,"key":"SMITH"}],"neow_cost":"NONE","seed_source_timestamp":827626531137564,"circlet_count":0,"master_deck":["AscendersBane","Defend_G","Defend_G","Defend_G","Defend_G","Defend_G","Strike_G","Strike_G","Strike_G","Strike_G","Survivor","Neutralize","Skewer+1","Predator+1","Concentrate","Venomology","Quick Slash+1","Cloak And Dagger"],"relics":["Ring of the Snake","NeowsBlessing","Blue Candle","Torii","Molten Egg 2","Art of War"],"potions_floor_usage":[8,12,12],"damage_taken":[{"damage":0,"enemies":"Jaw Worm","floor":1,"turns":1},{"damage":0,"enemies":"Cultist","floor":3,"turns":1},{"damage":0,"enemies":"2 Louse","floor":7,"turns":1},{"damage":20,"enemies":"Gremlin Nob","floor":8,"turns":4},{"damage":0,"enemies":"Looter","floor":10,"turns":1},{"damage":21,"enemies":"3 Sentries","floor":11,"turns":11},{"damage":20,"enemies":"Lagavulin Event","floor":12,"turns":3}],"seed_played":"4726762883814659771","potions_obtained":[{"floor":7,"key":"Block Potion"}],"is_trial":false,"path_per_floor":["M","?","M","?","?","R","M","E","T","M","E","?"],"character_chosen":"THE_SILENT","items_purchased":[],"campfire_rested":0,"item_purchase_floors":[],"current_hp_per_floor":[59,59,59,48,48,48,48,28,28,28,7,0],"gold":145,"neow_bonus":"THREE_ENEMY_KILL","is_prod":false,"is_daily":false,"chose_seed":false,"campfire_upgraded":1,"win_rate":0,"timestamp":1560157099,"path_taken":["M","?","?","?","?","R","M","E","T","M","E","?"],"build_version":"2019-01-23","purchased_purges":0,"victory":false,"max_hp_per_floor":[66,66,66,66,66,66,66,66,66,66,66,66],"card_choices":[{"not_picked":["Poisoned Stab","Blade Dance"],"picked":"Skewer","floor":1},{"not_picked":["Reflex","Flying Knee"],"picked":"Predator","floor":3},{"not_picked":["Predator","Catalyst"],"picked":"Concentrate","floor":7},{"not_picked":["Deflect","Accuracy"],"picked":"Venomology","floor":8},{"not_picked":["Blur","Outmaneuver"],"picked":"Quick Slash+1","floor":10},{"not_picked":["Dodge and Roll","Poisoned Stab+1"],"picked":"Cloak And Dagger","floor":11}],"player_experience":591305,"relics_obtained":[{"floor":8,"key":"Torii"},{"floor":9,"key":"Molten Egg 2"},{"floor":11,"key":"Art of War"}],"event_choices":[{"damage_healed":0,"gold_gain":0,"player_choice":"Forge","damage_taken":0,"max_hp_gain":0,"max_hp_loss":0,"event_name":"Accursed Blacksmith","floor":2,"gold_loss":0,"cards_upgraded":["Skewer"]},{"damage_healed":0,"gold_gain":0,"player_choice":"Success","damage_taken":11,"relics_obtained":["Blue Candle"],"max_hp_gain":0,"max_hp_loss":0,"event_name":"Scrap Ooze","floor":4,"gold_loss":0},{"cards_removed":["Strike_G"],"damage_healed":0,"gold_gain":0,"player_choice":"Card Removal","damage_taken":0,"max_hp_gain":0,"max_hp_loss":0,"event_name":"The Cleric","floor":5,"gold_loss":75},{"damage_healed":0,"gold_gain":0,"player_choice":"Searched \u00271\u0027 times","damage_taken":0,"max_hp_gain":0,"max_hp_loss":0,"event_name":"Dead Adventurer","floor":12,"gold_loss":0}],"is_beta":false,"boss_relics":[],"items_purged_floors":[],"is_endless":false,"potions_floor_spawned":[7],"killed_by":"Lagavulin Event","ascension_level":18}