{"path_per_floor":["M","?","M","?","M","E","R","M","T","R","$","?","M","M","R","B",null,"M","M","?","?","$","R","E","M","T","M","M"],"character_chosen":"IRONCLAD","items_purchased":["Mercury Hourglass","Mind Blast","Strawberry"],"gold_per_floor":[109,109,129,204,219,254,254,270,350,350,2,2,16,33,33,133,133,153,171,171,171,25,25,56,73,73,91,106,106],"floor_reached":29,"campfire_rested":2,"playtime":1084,"current_hp_per_floor":[80,64,70,59,65,47,71,74,74,74,74,74,60,53,77,23,80,65,52,52,56,63,63,29,16,16,30,19,0],"items_purged":[],"gold":106,"score":272,"play_id":"1d3e6d17-53c1-40ea-a4d3-c1ee74c5351c","local_time":"20180508051624","is_prod":false,"is_daily":false,"chose_seed":false,"is_ascension_mode":false,"campfire_upgraded":2,"timestamp":1525770984,"path_taken":["M","?","M","?","?","E","R","M","T","R","$","?","M","M","R","BOSS","M","M","?","?","$","R","E","M","T","M","?","E"],"build_version":"2018-05-03","seed_source_timestamp":1941155044146882,"purchased_purges":0,"victory":false,"master_deck":["Defend_R","Defend_R","Defend_R","Defend_R","Bash","Clash+1","Seeing Red","Body Slam+1","Mind Blast","Demon Form+1","Feel No Pain","Clash","Bite","Bite","Bite","Bite","Bite","Fiend Fire","Feel No Pain","Clash+1"],"max_hp_per_floor":[80,80,80,80,80,80,80,80,80,80,80,80,80,80,80,80,80,80,80,56,56,63,63,63,63,63,63,63,63],"relics":["Burning Blood","Ornamental Fan","Tiny Chest","Mercury Hourglass","Lizard Tail","Strawberry","Blood Vial","Pantograph"],"card_choices":[{"not_picked":["Anger","Pommel Strike"],"picked":"Clash","floor":1},{"not_picked":["Anger","Warcry"],"picked":"Seeing Red","floor":3},{"not_picked":["Second Wind","Clothesline"],"picked":"Bloodletting","floor":5},{"not_picked":["Shrug It Off","Thunderclap"],"picked":"Body Slam","floor":8},{"not_picked":["Double Tap","Exhume"],"picked":"Demon Form","floor":16},{"not_picked":["Flame Barrier","Thunderclap"],"picked":"Feel No Pain","floor":18},{"not_picked":["Corruption","Warcry"],"picked":"Clash","floor":19},{"not_picked":["Searing Blow","Perfected Strike"],"picked":"Fiend Fire","floor":24},{"not_picked":["Wild Strike","Thunderclap"],"picked":"Feel No Pain","floor":27},{"not_picked":["True Grit","Entrench"],"picked":"Clash","floor":28}],"player_experience":208993,"potions_floor_usage":[1,1,5,8,13,16,18,24,28,29],"damage_taken":[{"damage":1,"enemies":"Jaw Worm","floor":1,"turns":2},{"damage":0,"enemies":"2 Louse","floor":3,"turns":2},{"damage":0,"enemies":"Small Slimes","floor":5,"turns":1},{"damage":24,"enemies":"3 Sentries","floor":6,"turns":9},{"damage":3,"enemies":"Blue Slaver","floor":8,"turns":3},{"damage":20,"enemies":"Gremlin Gang","floor":13,"turns":4},{"damage":13,"enemies":"Looter","floor":14,"turns":2},{"damage":60,"enemies":"Hexaghost","floor":16,"turns":11},{"damage":21,"enemies":"3 Byrds","floor":18,"turns":5},{"damage":19,"enemies":"Chosen","floor":19,"turns":4},{"damage":48,"enemies":"Book of Stabbing","floor":24,"turns":5},{"damage":29,"enemies":"Snecko","floor":25,"turns":5},{"damage":32,"enemies":"Snake Plant","floor":27,"turns":3},{"damage":31,"enemies":"3 Cultists","floor":28,"turns":6},{"damage":25,"enemies":"Slavers","floor":29,"turns":2}],"event_choices":[{"event_name":"Shining Light","player_choice":"Entered Light","floor":2,"damage_taken":0},{"event_name":"World of Goop","player_choice":"Gather Gold","floor":4,"damage_taken":0},{"event_name":"Living Wall","player_choice":"Grow","floor":12,"damage_taken":0},{"event_name":"Vampires","player_choice":"Became a vampire","floor":20,"damage_taken":0},{"event_name":"Bonfire Elementals","player_choice":"UNCOMMON","floor":21,"damage_taken":0}],"boss_relics":[{"not_picked":["Runic Pyramid","Orrery"],"picked":"Lizard Tail"}],"potions_floor_spawned":[3,6,8,16,19,27,28],"seed_played":"-7222541470424773555","killed_by":"Slavers","ascension_level":0,"is_trial":false}