{"gold_per_floor":[111,128,145,70,84,114,114,147,172,97,116,133,133,168,168,242,242,253,253,266,282,295,295,329,329,329,329,344,68,126,139,139,139],"floor_reached":33,"playtime":1138,"items_purged":["Strike_R"],"score":603,"play_id":"2acfa17c-da44-4780-aff9-e6a63eb54110","local_time":"20190531152855","is_ascension_mode":true,"campfire_choices":[{"data":"Bludgeon","floor":13.0,"key":"SMITH"},{"data":"Disarm","floor":15.0,"key":"SMITH"},{"data":"Disarm","floor":23.0,"key":"SMITH"},{"data":"Bludgeon","floor":25.0,"key":"SMITH"},{"data":"Battle Trance","floor":27.0,"key":"SMITH"},{"data":"Power Through","floor":32.0,"key":"SMITH"}],"neow_cost":"NONE","seed_source_timestamp":805226887684097,"circlet_count":0,"master_deck":["AscendersBane","Strike_R","Strike_R","Strike_R","Defend_R","Defend_R","Defend_R","Defend_R","Bash","Immolate+1","Pommel Strike","Disarm+1","Power Through+1","Thunderclap","Bludgeon+1","Disarm+1","Bludgeon+1","Immolate","Immolate+1","Offering","Battle Trance+1","Shrug It Off+1"],"special_seed":0,"relics":["Burning Blood","Bottled Lightning","Vajra","Bronze Scales","Orichalcum","White Beast Statue","Lantern","Toxic Egg 2","Paper Frog","Tiny Chest"],"potions_floor_usage":[33],"damage_taken":[{"damage":1.0,"enemies":"Cultist","floor":1.0,"turns":3.0},{"damage":14.0,"enemies":"Small Slimes","floor":2.0,"turns":4.0},{"damage":2.0,"enemies":"Jaw Worm","floor":3.0,"turns":3.0},{"damage":1.0,"enemies":"2 Fungi Beasts","floor":5.0,"turns":2.0},{"damage":3.0,"enemies":"3 Sentries","floor":6.0,"turns":4.0},{"damage":16.0,"enemies":"Gremlin Nob","floor":8.0,"turns":4.0},{"damage":7.0,"enemies":"Red Slaver","floor":11.0,"turns":4.0},{"damage":12.0,"enemies":"Large Slime","floor":12.0,"turns":3.0},{"damage":18.0,"enemies":"Lagavulin","floor":14.0,"turns":3.0},{"damage":4.0,"enemies":"The Guardian","floor":16.0,"turns":10.0},{"damage":19.0,"enemies":"2 Thieves","floor":18.0,"turns":3.0},{"damage":5.0,"enemies":"Spheric Guardian","floor":20.0,"turns":3.0},{"damage":3.0,"enemies":"Snake Plant","floor":21.0,"turns":4.0},{"damage":3.0,"enemies":"Cultist and Chosen","floor":22.0,"turns":3.0},{"damage":27.0,"enemies":"Book of Stabbing","floor":24.0,"turns":5.0},{"damage":0.0,"enemies":"Snecko","floor":28.0,"turns":2.0},{"damage":3.0,"enemies":"Gremlin Leader","floor":30.0,"turns":5.0},{"damage":5.0,"enemies":"Centurion and Healer","floor":31.0,"turns":2.0},{"damage":84,"enemies":"Automaton","floor":33,"turns":6}],"seed_played":"1415738013807646303","potions_obtained":[{"floor":5.0,"key":"Block Potion"},{"floor":6.0,"key":"Dexterity Potion"},{"floor":8.0,"key":"FearPotion"},{"floor":12.0,"key":"AttackPotion"},{"floor":16.0,"key":"Dexterity Potion"},{"floor":18.0,"key":"SteroidPotion"},{"floor":20.0,"key":"Fire Potion"},{"floor":21.0,"key":"SkillPotion"},{"floor":22.0,"key":"LiquidBronze"},{"floor":24.0,"key":"SkillPotion"},{"floor":30.0,"key":"Ancient Potion"}],"is_trial":false,"path_per_floor":["M","M","M","$","M","E","?","E","T","?","M","M","R","E","R","B",null,"M","?","M","M","M","R","E","R","T","R","M","$","E","M","R","B"],"character_chosen":"IRONCLAD","items_purchased":["Paper Frog"],"campfire_rested":0,"item_purchase_floors":[29],"current_hp_per_floor":[73,65,69,69,74,75,75,65,65,65,64,58,58,46,46,48,68,55,55,56,59,62,62,41,41,41,41,47,47,50,51,51,0],"gold":139,"neow_bonus":"ONE_RANDOM_RARE_CARD","is_prod":false,"is_daily":false,"chose_seed":false,"campfire_upgraded":6,"win_rate":0,"timestamp":1559309335,"path_taken":["M","M","M","$","M","E","?","E","T","?","?","M","R","E","R","BOSS","M","?","M","M","M","R","E","R","T","R","M","$","E","M","R","BOSS"],"build_version":"2019-01-23","purchased_purges":1,"victory":false,"max_hp_per_floor":[75,75,75,75,75,75,75,75,75,75,75,75,75,75,75,75,75,75,75,75,75,75,75,75,75,75,75,75,75,75,75,75,75],"card_choices":[{"not_picked":["Twin Strike","Anger"],"picked":"Pommel Strike","floor":1.0},{"not_picked":["Corruption","Uppercut"],"picked":"Disarm","floor":2.0},{"not_picked":["Cleave","Flex"],"picked":"Power Through","floor":3.0},{"not_picked":["Rupture","Clothesline"],"picked":"Thunderclap","floor":5.0},{"not_picked":["Sentinel","Body Slam"],"picked":"Bludgeon","floor":6.0},{"not_picked":["Clothesline","Flex"],"picked":"Disarm","floor":8.0},{"not_picked":["Body Slam","Thunderclap","Shrug It Off"],"picked":"SKIP","floor":11.0},{"not_picked":["Heavy Blade","Whirlwind","Cleave"],"picked":"SKIP","floor":12.0},{"not_picked":["Pommel Strike","Shrug It Off"],"picked":"Bludgeon","floor":14.0},{"not_picked":["Demon Form","Impervious"],"picked":"Immolate","floor":16.0},{"not_picked":["Perfected Strike","Flex","Body Slam"],"picked":"SKIP","floor":18.0},{"not_picked":["Rampage","Perfected Strike","Ghostly Armor"],"picked":"SKIP","floor":20.0},{"not_picked":["Twin Strike","Heavy Blade","Headbutt"],"picked":"SKIP","floor":21.0},{"not_picked":["Burning Pact","Disarm"],"picked":"Offering","floor":22.0},{"not_picked":["Clothesline","Clash"],"picked":"Battle Trance","floor":24.0},{"not_picked":["Flame Barrier+1","Heavy Blade","Pommel Strike"],"picked":"SKIP","floor":28.0},{"not_picked":["Reckless Charge","Searing Blow","Dropkick+1"],"picked":"SKIP","floor":30.0},{"not_picked":["Sword Boomerang","Searing Blow"],"picked":"Shrug It Off+1","floor":31.0}],"player_experience":561845,"relics_obtained":[{"floor":6.0,"key":"Bottled Lightning"},{"floor":8.0,"key":"Vajra"},{"floor":9.0,"key":"Bronze Scales"},{"floor":14.0,"key":"Orichalcum"},{"floor":24.0,"key":"Lantern"},{"floor":26.0,"key":"Toxic Egg 2"},{"floor":30.0,"key":"Tiny Chest"}],"event_choices":[{"damage_healed":0.0,"max_hp_gain":0.0,"max_hp_loss":0.0,"gold_gain":0.0,"event_name":"Living Wall","player_choice":"Grow","floor":7.0,"gold_loss":0.0,"damage_taken":0.0,"cards_upgraded":["Immolate"]},{"cards_removed":["Strike_R"],"damage_healed":0.0,"max_hp_gain":0.0,"max_hp_loss":0.0,"gold_gain":0.0,"event_name":"The Cleric","player_choice":"Card Removal","floor":10.0,"gold_loss":75.0,"damage_taken":0.0},{"damage_healed":0.0,"max_hp_gain":0.0,"max_hp_loss":0.0,"gold_gain":0.0,"event_name":"Duplicator","player_choice":"Copied","floor":19.0,"gold_loss":0.0,"damage_taken":0.0,"cards_obtained":["Immolate"]}],"is_beta":false,"boss_relics":[{"not_picked":["Lizard Tail","Runic Dome"],"picked":"White Beast Statue"}],"items_purged_floors":[4],"is_endless":false,"potions_floor_spawned":[5,6,8,12,16,18,20,21,22,24,28,30,31],"killed_by":"Automaton","ascension_level":19}