{"path_per_floor":["M","?","$","?","M","E","?","R","T","E","M","M","M","M","R","B",null,"M","?","$","M","?","R","M","M","T","?"],"character_chosen":"IRONCLAD","items_purchased":["Toxic Egg 2","Regal Pillow"],"gold_per_floor":[110,60,60,60,80,115,176,176,199,230,241,253,271,291,291,393,393,408,408,9,20,20,20,31,47,47,47,47],"floor_reached":28,"campfire_rested":0,"playtime":1131,"current_hp_per_floor":[80,80,80,80,80,80,66,66,66,44,50,52,57,56,56,47,80,62,62,62,63,63,63,45,24,24,24,0],"items_purged":[],"gold":47,"score":255,"play_id":"809da512-0c78-469c-81c6-8568bf75315a","local_time":"20180416103038","is_prod":false,"is_daily":false,"chose_seed":false,"is_ascension_mode":false,"campfire_upgraded":3,"timestamp":1523889038,"path_taken":["M","?","$","?","?","E","?","R","T","E","M","?","M","M","R","BOSS","M","?","$","M","?","R","M","M","T","?","M"],"build_version":"2018-04-12","seed_source_timestamp":59185688407535,"purchased_purges":0,"victory":false,"master_deck":["Strike_R+1","Strike_R","Strike_R+1","Defend_R","Defend_R","Defend_R","Defend_R","Bash","Wild Strike+1","Rampage+1","Reckless Charge+1","Offering","Ghostly Armor","Thunderclap","Exhume","Thunderclap","Infernal Blade","Dual Wield+1"],"max_hp_per_floor":[80,80,80,80,80,80,80,80,80,80,80,80,80,80,80,80,80,80,80,80,80,80,80,80,80,80,80,80],"relics":["Burning Blood","NeowsBlessing","Toolbox","Torii","Art of War","Bottled Lightning","Runic Cube","Toxic Egg 2","Regal Pillow","Whetstone"],"card_choices":[{"not_picked":["Clash","Cleave"],"picked":"Wild Strike","floor":1},{"not_picked":["Pommel Strike","Anger"],"picked":"Rampage","floor":5},{"not_picked":["Armaments","Infernal Blade"],"picked":"Reckless Charge","floor":6},{"not_picked":["Clash","Dual Wield"],"picked":"Offering","floor":10},{"not_picked":["Armaments","Metallicize"],"picked":"Ghostly Armor","floor":13},{"not_picked":["Shrug It Off","Headbutt"],"picked":"Thunderclap","floor":14},{"not_picked":["Limit Break","Fiend Fire"],"picked":"Exhume","floor":16},{"not_picked":["Heavy Blade","Cleave"],"picked":"Thunderclap","floor":18},{"not_picked":["Combust","Warcry"],"picked":"Dual Wield","floor":24}],"player_experience":655245,"potions_floor_usage":[13,13,24,24],"damage_taken":[{"damage":0,"enemies":"Small Slimes","floor":1,"turns":1},{"damage":0,"enemies":"Jaw Worm","floor":5,"turns":1},{"damage":0,"enemies":"3 Sentries","floor":6,"turns":2},{"damage":20,"enemies":"Gremlin Nob","floor":7,"turns":4},{"damage":28,"enemies":"Gremlin Nob","floor":10,"turns":4},{"damage":0,"enemies":"Cultist","floor":11,"turns":2},{"damage":4,"enemies":"2 Fungi Beasts","floor":12,"turns":2},{"damage":5,"enemies":"Looter","floor":13,"turns":2},{"damage":7,"enemies":"Exordium Wildlife","floor":14,"turns":5},{"damage":15,"enemies":"Hexaghost","floor":16,"turns":10},{"damage":24,"enemies":"2 Thieves","floor":18,"turns":3},{"damage":5,"enemies":"3 Byrds","floor":21,"turns":3},{"damage":32,"enemies":"Snecko","floor":24,"turns":7},{"damage":27,"enemies":"Snake Plant","floor":25,"turns":4},{"damage":25,"enemies":"3 Cultists","floor":28,"turns":3}],"event_choices":[{"event_name":"The Cleric","player_choice":"Card Removal","floor":2,"damage_taken":0},{"event_name":"Living Wall","player_choice":"Forget","floor":4,"damage_taken":0},{"event_name":"Dead Adventurer","player_choice":"Searched \u00272\u0027 times","floor":7,"damage_taken":0},{"event_name":"The Library","player_choice":"Read","floor":19,"damage_taken":0},{"event_name":"Beggar","player_choice":"Ignored","floor":22,"damage_taken":0},{"event_name":"Drug Dealer","player_choice":"Ignored","floor":27,"damage_taken":0}],"boss_relics":[{"not_picked":["Runic Dome","Snecko Eye"],"picked":"Runic Cube"}],"potions_floor_spawned":[1,11,12,16,24,25],"seed_played":"-4487601676323095241","killed_by":"3 Cultists","ascension_level":0,"is_trial":false}