{"gold_per_floor":[112,112,77,92,67,93,93,127,174,186,216,216,273,292,292,388,388,403,421,433,433,433,433,73,90,168,197,214,129,8,22,22,123,123,136,147,147,147],"floor_reached":38,"playtime":1817,"items_purged":[],"score":549,"play_id":"9ddf5a76-e325-4007-848a-f042633e486e","local_time":"20190620162657","is_ascension_mode":true,"campfire_choices":[{"floor":7,"key":"REST"},{"floor":12,"key":"RECALL"},{"floor":15,"key":"REST"},{"data":"Machine Learning","floor":23,"key":"SMITH"},{"floor":32,"key":"REST"}],"neow_cost":"NONE","seed_source_timestamp":68918868145700,"circlet_count":0,"master_deck":["Strike_B+1","Strike_B+1","Strike_B","Defend_B","Defend_B","Defend_B","Defend_B","Zap","Dualcast","Coolheaded","Gash","Gash","Gash","Glacier","Beam Cell","Hologram","FTL","Beam Cell","Machine Learning+1","Glacier","Coolheaded","Genetic Algorithm+1","Scrape","Bandage Up","Lockon","Headbutt","Apotheosis","Redo+1"],"relics":["White Beast Statue","Bag of Marbles","Mercury Hourglass","PreservedInsect","Strawberry","Inserter","PrismaticShard","Ornamental Fan","Oddly Smooth Stone","StoneCalendar","Nuclear Battery"],"potions_floor_usage":[4,6,8,11,11,13,16,16,18,19,20,25,27,28,31,33,35,36,38],"damage_taken":[{"damage":0,"enemies":"2 Louse","floor":1,"turns":2},{"damage":1,"enemies":"Small Slimes","floor":4,"turns":3},{"damage":23,"enemies":"Lagavulin","floor":6,"turns":6},{"damage":22,"enemies":"Gremlin Nob","floor":8,"turns":4},{"damage":7,"enemies":"Jaw Worm","floor":10,"turns":2},{"damage":0,"enemies":"3 Sentries","floor":11,"turns":4},{"damage":6,"enemies":"Lagavulin Event","floor":13,"turns":3},{"damage":2,"enemies":"Blue Slaver","floor":14,"turns":2},{"damage":7,"enemies":"The Guardian","floor":16,"turns":7},{"damage":20,"enemies":"3 Byrds","floor":18,"turns":4},{"damage":0,"enemies":"Spheric Guardian","floor":19,"turns":3},{"damage":31,"enemies":"Centurion and Healer","floor":20,"turns":4},{"damage":7,"enemies":"Chosen and Byrds","floor":25,"turns":5},{"damage":25,"enemies":"Book of Stabbing","floor":27,"turns":5},{"damage":4,"enemies":"Shelled Parasite and Fungi","floor":28,"turns":5},{"damage":12,"enemies":"Centurion and Healer","floor":31,"turns":5},{"damage":51,"enemies":"Collector","floor":33,"turns":12},{"damage":5,"enemies":"3 Shapes","floor":35,"turns":4},{"damage":21,"enemies":"3 Darklings","floor":36,"turns":6},{"damage":76,"enemies":"Time Eater","floor":38,"turns":4}],"seed_played":"6967012593053679738","potions_obtained":[{"floor":1,"key":"EssenceOfSteel"},{"floor":4,"key":"FocusPotion"},{"floor":6,"key":"PowerPotion"},{"floor":8,"key":"SpeedPotion"},{"floor":10,"key":"Explosive Potion"},{"floor":11,"key":"Fire Potion"},{"floor":13,"key":"Block Potion"},{"floor":14,"key":"Strength Potion"},{"floor":16,"key":"Regen Potion"},{"floor":18,"key":"EssenceOfSteel"},{"floor":19,"key":"SkillPotion"},{"floor":20,"key":"LiquidBronze"},{"floor":25,"key":"Energy Potion"},{"floor":27,"key":"Dexterity Potion"},{"floor":28,"key":"FairyPotion"},{"floor":31,"key":"Swift Potion"},{"floor":33,"key":"AttackPotion"},{"floor":35,"key":"SteroidPotion"},{"floor":36,"key":"LiquidBronze"}],"is_trial":false,"path_per_floor":["M","?","?","M","$","E","R","E","T","M","E","R","?","M","R","B",null,"M","M","M","?","?","R","$","M","T","E","M","?","$","M","R","B",null,"M","M","?","B"],"character_chosen":"DEFECT","items_purchased":["Gash","Scrape","PrismaticShard","Bandage Up","Lockon","Explosive Potion"],"campfire_rested":3,"item_purchase_floors":[5,24,24,24,30,30],"current_hp_per_floor":[75,60,75,74,74,51,73,51,51,44,44,44,45,43,67,60,77,65,65,34,61,61,61,61,58,58,37,37,37,37,29,53,6,63,62,47,47,0],"gold":147,"neow_bonus":"BOSS_RELIC","is_prod":false,"is_daily":false,"chose_seed":false,"campfire_upgraded":1,"win_rate":0,"timestamp":1561062417,"path_taken":["M","?","?","?","$","E","R","E","T","M","E","R","?","M","R","BOSS","M","M","M","?","?","R","$","M","T","E","?","?","$","M","R","BOSS","M","M","?","BOSS"],"build_version":"2019-06-19","purchased_purges":0,"victory":false,"max_hp_per_floor":[75,75,75,75,75,75,75,75,75,75,75,75,82,82,82,82,82,82,82,82,82,82,82,82,82,82,82,82,82,82,82,82,82,82,82,82,82,82],"card_choices":[{"not_picked":["Barrage","Turbo"],"picked":"Coolheaded","floor":1},{"not_picked":["Storm","Turbo"],"picked":"Gash","floor":4},{"not_picked":["Tempest","Blizzard"],"picked":"Gash","floor":6},{"not_picked":["Leap","Barrage"],"picked":"Glacier","floor":8},{"not_picked":["Turbo","Go for the Eyes"],"picked":"Beam Cell","floor":10},{"not_picked":["Thunder Strike","Cold Snap"],"picked":"Hologram","floor":11},{"not_picked":["Stack","Cold Snap"],"picked":"FTL","floor":13},{"not_picked":["Rebound","Go for the Eyes"],"picked":"Beam Cell","floor":14},{"not_picked":["Core Surge","Amplify"],"picked":"Machine Learning","floor":16},{"not_picked":["Scrape","BootSequence"],"picked":"Glacier","floor":18},{"not_picked":["BootSequence","Steam"],"picked":"Coolheaded","floor":19},{"not_picked":["Streamline+1","Hello World+1"],"picked":"Genetic Algorithm+1","floor":20},{"not_picked":["Barrage","Underhanded Strike","Blade Dance"],"picked":"SKIP","floor":25},{"not_picked":["Combust","Poisoned Stab","Thunderclap"],"picked":"SKIP","floor":27},{"not_picked":["Deadly Poison+1","Flying Knee","Turbo"],"picked":"SKIP","floor":28},{"not_picked":["Underhanded Strike","BootSequence"],"picked":"Headbutt","floor":31},{"not_picked":["Brutality","Thunder Strike"],"picked":"Apotheosis","floor":33},{"not_picked":["Dagger Throw","Disarm","Leap"],"picked":"SKIP","floor":35},{"not_picked":["Underhanded Strike","Dagger Spray+1"],"picked":"Redo+1","floor":36}],"player_experience":1099618,"relics_obtained":[{"floor":6,"key":"Bag of Marbles"},{"floor":8,"key":"Mercury Hourglass"},{"floor":11,"key":"PreservedInsect"},{"floor":13,"key":"Strawberry"},{"floor":26,"key":"Ornamental Fan"},{"floor":27,"key":"Oddly Smooth Stone"}],"event_choices":[{"damage_healed":0,"gold_gain":0,"player_choice":"Entered Light","damage_taken":15,"max_hp_gain":0,"max_hp_loss":0,"event_name":"Shining Light","floor":2,"gold_loss":0,"cards_upgraded":["Strike_B","Strike_B"]},{"damage_healed":18,"gold_gain":0,"player_choice":"Healed","damage_taken":0,"max_hp_gain":0,"max_hp_loss":0,"event_name":"The Cleric","floor":3,"gold_loss":35},{"damage_healed":0,"gold_gain":30,"player_choice":"Searched \u00272\u0027 times","damage_taken":0,"max_hp_gain":0,"max_hp_loss":0,"event_name":"Dead Adventurer","floor":13,"gold_loss":0},{"damage_healed":27,"gold_gain":0,"player_choice":"Heal","damage_taken":0,"max_hp_gain":0,"max_hp_loss":0,"event_name":"The Library","floor":21,"gold_loss":0},{"cards_removed":["Strike_B"],"damage_healed":0,"gold_gain":0,"player_choice":"Purged","damage_taken":0,"max_hp_gain":0,"max_hp_loss":0,"event_name":"Purifier","floor":22,"gold_loss":0},{"damage_healed":0,"gold_gain":0,"player_choice":"Obtained Relic","damage_taken":0,"relics_obtained":["StoneCalendar"],"max_hp_gain":0,"max_hp_loss":0,"event_name":"Addict","floor":29,"gold_loss":85},{"damage_healed":0,"gold_gain":0,"player_choice":"Took Portal","damage_taken":0,"max_hp_gain":0,"max_hp_loss":0,"event_name":"SecretPortal","floor":37,"gold_loss":0}],"is_beta":true,"boss_relics":[{"not_picked":["Ectoplasm","Eternal Feather"],"picked":"Inserter"},{"not_picked":["Runic Pyramid","Tiny House"],"picked":"Nuclear Battery"}],"items_purged_floors":[],"is_endless":false,"potions_floor_spawned":[1,4,6,8,10,11,13,14,16,18,19,20,25,27,28,31,33,35,36],"killed_by":"Time Eater","ascension_level":5}