{"gold_per_floor":[110,110,121,131,144,144,156,186,186,52,52,86,103,103,103,103],"floor_reached":16,"playtime":424,"items_purged":["Strike_R"],"score":224,"play_id":"7b671d67-1f12-4757-91e8-395434b7cbf7","local_time":"20181102200720","is_ascension_mode":true,"campfire_choices":[{"data":"Bludgeon","floor":6.0,"key":"SMITH"},{"data":"Havoc","floor":11.0,"key":"SMITH"},{"data":"True Grit","floor":15,"key":"SMITH"}],"neow_cost":"NONE","seed_source_timestamp":1976249049973214,"circlet_count":0,"master_deck":["AscendersBane","Strike_R","Strike_R","Strike_R","Strike_R","Defend_R","Defend_R","Defend_R","Defend_R","Bash","Bludgeon+1","Anger","Feel No Pain","Reckless Charge","Feel No Pain","Havoc+1","True Grit+1","Corruption"],"special_seed":0,"relics":["Burning Blood","StoneCalendar","Singing Bowl","Self Forming Clay","Sundial"],"potions_floor_usage":[12,12],"damage_taken":[{"damage":11.0,"enemies":"Jaw Worm","floor":1.0,"turns":5.0},{"damage":0.0,"enemies":"2 Louse","floor":3.0,"turns":3.0},{"damage":6.0,"enemies":"Small Slimes","floor":4.0,"turns":2.0},{"damage":2.0,"enemies":"Exordium Wildlife","floor":5.0,"turns":4.0},{"damage":13.0,"enemies":"Blue Slaver","floor":7.0,"turns":3.0},{"damage":15.0,"enemies":"3 Sentries","floor":8.0,"turns":7.0},{"damage":21,"enemies":"Lagavulin","floor":12,"turns":4},{"damage":11,"enemies":"3 Louse","floor":13,"turns":4},{"damage":28,"enemies":"Hexaghost","floor":16,"turns":7}],"seed_played":"-7923858651555429603","potions_obtained":[{"floor":1.0,"key":"AttackPotion"},{"floor":5.0,"key":"FairyPotion"},{"floor":8.0,"key":"Energy Potion"},{"floor":13,"key":"Energy Potion"}],"is_trial":false,"path_per_floor":["M","M","?","M","M","M","R","M","E","T","$","R","E","M","?","R","B"],"character_chosen":"IRONCLAD","items_purchased":["Havoc"],"campfire_rested":0,"item_purchase_floors":[10],"current_hp_per_floor":[63,45,51,51,55,55,48,41,41,41,41,26,21,26,26,0],"gold":103,"neow_bonus":"ONE_RANDOM_RARE_CARD","is_prod":false,"is_daily":false,"chose_seed":false,"campfire_upgraded":3,"win_rate":0,"timestamp":1541214440,"path_taken":["M","?","M","M","M","R","M","E","T","$","R","E","M","?","R","BOSS"],"build_version":"2018-11-01","purchased_purges":1,"victory":false,"max_hp_per_floor":[75,75,75,75,75,75,75,77,77,77,77,77,77,82,82,82],"card_choices":[{"not_picked":["Combust","Heavy Blade"],"picked":"Anger","floor":1.0},{"not_picked":["Body Slam","Anger","Thunderclap"],"picked":"SKIP","floor":3.0},{"not_picked":["Blood for Blood","Hemokinesis"],"picked":"Feel No Pain","floor":4.0},{"not_picked":["Clash","Ghostly Armor"],"picked":"Reckless Charge","floor":5.0},{"not_picked":["Carnage","Cleave"],"picked":"Feel No Pain","floor":7.0},{"not_picked":["Brutality","Flex","Body Slam"],"picked":"Singing Bowl","floor":8.0},{"not_picked":["Sentinel","Havoc"],"picked":"True Grit","floor":12},{"not_picked":["Wild Strike","Sentinel"],"picked":"Corruption","floor":13}],"player_experience":573991,"relics_obtained":[{"floor":8.0,"key":"Singing Bowl"},{"floor":9.0,"key":"Self Forming Clay"},{"floor":12,"key":"Sundial"}],"event_choices":[{"damage_healed":0.0,"max_hp_gain":0.0,"max_hp_loss":0.0,"gold_gain":0.0,"event_name":"Scrap Ooze","player_choice":"Success","floor":2.0,"gold_loss":0.0,"damage_taken":18.0,"relics_obtained":["StoneCalendar"]},{"damage_healed":0,"gold_gain":0,"player_choice":"Donut","damage_taken":0,"max_hp_gain":5,"max_hp_loss":0,"event_name":"Big Fish","floor":14,"gold_loss":0}],"is_beta":false,"boss_relics":[],"items_purged_floors":[10],"is_endless":false,"potions_floor_spawned":[1,5,8,13],"killed_by":"Hexaghost","ascension_level":20}