{"path_per_floor":["M","$","M","M","M","R","E","M","T","M","?","?","$","M","R","B",null,"M","?","M","$","T","R","?","M","T","$","M","M","?","?","R"],"character_chosen":"DEFECT","items_purchased":["Mummified Hand","Capacitor","Self Repair","Beam Cell","Creative AI","Meteor Strike"],"gold_per_floor":[363,74,84,99,112,112,143,153,153,167,167,167,35,45,45,140,140,155,155,175,16,91,91,91,107,107,25,38,48,81,81,81,81],"floor_reached":33,"campfire_rested":1,"playtime":1653,"current_hp_per_floor":[67,67,66,66,63,63,33,33,33,30,30,30,30,49,68,39,68,68,68,63,63,63,63,63,51,51,51,67,67,51,51,51,0],"items_purged":[],"gold":81,"score":249,"play_id":"88369e64-be7a-4ccc-8957-f648da22f65b","local_time":"20180514011922","is_prod":false,"is_daily":false,"chose_seed":false,"is_ascension_mode":false,"campfire_upgraded":3,"timestamp":1526275162,"path_taken":["M","$","M","M","M","R","E","M","T","M","?","?","$","M","R","BOSS","M","?","M","$","?","R","?","M","T","$","M","?","?","?","R","BOSS"],"build_version":"2018-05-12v2","seed_source_timestamp":36517373116275,"purchased_purges":0,"victory":false,"master_deck":["Strike_B+1","Strike_B+1","Strike_B+1","Defend_B+1","Defend_B+1","Defend_B+1","Zap","Dualcast","Beam Cell","Capacitor","Lockon","Consume+1","BootSequence","Double Energy","Storm","Panacea","Self Repair","Beam Cell","Beam Cell","Biased Cognition","Capacitor","Consume+1","Creative AI+1","Normality","White Noise+1","Regret","Meteor Strike","Recycle","Conserve Battery+1","White Noise+1"],"max_hp_per_floor":[68,68,68,68,68,68,68,68,68,68,68,68,68,68,68,68,68,68,68,68,68,68,68,68,68,68,68,68,68,68,68,68,68],"relics":["Cracked Core","Mummified Hand","Bird Faced Urn","Cables","Cursed Key","Blue Candle","Sundial","Red Mask"],"card_choices":[{"not_picked":["Ball Lightning","Loop"],"picked":"Beam Cell","floor":1},{"not_picked":["Barrage","Cold Snap"],"picked":"Lockon","floor":3},{"not_picked":["Static Discharge","Auto Shields"],"picked":"Consume","floor":4},{"not_picked":["Stack","Streamline","Loop"],"picked":"SKIP","floor":5},{"not_picked":["Beam Cell","Blizzard"],"picked":"BootSequence","floor":7},{"not_picked":["Steam","Reinforced Body"],"picked":"Double Energy","floor":8},{"not_picked":["Capacitor","Heatsinks"],"picked":"Storm","floor":10},{"not_picked":["Conserve Battery","Hello World"],"picked":"Beam Cell","floor":14},{"not_picked":["Rainbow","Meteor Strike"],"picked":"Biased Cognition","floor":16},{"not_picked":["Hologram","Axe Kick"],"picked":"Capacitor","floor":18},{"not_picked":["Ball Lightning","Rebound"],"picked":"Consume+1","floor":20},{"not_picked":["Aggregate+1","Hologram+1"],"picked":"White Noise+1","floor":25},{"not_picked":["Steam+1","Stack"],"picked":"Recycle","floor":28},{"not_picked":["Go for the Eyes+1","Turbo"],"picked":"Conserve Battery+1","floor":29},{"not_picked":["Go for the Eyes+1","Capacitor+1"],"picked":"White Noise","floor":30}],"player_experience":237558,"potions_floor_usage":[5,7,14,16,25,28,29,33],"damage_taken":[{"damage":1,"enemies":"Jaw Worm","floor":1,"turns":3},{"damage":1,"enemies":"Cultist","floor":3,"turns":4},{"damage":0,"enemies":"Small Slimes","floor":4,"turns":3},{"damage":3,"enemies":"Red Slaver","floor":5,"turns":3},{"damage":30,"enemies":"3 Sentries","floor":7,"turns":7},{"damage":0,"enemies":"2 Fungi Beasts","floor":8,"turns":2},{"damage":5,"enemies":"Looter","floor":10,"turns":3},{"damage":3,"enemies":"Exordium Thugs","floor":14,"turns":4},{"damage":40,"enemies":"Hexaghost","floor":16,"turns":8},{"damage":0,"enemies":"Spheric Guardian","floor":18,"turns":3},{"damage":20,"enemies":"2 Thieves","floor":20,"turns":4},{"damage":27,"enemies":"Snake Plant","floor":25,"turns":3},{"damage":13,"enemies":"Centurion and Healer","floor":28,"turns":4},{"damage":18,"enemies":"Snecko","floor":29,"turns":5},{"damage":25,"enemies":"Masked Bandits","floor":30,"turns":4},{"damage":87,"enemies":"Automaton","floor":33,"turns":6}],"event_choices":[{"event_name":"Match and Keep!","player_choice":"1 cards matched","floor":11,"damage_taken":0},{"event_name":"Purifier","player_choice":"One Purge","floor":12,"damage_taken":0},{"event_name":"Purifier","player_choice":"One Purge","floor":19,"damage_taken":0},{"event_name":"Vampires","player_choice":"Ignored","floor":24,"damage_taken":0},{"event_name":"Masked Bandits","player_choice":"Fought over 48 gold","floor":30,"damage_taken":0},{"event_name":"Back to Basics","player_choice":"Simplicity","floor":31,"damage_taken":0}],"boss_relics":[{"not_picked":["Nuclear Battery","Ectoplasm"],"picked":"Cursed Key"}],"potions_floor_spawned":[3,5,10,14,20,25,28,29],"seed_played":"-6934696498268799248","killed_by":"Automaton","ascension_level":0,"is_trial":false}