{"gold_per_floor":[367,367,60,73,83,114,129,129,154,154,172,198,229,316,328,417,429,460,472],"floor_reached":19,"playtime":633,"items_purged":[],"score":458,"play_id":"40f2554c-95b1-402e-b743-ac7fb3d319e4","local_time":"20190526210813","is_ascension_mode":true,"campfire_choices":[{"data":"Loop","floor":8.0,"key":"SMITH"},{"data":"Machine Learning","floor":10.0,"key":"SMITH"},{"data":"Buffer","floor":15.0,"key":"SMITH"}],"neow_cost":"TEN_PERCENT_HP_LOSS","seed_source_timestamp":1015959893598805,"circlet_count":0,"master_deck":["AscendersBane","Strike_B","Strike_B","Strike_B","Strike_B","Defend_B","Defend_B","Defend_B","Defend_B","Zap+1","Dualcast","Ball Lightning","Coolheaded","Sweeping Beam","Self Repair","Machine Learning+1","Coolheaded","Loop+1","Ball Lightning","Hologram","Buffer+1","Multi-Cast","Go for the Eyes"],"special_seed":0,"relics":["Cracked Core","Bronze Scales","Blood Vial","Happy Flower","MawBank","Runic Pyramid"],"potions_floor_usage":[18],"damage_taken":[{"damage":4.0,"enemies":"Jaw Worm","floor":1.0,"turns":4.0},{"damage":0.0,"enemies":"Cultist","floor":4.0,"turns":3.0},{"damage":0.0,"enemies":"2 Louse","floor":5.0,"turns":2.0},{"damage":21.0,"enemies":"Lagavulin","floor":6.0,"turns":6.0},{"damage":0.0,"enemies":"2 Fungi Beasts","floor":7.0,"turns":2.0},{"damage":9.0,"enemies":"Lots of Slimes","floor":11.0,"turns":3.0},{"damage":23.0,"enemies":"3 Sentries","floor":12.0,"turns":5.0},{"damage":9.0,"enemies":"Looter","floor":13.0,"turns":3.0},{"damage":0.0,"enemies":"Slime Boss","floor":16.0,"turns":7.0},{"damage":36,"enemies":"2 Thieves","floor":18,"turns":4}],"seed_played":"7054963493407901573","potions_obtained":[{"floor":1.0,"key":"Explosive Potion"},{"floor":5.0,"key":"Swift Potion"},{"floor":6.0,"key":"AttackPotion"},{"floor":13.0,"key":"Poison Potion"},{"floor":18,"key":"Energy Potion"}],"is_trial":false,"path_per_floor":["M","?","$","M","M","E","M","R","T","R","M","E","M","?","R","B",null,"M","$"],"character_chosen":"DEFECT","items_purchased":["Coolheaded","Sweeping Beam","Self Repair","Bronze Scales"],"campfire_rested":0,"item_purchase_floors":[3,3,3,3],"current_hp_per_floor":[60,60,60,64,64,50,59,59,59,59,52,38,31,20,20,29,55,28,28],"gold":472,"neow_bonus":"TWO_FIFTY_GOLD","is_prod":false,"is_daily":false,"chose_seed":false,"campfire_upgraded":3,"win_rate":0,"timestamp":1558930093,"path_taken":["M","?","$","M","?","E","M","R","T","R","M","E","M","?","R","BOSS","M","$"],"build_version":"2019-01-23","purchased_purges":0,"victory":false,"max_hp_per_floor":[64,64,64,64,64,64,64,64,64,64,64,64,64,64,64,64,64,64,64],"card_choices":[{"not_picked":["Melter","Turbo"],"picked":"Ball Lightning","floor":1.0},{"not_picked":["Redo","Barrage"],"picked":"Machine Learning","floor":4.0},{"not_picked":["Barrage","Auto Shields"],"picked":"Coolheaded","floor":5.0},{"not_picked":["Steam","Coolheaded"],"picked":"Loop","floor":6.0},{"not_picked":["Fusion","Reinforced Body"],"picked":"Ball Lightning","floor":7.0},{"not_picked":["Hello World","Ball Lightning"],"picked":"Hologram","floor":11.0},{"not_picked":["Steam","Beam Cell","Chaos"],"picked":"SKIP","floor":12.0},{"not_picked":["Ball Lightning","Doom and Gloom"],"picked":"Buffer","floor":13.0},{"not_picked":["Creative AI","All For One"],"picked":"Multi-Cast","floor":16.0},{"not_picked":["Stack","Rip and Tear"],"picked":"Go for the Eyes","floor":18}],"player_experience":737238,"relics_obtained":[{"floor":6.0,"key":"Blood Vial"},{"floor":9.0,"key":"Happy Flower"},{"floor":12.0,"key":"MawBank"}],"event_choices":[{"damage_healed":0.0,"max_hp_gain":0.0,"max_hp_loss":0.0,"gold_gain":0.0,"event_name":"Upgrade Shrine","player_choice":"Upgraded","floor":2.0,"gold_loss":0.0,"damage_taken":0.0,"cards_upgraded":["Zap"]},{"damage_healed":0.0,"max_hp_gain":0.0,"max_hp_loss":0.0,"gold_gain":75.0,"event_name":"World of Goop","player_choice":"Gather Gold","floor":14.0,"gold_loss":0.0,"damage_taken":11.0}],"is_beta":false,"boss_relics":[{"not_picked":["Philosopher\u0027s Stone","Pandora\u0027s Box"],"picked":"Runic Pyramid"}],"items_purged_floors":[],"is_endless":false,"potions_floor_spawned":[1,5,6,13,18],"ascension_level":20}