{"path_per_floor":["M","M","$","?","?","E","M","R","T","?","M","E","M","$","R","B",null,"M","M","?","?","$","R","E","R","T","M","?","R","$","?","R"],"character_chosen":"IRONCLAD","items_purchased":["Jack Of All Trades","Twin Strike","Flame Barrier","Metallicize"],"gold_per_floor":[118,137,10,10,10,38,57,57,130,95,108,139,155,45,45,140,140,151,121,36,36,36,36,68,68,68,87,87,87,87,87,87],"floor_reached":33,"campfire_rested":4,"playtime":1995,"current_hp_per_floor":[80,69,69,57,50,24,26,50,50,70,73,36,33,33,57,45,80,76,74,74,74,74,74,20,44,44,50,50,50,50,50,74],"items_purged":[],"gold":87,"score":271,"play_id":"11249fe4-23f1-4c8d-8cf6-8925baebb470","local_time":"20180304225452","is_prod":false,"is_daily":false,"is_ascension_mode":false,"campfire_upgraded":2,"timestamp":1520222092,"path_taken":["M","M","$","?","?","E","M","R","T","?","M","E","?","?","R","BOSS","M","M","?","?","?","R","E","R","T","M","?","R","$","?","R","BOSS"],"build_version":"2018-03-01-PROD1","purchased_purges":0,"victory":false,"master_deck":["Strike_R","Strike_R","Strike_R","Strike_R","Defend_R","Defend_R","Defend_R+1","Defend_R","Bash","Dark Embrace+1","Impervious+1","Perfected Strike","Jack Of All Trades","Twin Strike","Twin Strike","Intimidate","Clash","Metallicize+1","Shrug It Off","Flame Barrier","Metallicize+1","Barricade+1","Infernal Blade+1","Perfected Strike+1","Flame Barrier","Perfected Strike+1"],"max_hp_per_floor":[80,80,80,80,80,80,80,80,80,80,80,80,80,80,80,80,80,80,80,80,80,80,80,80,80,80,80,80,80,80,80,80],"relics":["Burning Blood","War Paint","Dodecahedron","Bottled Flame","Frozen Egg 2","Mark of Pain","Letter Opener","Juzu Bracelet","Bird Faced Urn","Bag of Marbles"],"card_choices":[{"not_picked":["Feed","Brutality"],"picked":"Dark Embrace"},{"not_picked":["Flex","Dropkick"],"picked":"Impervious"},{"not_picked":["Fire Breathing","Wild Strike"],"picked":"Perfected Strike"},{"not_picked":["Anger","Warcry"],"picked":"Twin Strike"},{"not_picked":["Uppercut","Pommel Strike"],"picked":"Intimidate"},{"not_picked":["Body Slam","Battle Trance"],"picked":"Clash"},{"not_picked":["True Grit","Thunderclap"],"picked":"Metallicize"},{"not_picked":["Bloodletting","Rage"],"picked":"Shrug It Off"},{"not_picked":["Immolate","Impervious"],"picked":"Barricade"},{"not_picked":["Entrench","Anger"],"picked":"Infernal Blade"},{"not_picked":["True Grit","Wild Strike"],"picked":"Perfected Strike"},{"not_picked":["Heavy Blade","Thunderclap"],"picked":"Flame Barrier"},{"not_picked":["True Grit","Armaments"],"picked":"Perfected Strike"}],"player_experience":255340,"potions_floor_usage":[6,13,18,24,27],"damage_taken":[{"damage":3,"enemies":"Small Slimes","floor":1,"turns":3},{"damage":17,"enemies":"Jaw Worm","floor":2,"turns":7},{"damage":32,"enemies":"Gremlin Nob","floor":6,"turns":5},{"damage":8,"enemies":"2 Louse","floor":7,"turns":2},{"damage":3,"enemies":"Large Slime","floor":11,"turns":6},{"damage":43,"enemies":"Lagavulin","floor":12,"turns":6},{"damage":9,"enemies":"2 Fungi Beasts","floor":13,"turns":2},{"damage":18,"enemies":"Slime Boss","floor":16,"turns":13},{"damage":10,"enemies":"Spheric Guardian","floor":18,"turns":5},{"damage":8,"enemies":"2 Thieves","floor":19,"turns":5},{"damage":75,"enemies":"Gremlin Leader","floor":24,"turns":9},{"damage":8,"enemies":"Chosen and Byrds","floor":27,"turns":7},{"damage":91,"enemies":"Collector","floor":33,"turns":13}],"event_choices":[{"event_name":"Scrap Ooze","player_choice":"success","floor":4,"damage_taken":12},{"event_name":"Golden Wing","player_choice":"Card Removal","floor":5,"damage_taken":0},{"event_name":"The Cleric","player_choice":"Healed","floor":10,"damage_taken":0},{"event_name":"Addict","player_choice":"Obtained Relic","floor":20,"damage_taken":0},{"event_name":"Purifier","player_choice":"One Purge","floor":21,"damage_taken":0},{"event_name":"Drug Dealer","player_choice":"Ignored","floor":28,"damage_taken":0},{"event_name":"The Mausoleum","player_choice":"Yes","floor":31,"damage_taken":0}],"boss_relics":[{"not_picked":["Question Card","Astrolabe"],"picked":"Mark of Pain"}],"potions_floor_spawned":[2,12,16,19,24],"seed_played":"5791232447698961642","killed_by":"Collector","ascension_level":0,"is_trial":false}