{"gold_per_floor":[364,364,199,211,136,136,169,169,169,169,196,96,114,114,114,189,189,201,291,306,321,24,54,54,88,88,122,122,122,152,164,164,239,239,249,262,136,155,172,172,200,220,220,220,236,236,236,267,267,267,267,267,267,48,74,74],"floor_reached":56,"playtime":3771,"items_purged":["Injury","Strike_B","Strike_B","Strike_B+1","Writhe"],"score":2132,"play_id":"6875b15b-be1c-4119-8d51-127d9d98eb16","local_time":"20190622142013","is_ascension_mode":true,"campfire_choices":[{"data":"Defragment","floor":6.0,"key":"SMITH"},{"floor":8.0,"key":"REST"},{"data":"Zap","floor":15.0,"key":"SMITH"},{"floor":24.0,"key":"REST"},{"data":"Hologram","floor":32.0,"key":"SMITH"},{"floor":40.0,"key":"REST"},{"floor":44.0,"key":"RECALL"},{"data":"Coolheaded","floor":49,"key":"SMITH"},{"floor":53,"key":"REST"}],"neow_cost":"CURSE","seed_source_timestamp":933858057706820,"circlet_count":0,"master_deck":["AscendersBane","Defend_B+1","Defend_B+1","Defend_B+1","Defend_B+1","Zap+1","Dualcast","Cold Snap","Electrodynamics","Defragment+1","Glacier+1","Undo+1","Go for the Eyes+1","Creative AI","Fusion","Doom and Gloom","Echo Form","Conserve Battery","All For One","Reinforced Body","Coolheaded+1","Coolheaded+1","Meteor Strike"],"special_seed":0,"relics":["Cracked Core","Potion Belt","Girya","Gremlin Horn","Symbiotic Virus","Snecko Eye","PreservedInsect","Pantograph","Orichalcum","Pen Nib","Smiling Mask","War Paint","Sozu","Strawberry","Pear","Lantern"],"potions_floor_usage":[56,56,56,56],"damage_taken":[{"damage":4.0,"enemies":"Small Slimes","floor":1.0,"turns":3.0},{"damage":0.0,"enemies":"2 Louse","floor":4.0,"turns":2.0},{"damage":20.0,"enemies":"3 Sentries","floor":7.0,"turns":3.0},{"damage":7.0,"enemies":"Lagavulin","floor":11.0,"turns":9.0},{"damage":0.0,"enemies":"Jaw Worm","floor":13.0,"turns":3.0},{"damage":1.0,"enemies":"The Guardian","floor":16.0,"turns":13.0},{"damage":4.0,"enemies":"2 Thieves","floor":18.0,"turns":3.0},{"damage":0.0,"enemies":"Spheric Guardian","floor":20.0,"turns":6.0},{"damage":2.0,"enemies":"Cultist and Chosen","floor":21.0,"turns":5.0},{"damage":28.0,"enemies":"Book of Stabbing","floor":23.0,"turns":6.0},{"damage":0.0,"enemies":"Gremlin Leader","floor":25.0,"turns":5.0},{"damage":11.0,"enemies":"Slavers","floor":27.0,"turns":4.0},{"damage":18.0,"enemies":"Book of Stabbing","floor":30.0,"turns":5.0},{"damage":0.0,"enemies":"Sentry and Sphere","floor":31.0,"turns":6.0},{"damage":5.0,"enemies":"Champ","floor":33.0,"turns":19.0},{"damage":19.0,"enemies":"3 Darklings","floor":35.0,"turns":3.0},{"damage":0.0,"enemies":"3 Shapes","floor":36.0,"turns":3.0},{"damage":7.0,"enemies":"Spire Growth","floor":38.0,"turns":7.0},{"damage":6.0,"enemies":"Writhing Mass","floor":39.0,"turns":8.0},{"damage":16.0,"enemies":"Giant Head","floor":41.0,"turns":13.0},{"damage":17.0,"enemies":"3 Darklings","floor":42.0,"turns":4.0},{"damage":3.0,"enemies":"Spire Growth","floor":45.0,"turns":5.0},{"damage":0,"enemies":"Nemesis","floor":48,"turns":13},{"damage":37,"enemies":"Donu and Deca","floor":50,"turns":12},{"damage":40,"enemies":"Awakened One","floor":51,"turns":57},{"damage":9,"enemies":"Shield and Spear","floor":55,"turns":6},{"damage":98,"enemies":"The Heart","floor":56,"turns":8}],"seed_played":"7741234969776532222","potions_obtained":[{"floor":4.0,"key":"Dexterity Potion"},{"floor":11.0,"key":"Fruit Juice"},{"floor":16.0,"key":"EssenceOfSteel"},{"floor":18.0,"key":"PowerPotion"},{"floor":21.0,"key":"Explosive Potion"},{"floor":23.0,"key":"FearPotion"},{"floor":30.0,"key":"FocusPotion"}],"is_trial":false,"path_per_floor":["M","?","$","M","?","R","E","R","T","?","E","$","M","$","R","B",null,"M","?","M","M","$","E","R","E","T","E","?","?","E","M","R","B",null,"M","M","$","M","M","R","E","M","T","R","M","?","?","E","R","B","B",null,"R","$","E","B"],"character_chosen":"DEFECT","items_purchased":["Electrodynamics","PreservedInsect","Reinforced Body","Meteor Strike"],"campfire_rested":4,"item_purchase_floors":[3,22,37,54],"current_hp_per_floor":[60,42,42,42,42,42,22,43,43,22,15,15,15,15,15,19,62,58,44,44,42,42,14,36,36,36,25,25,25,7,7,7,27,64,45,45,45,38,32,54,45,28,28,28,25,42,42,52,52,40,25,76,93,93,84,0],"gold":74,"neow_bonus":"TWO_FIFTY_GOLD","is_prod":false,"is_daily":false,"chose_seed":false,"campfire_upgraded":4,"win_rate":0,"timestamp":1561238413,"path_taken":["M","?","$","M","?","R","E","R","T","?","E","$","M","?","R","BOSS","M","?","?","M","$","E","R","E","T","E","?","?","E","M","R","BOSS","M","?","$","M","M","R","E","M","T","R","M","?","?","E","R","BOSS","BOSS","R","$","E","BOSS"],"build_version":"2019-01-23","purchased_purges":5,"victory":false,"max_hp_per_floor":[71,71,71,71,71,71,71,71,71,71,71,71,71,71,71,76,76,76,76,76,76,76,76,76,76,76,76,76,76,76,76,76,76,76,76,76,76,76,76,76,83,83,83,83,83,83,83,93,93,93,93,93,93,93,93,93],"card_choices":[{"not_picked":["Aggregate","Ball Lightning"],"picked":"Cold Snap","floor":1.0},{"not_picked":["Compile Driver","Hologram"],"picked":"Defragment","floor":4.0},{"not_picked":["Steam","Storm"],"picked":"Glacier","floor":7.0},{"not_picked":["Scrape","Redo"],"picked":"Undo","floor":11.0},{"not_picked":["Beam Cell","Auto Shields"],"picked":"Go for the Eyes","floor":13.0},{"not_picked":["Hyperbeam","Buffer"],"picked":"Creative AI","floor":16.0},{"not_picked":["Stack","Conserve Battery"],"picked":"Fusion","floor":18.0},{"not_picked":["Redo","Beam Cell"],"picked":"Doom and Gloom","floor":20.0},{"not_picked":["Self Repair","Genetic Algorithm"],"picked":"Echo Form","floor":21.0},{"not_picked":["Rebound","Static Discharge"],"picked":"Hologram","floor":23.0},{"not_picked":["Force Field","Compile Driver"],"picked":"Conserve Battery","floor":25.0},{"not_picked":["Skim","Hologram","Gash"],"picked":"SKIP","floor":27.0},{"not_picked":["Streamline","Creative AI","Doom and Gloom"],"picked":"SKIP","floor":30.0},{"not_picked":["Tempest","Hello World","Compile Driver+1"],"picked":"SKIP","floor":31.0},{"not_picked":["Core Surge","Multi-Cast"],"picked":"All For One","floor":33.0},{"not_picked":["Chill+1","Rip and Tear","Aggregate+1"],"picked":"SKIP","floor":35.0},{"not_picked":["Sweeping Beam","Cold Snap+1","Storm"],"picked":"SKIP","floor":36.0},{"not_picked":["Tempest","Cold Snap"],"picked":"Coolheaded","floor":38.0},{"not_picked":["Beam Cell","Rebound","Storm"],"picked":"SKIP","floor":39.0},{"not_picked":["Steam+1","Tempest","Beam Cell"],"picked":"SKIP","floor":41.0},{"not_picked":["Capacitor","Undo"],"picked":"Coolheaded+1","floor":42.0},{"not_picked":["Scrape","Static Discharge","Cold Snap"],"picked":"SKIP","floor":45.0},{"not_picked":["Self Repair+1","Reinforced Body+1","Melter"],"picked":"SKIP","floor":48},{"not_picked":["Hyperbeam","Skim+1","Conserve Battery+1"],"picked":"SKIP","floor":55}],"player_experience":801585,"relics_obtained":[{"floor":7.0,"key":"Girya"},{"floor":9.0,"key":"Gremlin Horn"},{"floor":11.0,"key":"Symbiotic Virus"},{"floor":23.0,"key":"Pantograph"},{"floor":25.0,"key":"Orichalcum"},{"floor":26.0,"key":"Pen Nib"},{"floor":27.0,"key":"Smiling Mask"},{"floor":30.0,"key":"War Paint"},{"floor":41.0,"key":"Strawberry"},{"floor":48,"key":"Pear"},{"floor":55,"key":"Lantern"}],"event_choices":[{"damage_healed":0.0,"max_hp_gain":0.0,"max_hp_loss":0.0,"gold_gain":0.0,"event_name":"Scrap Ooze","player_choice":"Success","floor":2.0,"gold_loss":0.0,"damage_taken":18.0,"relics_obtained":["Potion Belt"]},{"cards_removed":["Strike_B"],"damage_healed":0.0,"max_hp_gain":0.0,"max_hp_loss":0.0,"gold_gain":0.0,"event_name":"The Cleric","player_choice":"Card Removal","floor":5.0,"gold_loss":75.0,"damage_taken":0.0},{"damage_healed":0.0,"max_hp_gain":0.0,"max_hp_loss":0.0,"gold_gain":0.0,"event_name":"Shining Light","player_choice":"Entered Light","floor":10.0,"gold_loss":0.0,"damage_taken":21.0,"cards_upgraded":["Defend_B","Strike_B"]},{"damage_healed":0.0,"max_hp_gain":0.0,"max_hp_loss":0.0,"gold_gain":90.0,"event_name":"Knowing Skull","player_choice":"GOLD ","floor":19.0,"potions_obtained":[],"gold_loss":0.0,"damage_taken":14.0,"cards_obtained":[]},{"damage_healed":0.0,"max_hp_gain":0.0,"max_hp_loss":0.0,"gold_gain":0.0,"event_name":"Back to Basics","player_choice":"Simplicity","floor":28.0,"gold_loss":0.0,"damage_taken":0.0,"cards_upgraded":["Defend_B","Defend_B","Defend_B"]},{"damage_healed":0.0,"max_hp_gain":0.0,"max_hp_loss":0.0,"gold_gain":0.0,"event_name":"Upgrade Shrine","player_choice":"Upgraded","floor":29.0,"gold_loss":0.0,"damage_taken":0.0,"cards_upgraded":["Go for the Eyes"]},{"damage_healed":17.0,"max_hp_gain":0.0,"max_hp_loss":0.0,"gold_gain":0.0,"event_name":"Winding Halls","player_choice":"Writhe","floor":46.0,"gold_loss":0.0,"damage_taken":0.0,"cards_obtained":["Writhe"]},{"cards_removed":["Hologram"],"damage_healed":0.0,"max_hp_gain":0.0,"max_hp_loss":0.0,"gold_gain":0.0,"event_name":"Falling","player_choice":"Removed Skill","floor":47.0,"gold_loss":0.0,"damage_taken":0.0}],"is_beta":false,"boss_relics":[{"not_picked":["Eternal Feather","White Beast Statue"],"picked":"Snecko Eye"},{"not_picked":["Coffee Dripper","Philosopher\u0027s Stone"],"picked":"Sozu"}],"items_purged_floors":[3,12,22,37,54],"is_endless":false,"potions_floor_spawned":[4,11,16,18,21,23,30,35,38,39,48],"killed_by":"The Heart","ascension_level":20}