{"gold_per_floor":[116,116,116,116,133,133,198,198,225,225,255,271,283,283],"floor_reached":14,"playtime":311,"items_purged":[],"score":234,"play_id":"9cba80de-aaff-4cba-b89d-887a7f587eab","local_time":"20190529162028","is_ascension_mode":true,"campfire_choices":[{"data":"Riddle With Holes","floor":6,"key":"SMITH"},{"data":"Adrenaline","floor":8,"key":"SMITH"},{"data":"Neutralize","floor":10,"key":"SMITH"}],"neow_cost":"NONE","seed_source_timestamp":636537232582547,"circlet_count":0,"master_deck":["AscendersBane","Defend_G","Defend_G","Defend_G","Defend_G","Defend_G","Strike_G","Strike_G","Strike_G","Strike_G","Strike_G","Survivor","Neutralize+1","Blur","Regret","Riddle With Holes+1","Adrenaline+1","PiercingWail","Noxious Fumes","Bouncing Flask"],"relics":["Ring of the Snake","NeowsBlessing","Bag of Preparation","Happy Flower","Tiny Chest","PreservedInsect","Pantograph"],"potions_floor_usage":[11],"damage_taken":[{"damage":0,"enemies":"Small Slimes","floor":1,"turns":1},{"damage":0,"enemies":"Jaw Worm","floor":5,"turns":1},{"damage":0,"enemies":"3 Sentries","floor":7,"turns":1},{"damage":29,"enemies":"Lagavulin","floor":11,"turns":6},{"damage":5,"enemies":"2 Louse","floor":12,"turns":3},{"damage":4,"enemies":"Red Slaver","floor":13,"turns":3},{"damage":11,"enemies":"Gremlin Gang","floor":14,"turns":3}],"seed_played":"1972264202518039421","potions_obtained":[{"floor":1,"key":"Ancient Potion"},{"floor":5,"key":"SpeedPotion"}],"is_trial":false,"path_per_floor":["M","?","?","?","M","R","E","R","T","R","E","M","M","M"],"character_chosen":"THE_SILENT","items_purchased":[],"campfire_rested":0,"item_purchase_floors":[],"current_hp_per_floor":[59,41,41,41,41,41,41,41,41,41,12,7,3,0],"gold":283,"neow_bonus":"THREE_ENEMY_KILL","is_prod":false,"is_daily":false,"chose_seed":false,"campfire_upgraded":3,"win_rate":0,"timestamp":1559139628,"path_taken":["M","?","?","?","?","R","E","R","T","R","E","?","M","M"],"build_version":"2019-01-23","purchased_purges":0,"victory":false,"max_hp_per_floor":[66,66,66,66,66,66,66,66,66,66,66,66,66,66],"card_choices":[{"not_picked":["Reflex","Masterful Stab"],"picked":"Blur","floor":1},{"not_picked":["Backflip","Underhanded Strike"],"picked":"Riddle With Holes","floor":5},{"not_picked":["Backflip","Predator"],"picked":"Adrenaline","floor":7},{"not_picked":["Cloak And Dagger","Underhanded Strike"],"picked":"PiercingWail","floor":11},{"not_picked":["Eviscerate","All Out Attack"],"picked":"Noxious Fumes","floor":12},{"not_picked":["Underhanded Strike","Deadly Poison"],"picked":"Bouncing Flask","floor":13}],"player_experience":552009,"relics_obtained":[{"floor":7,"key":"Tiny Chest"},{"floor":9,"key":"PreservedInsect"},{"floor":11,"key":"Pantograph"}],"event_choices":[{"damage_healed":0,"gold_gain":0,"player_choice":"Success","damage_taken":18,"relics_obtained":["Bag of Preparation"],"max_hp_gain":0,"max_hp_loss":0,"event_name":"Scrap Ooze","floor":2,"gold_loss":0},{"damage_healed":0,"gold_gain":0,"player_choice":"Box","damage_taken":0,"relics_obtained":["Happy Flower"],"max_hp_gain":0,"max_hp_loss":0,"event_name":"Big Fish","floor":3,"gold_loss":0,"cards_obtained":["Regret"]},{"damage_healed":0,"gold_gain":0,"player_choice":"0 cards matched","damage_taken":0,"max_hp_gain":0,"max_hp_loss":0,"event_name":"Match and Keep!","floor":4,"gold_loss":0,"cards_obtained":[]}],"is_beta":false,"boss_relics":[],"items_purged_floors":[],"is_endless":false,"potions_floor_spawned":[1,5],"killed_by":"Gremlin Gang","ascension_level":18}