{"gold_per_floor":[119,134,134,152,165,165,175,203,203,153,169,169,197,262,262,358,358,372,287,302,314,239,239,259,287,338,338,363,209,240,92,92,189,189,200,215,215,230,250,281,281,309,309,321,355,383,36,49,49,49,49,49,23,54,54],"floor_reached":56,"playtime":2527,"items_purged":["Capacitor","Defend_B"],"score":1441,"play_id":"b3495681-6e83-481f-ad46-07d5a65feaa7","local_time":"20181116191218","is_ascension_mode":true,"campfire_choices":[{"data":"Defragment","floor":6.0,"key":"SMITH"},{"data":"Blizzard","floor":12.0,"key":"SMITH"},{"data":"Defragment","floor":15.0,"key":"SMITH"},{"floor":23.0,"key":"RECALL"},{"floor":27.0,"key":"REST"},{"floor":32.0,"key":"REST"},{"data":"Loop","floor":41.0,"key":"SMITH"},{"floor":49.0,"key":"REST"},{"data":"Hologram","floor":52.0,"key":"SMITH"}],"neow_cost":"NONE","seed_source_timestamp":229464667664146,"circlet_count":0,"master_deck":["Strike_B+1","Strike_B+1","Defend_B","Defend_B","Defend_B","Zap","Dualcast+1","Cold Snap","Defragment+1","BootSequence+1","Cold Snap","Blizzard+1","Undo","Defragment+1","Redo+1","Cold Snap+1","Chaos+1","Loop+1","Electrodynamics","Reinforced Body+1","Go for the Eyes+1","Hologram+1","Hologram","Cold Snap","Glacier+1"],"special_seed":0,"relics":["Cracked Core","Gremlin Horn","Orichalcum","Potion Belt","Shuriken","Inserter","Matryoshka","War Paint","Bronze Scales","Whetstone","Ancient Tea Set","Happy Flower","Black Star","Centennial Puzzle","Boot","Singing Bowl","Sundial","Bag of Preparation","Kunai","Strawberry","MawBank","Medical Kit","PreservedInsect","Anchor"],"potions_floor_usage":[55,55,55],"damage_taken":[{"damage":0.0,"enemies":"Cultist","floor":1.0,"turns":3.0},{"damage":3.0,"enemies":"Small Slimes","floor":2.0,"turns":4.0},{"damage":4.0,"enemies":"2 Louse","floor":4.0,"turns":2.0},{"damage":3.0,"enemies":"Exordium Wildlife","floor":5.0,"turns":4.0},{"damage":6.0,"enemies":"3 Louse","floor":7.0,"turns":3.0},{"damage":7.0,"enemies":"3 Sentries","floor":8.0,"turns":10.0},{"damage":1.0,"enemies":"Lots of Slimes","floor":11.0,"turns":3.0},{"damage":9.0,"enemies":"Lagavulin","floor":13.0,"turns":7.0},{"damage":0.0,"enemies":"Gremlin Nob","floor":14.0,"turns":6.0},{"damage":25.0,"enemies":"Slime Boss","floor":16.0,"turns":11.0},{"damage":25.0,"enemies":"2 Thieves","floor":18.0,"turns":5.0},{"damage":2.0,"enemies":"Spheric Guardian","floor":20.0,"turns":4.0},{"damage":0.0,"enemies":"3 Cultists","floor":21.0,"turns":6.0},{"damage":9.0,"enemies":"Snake Plant","floor":24.0,"turns":6.0},{"damage":11.0,"enemies":"Gremlin Leader","floor":25.0,"turns":7.0},{"damage":6.0,"enemies":"Book of Stabbing","floor":28.0,"turns":5.0},{"damage":33.0,"enemies":"Slavers","floor":30.0,"turns":5.0},{"damage":6.0,"enemies":"Champ","floor":33.0,"turns":13.0},{"damage":9.0,"enemies":"3 Darklings","floor":35.0,"turns":4.0},{"damage":0.0,"enemies":"3 Shapes","floor":36.0,"turns":5.0},{"damage":10.0,"enemies":"Maw","floor":38.0,"turns":10.0},{"damage":0.0,"enemies":"Sphere and 2 Shapes","floor":39.0,"turns":3.0},{"damage":1.0,"enemies":"Giant Head","floor":40.0,"turns":12.0},{"damage":19.0,"enemies":"Reptomancer","floor":42.0,"turns":7.0},{"damage":6.0,"enemies":"Writhing Mass","floor":44.0,"turns":8.0},{"damage":1.0,"enemies":"Giant Head","floor":45.0,"turns":13.0},{"damage":0.0,"enemies":"4 Shapes","floor":46.0,"turns":3.0},{"damage":3.0,"enemies":"3 Darklings","floor":48.0,"turns":3.0},{"damage":7.0,"enemies":"Time Eater","floor":50.0,"turns":14.0},{"damage":42.0,"enemies":"Shield and Spear","floor":54.0,"turns":5.0},{"damage":4,"enemies":"The Heart","floor":55,"turns":14}],"seed_played":"-336979479083922855","potions_obtained":[{"floor":1.0,"key":"Weak Potion"},{"floor":7.0,"key":"Weak Potion"},{"floor":8.0,"key":"Strength Potion"},{"floor":14.0,"key":"FocusPotion"},{"floor":18.0,"key":"SteroidPotion"},{"floor":25.0,"key":"PowerPotion"},{"floor":30.0,"key":"SteroidPotion"},{"floor":33.0,"key":"SneckoOil"},{"floor":36.0,"key":"EssenceOfSteel"},{"floor":42.0,"key":"PowerPotion"}],"is_trial":false,"path_per_floor":["M","M","?","M","M","R","M","E","T","?","M","R","E","?","R","B",null,"M","?","M","M","?","R","M","E","T","R","E","$","E","$","R","B",null,"M","M","?","M","M","E","R","E","T","M","E","M","$","M","R","B",null,"R","$","E","B",null],"character_chosen":"DEFECT","items_purchased":["Loop","Happy Flower","Hologram","Medical Kit","Cold Snap"],"campfire_rested":3,"item_purchase_floors":[29,31,47,47,53],"current_hp_per_floor":[82,79,84,80,77,77,71,64,64,64,63,63,54,54,54,29,87,62,62,60,60,60,60,51,40,40,66,60,60,27,27,53,47,87,78,78,70,60,60,59,59,42,42,38,46,48,48,47,78,71,104,104,104,62,58],"gold":54,"neow_bonus":"TEN_PERCENT_HP_BONUS","is_prod":false,"is_daily":false,"chose_seed":false,"campfire_upgraded":5,"win_rate":0,"timestamp":1542420738,"path_taken":["M","M","?","M","M","R","M","E","T","?","M","R","E","?","R","BOSS","M","?","M","M","?","R","M","E","T","R","E","$","E","?","R","BOSS","M","M","?","M","M","E","R","E","T","M","E","?","$","M","R","BOSS","R","$","E","BOSS"],"build_version":"2018-11-15","purchased_purges":2,"victory":true,"max_hp_per_floor":[82,82,87,87,87,87,87,87,87,87,87,87,87,87,87,87,87,87,87,87,87,87,87,87,87,87,87,87,87,87,87,87,87,87,87,87,87,87,87,87,87,89,89,91,100,102,102,104,104,104,104,104,104,104,104],"card_choices":[{"not_picked":["Genetic Algorithm","Stack"],"picked":"Cold Snap","floor":1.0},{"not_picked":["Compile Driver","Heatsinks"],"picked":"Defragment","floor":2.0},{"not_picked":["Barrage","Steam Power"],"picked":"BootSequence","floor":4.0},{"not_picked":["Gash","Storm","Rebound"],"picked":"SKIP","floor":5.0},{"not_picked":["Heatsinks","Multi-Cast"],"picked":"Cold Snap","floor":7.0},{"not_picked":["Turbo","Coolheaded"],"picked":"Blizzard","floor":8.0},{"not_picked":["Stack","Self Repair"],"picked":"Undo","floor":11.0},{"not_picked":["Steam","Reprogram"],"picked":"Defragment","floor":13.0},{"not_picked":["Darkness","Compile Driver"],"picked":"Capacitor","floor":14.0},{"not_picked":["Gash","Heatsinks+1"],"picked":"Redo+1","floor":18.0},{"not_picked":["BootSequence+1","Rip and Tear"],"picked":"Cold Snap+1","floor":20.0},{"not_picked":["Lockon+1","Sweeping Beam","Heatsinks+1"],"picked":"SKIP","floor":21.0},{"not_picked":["Recycle","Lockon","Sunder"],"picked":"SKIP","floor":24.0},{"not_picked":["Blizzard+1","Redo"],"picked":"Chaos+1","floor":25.0},{"not_picked":["Undo","Turbo","Steam Power+1"],"picked":"SKIP","floor":28.0},{"not_picked":["Redo+1","Turbo","Steam"],"picked":"SKIP","floor":30.0},{"not_picked":["Meteor Strike","Echo Form"],"picked":"Electrodynamics","floor":33.0},{"not_picked":["Sunder+1","Conserve Battery"],"picked":"Reinforced Body+1","floor":35.0},{"not_picked":["Tempest+1","Stack+1"],"picked":"Go for the Eyes+1","floor":36.0},{"not_picked":["Turbo","Streamline+1","Skim+1"],"picked":"SKIP","floor":38.0},{"not_picked":["Turbo","Go for the Eyes+1"],"picked":"Hologram","floor":39.0},{"not_picked":["Undo+1","Ball Lightning+1","Beam Cell"],"picked":"SKIP","floor":40.0},{"not_picked":["Gash+1","Stack","Blizzard"],"picked":"Singing Bowl","floor":42.0},{"not_picked":["Fusion","Leap+1","Steam+1"],"picked":"Singing Bowl","floor":44.0},{"not_picked":["Amplify","Sunder+1","Gash"],"picked":"Singing Bowl","floor":45.0},{"not_picked":["Coolheaded+1","Steam","Compile Driver"],"picked":"Singing Bowl","floor":46.0},{"not_picked":["Compile Driver","Conserve Battery+1","Hologram"],"picked":"Singing Bowl","floor":48.0},{"not_picked":["Leap+1","Conserve Battery"],"picked":"Glacier+1","floor":54.0}],"player_experience":629272,"relics_obtained":[{"floor":8.0,"key":"Gremlin Horn"},{"floor":9.0,"key":"Orichalcum"},{"floor":13.0,"key":"Potion Belt"},{"floor":25.0,"key":"War Paint"},{"floor":26.0,"key":"Bronze Scales"},{"floor":28.0,"key":"Whetstone"},{"floor":30.0,"key":"Ancient Tea Set"},{"floor":40.0,"key":"Centennial Puzzle"},{"floor":40.0,"key":"Boot"},{"floor":42.0,"key":"Singing Bowl"},{"floor":42.0,"key":"Sundial"},{"floor":43.0,"key":"Bag of Preparation"},{"floor":43.0,"key":"Kunai"},{"floor":45.0,"key":"Strawberry"},{"floor":45.0,"key":"MawBank"},{"floor":54.0,"key":"PreservedInsect"},{"floor":54.0,"key":"Anchor"}],"event_choices":[{"damage_healed":0.0,"max_hp_gain":5.0,"max_hp_loss":0.0,"gold_gain":0.0,"event_name":"Big Fish","player_choice":"Donut","floor":3.0,"gold_loss":0.0,"damage_taken":0.0},{"cards_removed":["Strike_B"],"damage_healed":0.0,"max_hp_gain":0.0,"max_hp_loss":0.0,"gold_gain":0.0,"event_name":"The Cleric","player_choice":"Card Removal","floor":10.0,"gold_loss":50.0,"damage_taken":0.0},{"damage_healed":0.0,"max_hp_gain":0.0,"max_hp_loss":0.0,"gold_gain":30.0,"event_name":"Dead Adventurer","player_choice":"Searched \u00273\u0027 times","floor":14.0,"gold_loss":0.0,"damage_taken":0.0,"relics_obtained":["Shuriken"]},{"damage_healed":0.0,"max_hp_gain":0.0,"max_hp_loss":0.0,"gold_gain":0.0,"event_name":"Addict","player_choice":"Obtained Relic","floor":19.0,"gold_loss":85.0,"damage_taken":0.0,"relics_obtained":["Matryoshka"]},{"cards_removed":["Strike_B"],"damage_healed":0.0,"max_hp_gain":0.0,"max_hp_loss":0.0,"gold_gain":0.0,"event_name":"Beggar","player_choice":"Gave Gold","floor":22.0,"gold_loss":75.0,"damage_taken":0.0},{"damage_healed":0.0,"max_hp_gain":0.0,"max_hp_loss":0.0,"gold_gain":0.0,"event_name":"Wheel of Change","player_choice":"Damaged","floor":37.0,"gold_loss":0.0,"damage_taken":8.0}],"is_beta":false,"boss_relics":[{"not_picked":["Busted Crown","Tiny House"],"picked":"Inserter"},{"not_picked":["Empty Cage","Orrery"],"picked":"Black Star"}],"items_purged_floors":[29,47],"is_endless":false,"potions_floor_spawned":[1,7,8,11,14,18,25,30,33,36,38,40,42,45],"ascension_level":1}