{"gold_per_floor":[365,382,382,399,1,30,49,49,72,72,72,99,116,135,135,206,206,186,205,220,220,237,237,111,111,136,136,136,136,156,190,190,190],"floor_reached":33,"playtime":1112,"items_purged":["Strike_R"],"score":554,"play_id":"6859450d-58b7-47f9-8042-870a406adaa2","local_time":"20190629161418","is_ascension_mode":true,"campfire_choices":[{"data":"Shockwave","floor":8.0,"key":"SMITH"},{"data":"Feel No Pain","floor":10.0,"key":"SMITH"},{"data":"Disarm","floor":15.0,"key":"SMITH"},{"data":"Warcry","floor":25.0,"key":"SMITH"},{"floor":27.0,"key":"REST"},{"data":"Ghostly","floor":29.0,"key":"SMITH"},{"data":"Ghostly","floor":32,"key":"SMITH"}],"neow_cost":"TEN_PERCENT_HP_LOSS","seed_source_timestamp":1548177780465302,"circlet_count":0,"master_deck":["AscendersBane","Strike_R","Strike_R","Strike_R","Strike_R","Defend_R+1","Defend_R","Defend_R+1","Defend_R+1","Bash","Clothesline","Flame Barrier+1","Feel No Pain+1","Reckless Charge+1","Shockwave+1","Anger","Disarm+1","Inflame","Dark Embrace","Corruption","Shrug It Off","Disarm","Warcry+1","Evolve","Ghostly+1","Ghostly+1","Ghostly","Inflame"],"special_seed":0,"relics":["Burning Blood","Mummified Hand","War Paint","Potion Belt","Bronze Scales","Sozu","Dream Catcher","Gremlin Horn"],"potions_floor_usage":[],"damage_taken":[{"damage":4.0,"enemies":"Small Slimes","floor":1.0,"turns":4.0},{"damage":4.0,"enemies":"Jaw Worm","floor":2.0,"turns":3.0},{"damage":0.0,"enemies":"Cultist","floor":4.0,"turns":3.0},{"damage":30.0,"enemies":"Lagavulin","floor":6.0,"turns":9.0},{"damage":0.0,"enemies":"Looter","floor":7.0,"turns":4.0},{"damage":10.0,"enemies":"3 Sentries","floor":12.0,"turns":9.0},{"damage":8.0,"enemies":"Large Slime","floor":13.0,"turns":5.0},{"damage":11.0,"enemies":"Exordium Wildlife","floor":14.0,"turns":5.0},{"damage":18.0,"enemies":"Hexaghost","floor":16.0,"turns":9.0},{"damage":14.0,"enemies":"2 Thieves","floor":18.0,"turns":4.0},{"damage":0.0,"enemies":"3 Byrds","floor":19.0,"turns":2.0},{"damage":24.0,"enemies":"Shelled Parasite and Fungi","floor":20.0,"turns":6.0},{"damage":8.0,"enemies":"3 Cultists","floor":22.0,"turns":5.0},{"damage":1.0,"enemies":"Chosen and Byrds","floor":30.0,"turns":5.0},{"damage":11,"enemies":"Slavers","floor":31,"turns":6},{"damage":33,"enemies":"Collector","floor":33,"turns":4}],"seed_played":"2962252976227266699","potions_obtained":[{"floor":1.0,"key":"SkillPotion"},{"floor":2.0,"key":"Weak Potion"},{"floor":7.0,"key":"Dexterity Potion"},{"floor":14.0,"key":"Weak Potion"},{"floor":16.0,"key":"Dexterity Potion"}],"is_trial":false,"path_per_floor":["M","M","?","M","$","E","M","R","T","R","?","E","M","M","R","B",null,"M","M","M","?","M","?","$","R","T","R","?","R","M","E","R","B"],"character_chosen":"IRONCLAD","items_purchased":["Mummified Hand","Feel No Pain","Reckless Charge","Warcry"],"campfire_rested":1,"item_purchase_floors":[5,5,5,24],"current_hp_per_floor":[68,68,48,54,54,30,36,36,36,36,36,32,30,25,25,13,54,46,52,34,15,13,13,13,13,13,34,34,34,36,31,31,0],"gold":190,"neow_bonus":"TWO_FIFTY_GOLD","is_prod":false,"is_daily":false,"chose_seed":false,"campfire_upgraded":6,"win_rate":0,"timestamp":1561850058,"path_taken":["M","M","?","M","$","E","M","R","T","R","?","E","?","M","R","BOSS","M","M","M","?","M","?","$","R","T","R","?","R","M","E","R","BOSS"],"build_version":"2019-01-23","purchased_purges":1,"victory":false,"max_hp_per_floor":[68,68,68,68,68,68,68,68,68,68,68,68,68,68,68,68,68,68,68,68,73,73,73,73,73,73,73,36,36,36,36,36,36],"card_choices":[{"not_picked":["Perfected Strike","Pommel Strike"],"picked":"Clothesline","floor":1.0},{"not_picked":["Body Slam","Headbutt"],"picked":"Flame Barrier","floor":2.0},{"not_picked":["Havoc","Blood for Blood","Body Slam"],"picked":"SKIP","floor":4.0},{"not_picked":["Rage","Searing Blow","Clash"],"picked":"SKIP","floor":6.0},{"not_picked":["Armaments","Dark Embrace"],"picked":"Shockwave","floor":7.0},{"not_picked":["Flame Barrier","Wild Strike"],"picked":"Anger","floor":12.0},{"not_picked":["Metallicize","Power Through"],"picked":"Disarm","floor":13.0},{"not_picked":["Twin Strike","Rage"],"picked":"Inflame","floor":14.0},{"not_picked":["Immolate","Bludgeon"],"picked":"Dark Embrace","floor":16.0},{"not_picked":["Rampage","Headbutt"],"picked":"Corruption","floor":18.0},{"not_picked":["Headbutt","Heavy Blade","Corruption+1"],"picked":"SKIP","floor":19.0},{"not_picked":["Corruption","Uppercut"],"picked":"Shrug It Off","floor":20.0},{"not_picked":["Pommel Strike","Uppercut"],"picked":"Disarm","floor":22.0},{"not_picked":["Thunderclap","Armaments+1"],"picked":"Evolve","floor":27.0},{"not_picked":["Cleave","Shrug It Off"],"picked":"Inflame","floor":30},{"not_picked":["Combust","Shockwave","Perfected Strike"],"picked":"SKIP","floor":31}],"player_experience":823689,"relics_obtained":[{"floor":6.0,"key":"War Paint"},{"floor":9.0,"key":"Potion Belt"},{"floor":12.0,"key":"Bronze Scales"},{"floor":26.0,"key":"Dream Catcher"},{"floor":31,"key":"Gremlin Horn"}],"event_choices":[{"damage_healed":0.0,"max_hp_gain":0.0,"max_hp_loss":0.0,"gold_gain":0.0,"event_name":"Shining Light","player_choice":"Entered Light","floor":3.0,"gold_loss":0.0,"damage_taken":20.0,"cards_upgraded":["Defend_R","Flame Barrier"]},{"damage_healed":0.0,"max_hp_gain":0.0,"max_hp_loss":0.0,"gold_gain":0.0,"event_name":"Upgrade Shrine","player_choice":"Upgraded","floor":11.0,"gold_loss":0.0,"damage_taken":0.0,"cards_upgraded":["Reckless Charge"]},{"damage_healed":0.0,"max_hp_gain":5.0,"max_hp_loss":0.0,"gold_gain":0.0,"event_name":"Forgotten Altar","player_choice":"Shed Blood","floor":21.0,"gold_loss":0.0,"damage_taken":24.0},{"damage_healed":0.0,"max_hp_gain":0.0,"max_hp_loss":0.0,"gold_gain":0.0,"event_name":"Cursed Tome","player_choice":"Ignored","floor":23.0,"gold_loss":0.0,"damage_taken":0.0},{"damage_healed":0.0,"max_hp_gain":0.0,"max_hp_loss":37.0,"gold_gain":0.0,"event_name":"Ghosts","player_choice":"Became a Ghost","floor":28.0,"gold_loss":0.0,"damage_taken":0.0,"cards_obtained":["Ghostly","Ghostly","Ghostly"]}],"is_beta":false,"boss_relics":[{"not_picked":["Mark of Pain","Astrolabe"],"picked":"Sozu"}],"items_purged_floors":[24],"is_endless":false,"potions_floor_spawned":[1,2,7,14,16,18,19,30],"killed_by":"Collector","ascension_level":20}