{"gold_per_floor":[118,118,118,129,142,142,63,63,63,92,13,43,43,57,57,159,159,179,179,190,0,75,75,102,102,102,130,55,105,21,34,34,130,130,145,145,77,77,77,77,2,36,36,55,55,55,72,72,72,72],"floor_reached":51,"playtime":3686,"items_purged":["Writhe"],"score":1056,"play_id":"1a9b91aa-e4d4-4473-98d5-bfdf5c4de081","local_time":"20190707221617","is_ascension_mode":true,"campfire_choices":[{"data":"Go for the Eyes","floor":6,"key":"SMITH"},{"data":"Loop","floor":8,"key":"SMITH"},{"data":"Capacitor","floor":13,"key":"SMITH"},{"floor":15,"key":"REST"},{"data":"Apotheosis","floor":23,"key":"SMITH"},{"data":"Genetic Algorithm","floor":25,"key":"SMITH"},{"floor":32,"key":"REST"},{"data":"Self Repair","floor":40,"key":"SMITH"},{"data":"Echo Form","floor":46,"key":"SMITH"},{"floor":49,"key":"REST"}],"neow_cost":"NONE","seed_source_timestamp":1555401974074,"circlet_count":0,"master_deck":["Strike_B+1","Strike_B+1","Strike_B+1","Defend_B+1","Defend_B+1","Defend_B+1","Defend_B+1","Zap+1","Dualcast+1","Beam Cell+1","Go for the Eyes+1","Coolheaded+1","Loop+1","Glacier+1","Capacitor+1","Genetic Algorithm+1","Self Repair+1","Echo Form+1","Compile Driver+1","Apotheosis+1","Barrage+1","Recycle+1","Steam+1","Auto Shields+1","Amplify+1","Cold Snap+1","Consume+1","Dark Shackles+1","Leap+1","Chill+1"],"relics":["Cracked Core","Juzu Bracelet","Matryoshka","FossilizedHelix","Happy Flower","White Beast Statue","Dream Catcher","DataDisk","Toxic Egg 2","Mummified Hand","Meat on the Bone","Mercury Hourglass","Boot","Letter Opener","Mark of the Bloom"],"potions_floor_usage":[14,27,27,27,33,42,50,50],"damage_taken":[{"damage":0,"enemies":"Small Slimes","floor":1,"turns":2},{"damage":0,"enemies":"2 Louse","floor":4,"turns":2},{"damage":0,"enemies":"Cultist","floor":5,"turns":2},{"damage":5,"enemies":"Lagavulin","floor":10,"turns":8},{"damage":10,"enemies":"3 Sentries","floor":12,"turns":12},{"damage":42,"enemies":"Gremlin Gang","floor":14,"turns":7},{"damage":3,"enemies":"The Guardian","floor":16,"turns":16},{"damage":0,"enemies":"Chosen","floor":18,"turns":6},{"damage":13,"enemies":"Shell Parasite","floor":20,"turns":6},{"damage":31,"enemies":"Book of Stabbing","floor":24,"turns":8},{"damage":57,"enemies":"Gremlin Leader","floor":27,"turns":10},{"damage":15,"enemies":"Snake Plant","floor":31,"turns":5},{"damage":0,"enemies":"Collector","floor":33,"turns":13},{"damage":33,"enemies":"3 Darklings","floor":35,"turns":6},{"damage":37,"enemies":"Nemesis","floor":42,"turns":7},{"damage":0,"enemies":"3 Shapes","floor":44,"turns":9},{"damage":4,"enemies":"Spire Growth","floor":47,"turns":7},{"damage":0,"enemies":"Donu and Deca","floor":50,"turns":18}],"seed_played":"-3323757361178400102","potions_obtained":[{"floor":4,"key":"SpeedPotion"},{"floor":5,"key":"EssenceOfSteel"},{"floor":12,"key":"Weak Potion"},{"floor":14,"key":"Regen Potion"},{"floor":18,"key":"Energy Potion"},{"floor":20,"key":"Dexterity Potion"},{"floor":24,"key":"AttackPotion"},{"floor":27,"key":"Explosive Potion"},{"floor":31,"key":"Ancient Potion"},{"floor":33,"key":"FearPotion"},{"floor":35,"key":"GamblersBrew"},{"floor":42,"key":"Fire Potion"},{"floor":47,"key":"PowerPotion"}],"is_trial":false,"path_per_floor":["M","?","?","M","M","R","$","R","T","E","$","E","R","M","R","B",null,"M","?","M","$","?","R","E","R","T","E","?","?","$","M","R","B",null,"M","T","$","?","?","R","$","E","T","M","?","R","M","?","R","B",null],"character_chosen":"DEFECT","items_purchased":["Coolheaded","Loop","Capacitor","Apotheosis","Loop","Steam+1","Consume+1"],"campfire_rested":3,"item_purchase_floors":[7,7,11,21,30,30,37],"current_hp_per_floor":[75,75,80,80,80,80,80,80,80,75,75,65,65,23,47,51,73,80,80,80,80,72,72,51,51,51,19,19,19,19,11,35,45,71,45,45,45,65,65,65,65,60,60,80,80,80,80,80,80,80],"gold":72,"neow_bonus":"RANDOM_COMMON_RELIC","is_prod":false,"is_daily":false,"chose_seed":false,"campfire_upgraded":7,"win_rate":0,"timestamp":1562555777,"path_taken":["M","?","?","M","M","R","$","R","T","E","$","E","R","M","R","BOSS","M","?","M","$","?","R","E","R","T","E","?","?","$","M","R","BOSS","M","?","$","?","?","R","$","E","T","M","?","R","M","?","R","BOSS"],"build_version":"2019-07-05","purchased_purges":1,"victory":true,"max_hp_per_floor":[75,75,80,80,80,80,80,80,80,80,80,80,80,80,80,80,80,80,80,80,80,80,80,80,80,80,80,80,80,80,80,80,80,80,80,80,80,80,80,80,80,80,80,80,80,80,80,80,80,80],"card_choices":[{"not_picked":["Stack","Barrage"],"picked":"Beam Cell","floor":1},{"not_picked":["Stack","Fission"],"picked":"Go for the Eyes","floor":4},{"not_picked":["Gash","Turbo","Double Energy"],"picked":"SKIP","floor":5},{"not_picked":["Darkness","Hello World"],"picked":"Glacier","floor":10},{"not_picked":["Cold Snap","Turbo"],"picked":"Genetic Algorithm","floor":12},{"not_picked":["Hello World","Go for the Eyes"],"picked":"Self Repair","floor":14},{"not_picked":["Biased Cognition","Reboot"],"picked":"Echo Form","floor":16},{"not_picked":["Force Field","Redo"],"picked":"Compile Driver","floor":18},{"not_picked":["Rebound","Beam Cell","Conserve Battery"],"picked":"SKIP","floor":20},{"not_picked":["Go for the Eyes","Streamline+1"],"picked":"Barrage","floor":24},{"not_picked":["Conserve Battery+1","Sweeping Beam"],"picked":"Recycle+1","floor":27},{"not_picked":["Steam+1","Gash"],"picked":"Auto Shields+1","floor":31},{"not_picked":["Rainbow+1","Seek+1"],"picked":"Amplify+1","floor":33},{"not_picked":["Lockon","Heatsinks"],"picked":"Cold Snap+1","floor":35},{"not_picked":["Swift Strike","Trip+1"],"picked":"Dark Shackles+1","floor":39},{"not_picked":["Double Energy+1","Tempest+1"],"picked":"Leap+1","floor":42},{"not_picked":["Steam Power+1","Barrage"],"picked":"Chill+1","floor":44},{"not_picked":["Beam Cell+1","Self Repair+1","Conserve Battery+1"],"picked":"SKIP","floor":47}],"player_experience":279998,"relics_obtained":[{"floor":9,"key":"Matryoshka"},{"floor":10,"key":"FossilizedHelix"},{"floor":12,"key":"Happy Flower"},{"floor":24,"key":"Dream Catcher"},{"floor":26,"key":"DataDisk"},{"floor":26,"key":"Toxic Egg 2"},{"floor":27,"key":"Mummified Hand"},{"floor":36,"key":"Meat on the Bone"},{"floor":36,"key":"Mercury Hourglass"},{"floor":42,"key":"Boot"},{"floor":43,"key":"Letter Opener"}],"event_choices":[{"damage_healed":0,"gold_gain":0,"player_choice":"Grow","damage_taken":0,"max_hp_gain":0,"max_hp_loss":0,"event_name":"Living Wall","floor":2,"gold_loss":0,"cards_upgraded":["Zap"]},{"damage_healed":0,"gold_gain":0,"player_choice":"Donut","damage_taken":0,"max_hp_gain":5,"max_hp_loss":0,"event_name":"Big Fish","floor":3,"gold_loss":0},{"damage_healed":0,"gold_gain":0,"player_choice":"Bought 0 Potions","damage_taken":0,"max_hp_gain":0,"max_hp_loss":0,"event_name":"The Woman in Blue","floor":19,"gold_loss":0},{"damage_healed":0,"gold_gain":75,"player_choice":"Touch","damage_taken":8,"max_hp_gain":0,"max_hp_loss":0,"event_name":"FaceTrader","floor":22,"gold_loss":0},{"cards_removed":["Strike_B"],"damage_healed":0,"gold_gain":0,"player_choice":"Gave Gold","damage_taken":0,"max_hp_gain":0,"max_hp_loss":0,"event_name":"Beggar","floor":28,"gold_loss":75},{"damage_healed":0,"gold_gain":100,"player_choice":"Bet on Murderer","damage_taken":0,"max_hp_gain":0,"max_hp_loss":0,"event_name":"The Joust","floor":29,"gold_loss":50},{"damage_healed":20,"gold_gain":0,"player_choice":"Writhe","damage_taken":0,"max_hp_gain":0,"max_hp_loss":0,"event_name":"Winding Halls","floor":38,"gold_loss":0,"cards_obtained":["Writhe"]},{"damage_healed":0,"gold_gain":0,"player_choice":"Memory 1","damage_taken":0,"max_hp_gain":0,"max_hp_loss":0,"event_name":"SensoryStone","floor":39,"gold_loss":0},{"cards_removed":["Loop"],"damage_healed":0,"gold_gain":0,"player_choice":"Removed Power","damage_taken":0,"max_hp_gain":0,"max_hp_loss":0,"event_name":"Falling","floor":45,"gold_loss":0},{"damage_healed":0,"gold_gain":0,"player_choice":"Upgrade","damage_taken":0,"relics_obtained":["Mark of the Bloom"],"max_hp_gain":0,"max_hp_loss":0,"event_name":"MindBloom","floor":48,"gold_loss":0,"cards_upgraded":["Strike_B","Strike_B","Strike_B","Defend_B","Defend_B","Defend_B","Defend_B","Dualcast","Beam Cell","Coolheaded","Glacier","Compile Driver","Barrage"]}],"is_beta":false,"boss_relics":[{"not_picked":["Snecko Eye","Astrolabe"],"picked":"White Beast Statue"},{"not_picked":["Calling Bell","Runic Dome","Pandora\u0027s Box"]}],"items_purged_floors":[41],"is_endless":false,"potions_floor_spawned":[4,5,12,14,18,20,24,27,31,33,35,42,44,47],"ascension_level":5}