{"gold_per_floor":[112,62,62,76,88,118,118,43,43,77,77,77,97,116,116,214,214,228,503,515,532,215,215,233,233,233,233,0,0,14,28,28,28],"floor_reached":33,"playtime":1873,"items_purged":["Strike_R","Regret"],"score":308,"play_id":"a0cbbe8f-c316-4e66-a290-a652091c55ee","local_time":"20190701164751","is_ascension_mode":true,"campfire_choices":[{"floor":7,"key":"REST"},{"data":"Flex","floor":11,"key":"SMITH"},{"floor":15,"key":"REST"},{"data":"Dark Embrace","floor":23,"key":"SMITH"},{"floor":25,"key":"REST"},{"floor":27,"key":"REST"},{"floor":32,"key":"REST"}],"neow_cost":"NONE","seed_source_timestamp":639483395713249,"circlet_count":0,"master_deck":["Strike_R","Strike_R","Strike_R","Defend_R","Defend_R","Defend_R","Defend_R","Bash","Flex+1","Feel No Pain","Burning Pact","Pommel Strike","Pummel","Shockwave","Demon Form","Inflame+1","Perfected Strike","Dark Embrace+1","Carnage"],"relics":["Burning Blood","Incense Burner","Darkstone Periapt","Mercury Hourglass","Bronze Scales","Velvet Choker","Bag of Marbles","Pear"],"potions_floor_usage":[5,10,30,30,33],"damage_taken":[{"damage":6,"enemies":"Cultist","floor":1,"turns":4},{"damage":15,"enemies":"Jaw Worm","floor":4,"turns":6},{"damage":1,"enemies":"Small Slimes","floor":5,"turns":2},{"damage":30,"enemies":"Gremlin Nob","floor":6,"turns":4},{"damage":32,"enemies":"Lagavulin","floor":10,"turns":7},{"damage":18,"enemies":"Exordium Thugs","floor":13,"turns":3},{"damage":18,"enemies":"Gremlin Gang","floor":14,"turns":3},{"damage":46,"enemies":"Slime Boss","floor":16,"turns":10},{"damage":31,"enemies":"2 Thieves","floor":18,"turns":4},{"damage":12,"enemies":"Chosen","floor":20,"turns":3},{"damage":20,"enemies":"Snecko","floor":21,"turns":4},{"damage":28,"enemies":"Shelled Parasite and Fungi","floor":24,"turns":4},{"damage":9,"enemies":"Chosen and Byrds","floor":30,"turns":4},{"damage":36,"enemies":"Cultist and Chosen","floor":31,"turns":6},{"damage":67,"enemies":"Champ","floor":33,"turns":10}],"seed_played":"336960796974121567","potions_obtained":[{"floor":4,"key":"Fire Potion"},{"floor":6,"key":"PowerPotion"},{"floor":10,"key":"Explosive Potion"},{"floor":18,"key":"Weak Potion"},{"floor":24,"key":"Fire Potion"},{"floor":31,"key":"Dexterity Potion"}],"is_trial":false,"path_per_floor":["M","?","?","M","M","E","R","$","T","E","R","?","M","M","R","B",null,"M","?","M","M","$","R","M","R","T","R","?","?","M","M","R","B"],"character_chosen":"IRONCLAD","items_purchased":["Bag of Marbles","Dark Embrace"],"campfire_rested":5,"item_purchase_floors":[22,22],"current_hp_per_floor":[80,80,80,71,76,52,76,76,76,50,50,50,38,26,50,10,80,55,61,55,41,41,41,19,44,54,82,82,63,60,30,60,0],"gold":28,"neow_bonus":"THREE_CARDS","is_prod":false,"is_daily":false,"chose_seed":false,"campfire_upgraded":2,"win_rate":0,"timestamp":1562014071,"path_taken":["M","?","?","M","M","E","R","$","T","E","R","?","M","?","R","BOSS","M","?","M","?","$","R","M","R","T","R","?","?","M","M","R","BOSS"],"build_version":"2019-01-23","purchased_purges":2,"victory":false,"max_hp_per_floor":[80,80,80,80,80,80,80,80,80,80,80,80,80,80,80,80,80,80,86,86,86,86,86,86,86,96,96,96,101,101,101,101,101],"card_choices":[{"not_picked":["Rampage","Headbutt"],"picked":"Flex","floor":0},{"not_picked":["Shrug It Off","Flex"],"picked":"Feel No Pain","floor":1},{"not_picked":["Sword Boomerang","Headbutt"],"picked":"Burning Pact","floor":4},{"not_picked":["Flex","Clash"],"picked":"Pommel Strike","floor":5},{"not_picked":["Warcry","Carnage","Hemokinesis"],"picked":"SKIP","floor":6},{"not_picked":["Whirlwind","Battle Trance"],"picked":"Pummel","floor":10},{"not_picked":["Clash","Wild Strike"],"picked":"Shockwave","floor":13},{"not_picked":["Body Slam","Flex","Pommel Strike"],"picked":"SKIP","floor":14},{"not_picked":["Bludgeon","Dark Embrace"],"picked":"Demon Form","floor":16},{"not_picked":["Wild Strike","Intimidate"],"picked":"Inflame+1","floor":18},{"not_picked":["Entrench","True Grit"],"picked":"Perfected Strike","floor":20},{"not_picked":["Clothesline","Iron Wave","Infernal Blade"],"picked":"SKIP","floor":21},{"not_picked":["Twin Strike","Headbutt+1"],"picked":"Carnage","floor":24},{"not_picked":["Wild Strike","Fire Breathing","Rupture"],"picked":"SKIP","floor":30},{"not_picked":["Heavy Blade","Uppercut","Shrug It Off"],"picked":"SKIP","floor":31}],"player_experience":174797,"relics_obtained":[{"floor":6,"key":"Incense Burner"},{"floor":9,"key":"Darkstone Periapt"},{"floor":10,"key":"Mercury Hourglass"},{"floor":26,"key":"Pear"}],"event_choices":[{"cards_removed":["Strike_R"],"damage_healed":0,"gold_gain":0,"player_choice":"Card Removal","damage_taken":0,"max_hp_gain":0,"max_hp_loss":0,"event_name":"The Cleric","floor":2,"gold_loss":50},{"damage_healed":0,"gold_gain":0,"player_choice":"Ignored","damage_taken":0,"max_hp_gain":0,"max_hp_loss":0,"event_name":"Liars Game","floor":3,"gold_loss":0},{"damage_healed":0,"gold_gain":0,"player_choice":"Gave Potion","damage_taken":0,"relics_obtained":["Bronze Scales"],"max_hp_gain":0,"max_hp_loss":0,"event_name":"WeMeetAgain","floor":12,"gold_loss":0},{"damage_healed":0,"gold_gain":275,"player_choice":"Desecrate","damage_taken":0,"max_hp_gain":0,"max_hp_loss":0,"event_name":"Golden Shrine","floor":19,"gold_loss":0,"cards_obtained":["Regret"]},{"damage_healed":0,"gold_gain":0,"player_choice":"Paid Fearfully","damage_taken":0,"max_hp_gain":0,"max_hp_loss":0,"event_name":"Masked Bandits","floor":28,"gold_loss":233},{"damage_healed":0,"gold_gain":0,"player_choice":"Shed Blood","damage_taken":24,"max_hp_gain":5,"max_hp_loss":0,"event_name":"Forgotten Altar","floor":29,"gold_loss":0}],"is_beta":false,"boss_relics":[{"not_picked":["White Beast Statue","Runic Dome"],"picked":"Velvet Choker"}],"items_purged_floors":[8,22],"is_endless":false,"potions_floor_spawned":[4,6,10,18,24,31],"killed_by":"Champ","ascension_level":2}