{"gold_per_floor":[111,111,130,130,141,173,173,138,162,175,187,206,46,56,56,56],"floor_reached":16,"playtime":307,"items_purged":["Strike_B"],"score":208,"play_id":"c75e766e-beb8-430e-8772-666171eb7b2b","local_time":"20190525150007","is_ascension_mode":true,"campfire_choices":[{"floor":7,"key":"REST"},{"data":"Zap","floor":15,"key":"SMITH"}],"neow_cost":"PERCENT_DAMAGE","seed_source_timestamp":907820314542737,"circlet_count":0,"master_deck":["AscendersBane","Strike_B","Strike_B","Strike_B","Defend_B","Defend_B","Defend_B","Defend_B","Zap+1","Dualcast","Biased Cognition","Conserve Battery","Streamline","Seek","Cold Snap","Hologram","Blizzard","Ball Lightning","Stack"],"special_seed":0,"relics":["Cracked Core","Boot","Orichalcum"],"potions_floor_usage":[6,11],"damage_taken":[{"damage":7.0,"enemies":"Jaw Worm","floor":1.0,"turns":3.0},{"damage":0,"enemies":"2 Louse","floor":3,"turns":3},{"damage":0,"enemies":"Small Slimes","floor":5,"turns":4},{"damage":28,"enemies":"3 Sentries","floor":6,"turns":6},{"damage":4,"enemies":"2 Fungi Beasts","floor":10,"turns":3},{"damage":2,"enemies":"Exordium Thugs","floor":11,"turns":4},{"damage":7,"enemies":"Red Slaver","floor":12,"turns":4},{"damage":5,"enemies":"Blue Slaver","floor":14,"turns":3},{"damage":0,"enemies":"Hexaghost","floor":16,"turns":1}],"seed_played":"-1010722274873839070","potions_obtained":[{"floor":5,"key":"Energy Potion"},{"floor":6,"key":"SpeedPotion"},{"floor":14,"key":"FearPotion"}],"is_trial":false,"path_per_floor":["M","?","M","?","M","E","R","?","T","M","M","M","$","M","R","B"],"character_chosen":"DEFECT","items_purchased":["Ball Lightning","Stack"],"campfire_rested":1,"item_purchase_floors":[13,13],"current_hp_per_floor":[39,39,39,44,44,16,38,57,57,53,51,44,44,39,39,39],"gold":56,"neow_bonus":"THREE_RARE_CARDS","is_prod":false,"is_daily":false,"chose_seed":false,"campfire_upgraded":1,"win_rate":0,"timestamp":1558821607,"path_taken":["M","?","M","?","M","E","R","?","T","M","M","M","$","M","R","BOSS"],"build_version":"2019-01-23","purchased_purges":1,"victory":false,"max_hp_per_floor":[71,71,71,76,76,76,76,76,76,76,76,76,76,76,76,76],"card_choices":[{"not_picked":["Hyperbeam","Thunder Strike"],"picked":"Biased Cognition","floor":0.0},{"not_picked":["Rebound","Hello World"],"picked":"Conserve Battery","floor":1.0},{"not_picked":["Consume","Reprogram","Stack"],"picked":"SKIP","floor":3},{"not_picked":["Hologram","Steam"],"picked":"Streamline","floor":5},{"not_picked":["Conserve Battery","Static Discharge"],"picked":"Seek","floor":6},{"not_picked":["Compile Driver","Redo"],"picked":"Cold Snap","floor":10},{"not_picked":["Chaos","Leap"],"picked":"Hologram","floor":11},{"not_picked":["Loop","Gash"],"picked":"Blizzard","floor":12},{"not_picked":["FTL","Turbo","Rebound"],"picked":"SKIP","floor":14}],"player_experience":728243,"relics_obtained":[{"floor":6,"key":"Boot"},{"floor":9,"key":"Orichalcum"}],"event_choices":[{"damage_healed":0,"gold_gain":0,"player_choice":"Ignored","damage_taken":0,"max_hp_gain":0,"max_hp_loss":0,"event_name":"Shining Light","floor":2,"gold_loss":0},{"damage_healed":0,"gold_gain":0,"player_choice":"Donut","damage_taken":0,"max_hp_gain":5,"max_hp_loss":0,"event_name":"Big Fish","floor":4,"gold_loss":0},{"damage_healed":19,"gold_gain":0,"player_choice":"Healed","damage_taken":0,"max_hp_gain":0,"max_hp_loss":0,"event_name":"The Cleric","floor":8,"gold_loss":35}],"is_beta":false,"boss_relics":[],"items_purged_floors":[13],"is_endless":false,"potions_floor_spawned":[5,6,14],"killed_by":"Hexaghost","ascension_level":20}