{"gold_per_floor":[111,123,140,158,177,177,194,229,283,23,42,42,42,61,61,159,159,174,190,217,140,140,173,173,205,205,8,31,31,43,63,63,63],"floor_reached":33,"playtime":1798,"items_purged":[],"score":303,"play_id":"c317bb90-61a7-4286-aa6b-62ad64ab1057","local_time":"20180714053824","is_ascension_mode":true,"campfire_choices":[{"data":"Chaos","floor":6,"key":"SMITH"},{"data":"White Noise","floor":12,"key":"SMITH"},{"floor":15,"key":"REST"},{"floor":24,"key":"REST"},{"floor":32,"key":"REST"}],"neow_cost":"CURSE","seed_source_timestamp":438802276788949,"circlet_count":0,"master_deck":["Defend_B","Defend_B+1","Defend_B","Zap","Dualcast","Clumsy","Beam Cell","FTL","Defragment","Chill+1","White Noise+1","Cold Snap","Chaos+1","Skim","Melter","Defragment","Blizzard","Seek+1","FTL","All For One","Amplify+1","Defragment+1","Skim+1","Turbo+1","Double Energy","J.A.X.","Recycle","Creative AI","Consume+1","Self Repair"],"relics":["Cracked Core","Bottled Lightning","Art of War","Anchor","Astrolabe","Bag of Preparation","FaceOfCleric","Oddly Smooth Stone","Singing Bowl","Bottled Flame","HandDrill","War Paint"],"potions_floor_usage":[4,5,11,16,23,25,31],"damage_taken":[{"damage":0,"enemies":"Cultist","floor":1,"turns":3},{"damage":1,"enemies":"Jaw Worm","floor":2,"turns":3},{"damage":0,"enemies":"Small Slimes","floor":3,"turns":3},{"damage":0,"enemies":"2 Fungi Beasts","floor":4,"turns":4},{"damage":4,"enemies":"Looter","floor":5,"turns":3},{"damage":8,"enemies":"Red Slaver","floor":7,"turns":3},{"damage":13,"enemies":"Lagavulin","floor":8,"turns":5},{"damage":0,"enemies":"Large Slime","floor":11,"turns":4},{"damage":0,"enemies":"Blue Slaver","floor":14,"turns":3},{"damage":21,"enemies":"The Guardian","floor":16,"turns":7},{"damage":8,"enemies":"Shell Parasite","floor":18,"turns":4},{"damage":0,"enemies":"Spheric Guardian","floor":19,"turns":1},{"damage":27,"enemies":"Slavers","floor":23,"turns":6},{"damage":18,"enemies":"Gremlin Leader","floor":25,"turns":6},{"damage":0,"enemies":"Centurion and Healer","floor":30,"turns":6},{"damage":22,"enemies":"Cultist and Chosen","floor":31,"turns":7},{"damage":68,"enemies":"Automaton","floor":33,"turns":6}],"seed_played":"-6929997617619128997","potions_obtained":[{"floor":2,"key":"EssenceOfSteel"},{"floor":3,"key":"Weak Potion"},{"floor":5,"key":"GamblersBrew"},{"floor":8,"key":"AttackPotion"},{"floor":14,"key":"SmokeBomb"},{"floor":18,"key":"SneckoOil"},{"floor":23,"key":"FocusPotion"},{"floor":30,"key":"FocusPotion"}],"is_trial":false,"path_per_floor":["M","M","M","M","M","R","M","E","T","$","M","R","?","M","R","B",null,"M","M","T","?","?","E","R","E","T","$","T","$","M","M","R"],"character_chosen":"DEFECT","items_purchased":["Anchor","Defragment","Blizzard","HandDrill"],"campfire_rested":3,"item_purchase_floors":[10,10,10,27],"current_hp_per_floor":[75,74,74,74,70,70,62,49,49,49,49,49,49,49,71,50,75,67,67,67,67,67,41,63,46,46,46,46,46,47,26,49,0],"gold":63,"neow_bonus":"TRANSFORM_TWO_CARDS","is_prod":false,"is_daily":false,"chose_seed":false,"campfire_upgraded":2,"win_rate":0,"timestamp":1531561104,"path_taken":["M","M","M","M","?","R","M","E","T","?","?","R","?","M","R","BOSS","M","M","?","?","?","E","R","E","T","$","?","$","?","M","R","BOSS"],"build_version":"2018-07-12","purchased_purges":0,"victory":false,"max_hp_per_floor":[75,75,75,75,75,75,75,75,75,75,75,75,75,75,75,75,75,75,75,75,75,75,76,76,77,77,77,77,77,78,79,79,79],"card_choices":[{"not_picked":["Conserve Battery","Hello World"],"picked":"Defragment","floor":1},{"not_picked":["Cold Snap","BootSequence"],"picked":"Chill","floor":2},{"not_picked":["Rebound","Undo"],"picked":"White Noise","floor":3},{"not_picked":["Hologram","Ball Lightning"],"picked":"Cold Snap","floor":4},{"not_picked":["Coolheaded","Barrage"],"picked":"Chaos","floor":5},{"not_picked":["Rebound","Hologram"],"picked":"Skim","floor":7},{"not_picked":["Self Repair","Compile Driver"],"picked":"Melter","floor":8},{"not_picked":["Conserve Battery","Sweeping Beam"],"picked":"Seek","floor":11},{"not_picked":["Stack","Conserve Battery"],"picked":"FTL","floor":14},{"not_picked":["Creative AI","Multi-Cast"],"picked":"All For One","floor":16},{"not_picked":["Beam Cell","Steam"],"picked":"Turbo+1","floor":18},{"not_picked":["Leap","Redo"],"picked":"Double Energy","floor":19},{"not_picked":["Sweeping Beam","Hologram+1"],"picked":"Recycle","floor":23},{"not_picked":["Doom and Gloom+1","Turbo"],"picked":"Creative AI","floor":25},{"not_picked":["Scrape","Cold Snap"],"picked":"Consume+1","floor":30},{"not_picked":["Blizzard","Leap"],"picked":"Self Repair","floor":31}],"player_experience":422591,"relics_obtained":[{"floor":8,"key":"Bottled Lightning"},{"floor":9,"key":"Art of War"},{"floor":20,"key":"Bag of Preparation"},{"floor":23,"key":"Oddly Smooth Stone"},{"floor":25,"key":"Singing Bowl"},{"floor":26,"key":"Bottled Flame"},{"floor":28,"key":"War Paint"}],"event_choices":[{"event_name":"Living Wall","player_choice":"Grow","floor":13,"damage_taken":0},{"event_name":"Drug Dealer","player_choice":"Got JAXXED","floor":21,"damage_taken":0},{"event_name":"FaceTrader","player_choice":"Trade","floor":22,"damage_taken":0}],"boss_relics":[{"not_picked":["Philosopher\u0027s Stone","FrozenCore"],"picked":"Astrolabe"}],"items_purged_floors":[],"is_endless":false,"potions_floor_spawned":[2,3,5,8,14,18,23,30],"killed_by":"Automaton","ascension_level":1}