{"gold_per_floor":[112,112,77,77,93,128,128,158,158,184,34,51,51],"floor_reached":13,"playtime":453,"items_purged":[],"score":126,"play_id":"4bf17f59-fadf-4f22-9eca-96ab2e9b0876","local_time":"20190623155230","is_ascension_mode":true,"campfire_choices":[{"data":"Trip","floor":7,"key":"SMITH"}],"neow_cost":"NONE","seed_source_timestamp":184119159197400,"circlet_count":0,"master_deck":["Strike_B","Strike_B","Strike_B","Strike_B+1","Defend_B","Defend_B","Defend_B+1","Zap","Dualcast","Trip+1","Leap","Defragment","Leap","White Noise","Self Repair","Lockon"],"relics":["Cracked Core","Gambling Chip","Girya","Omamori","Blood Vial"],"potions_floor_usage":[6,10,10,13],"damage_taken":[{"damage":12,"enemies":"Jaw Worm","floor":1,"turns":2},{"damage":0,"enemies":"2 Louse","floor":5,"turns":2},{"damage":1,"enemies":"3 Sentries","floor":6,"turns":2},{"damage":33,"enemies":"Lagavulin","floor":8,"turns":6},{"damage":22,"enemies":"3 Sentries","floor":10,"turns":6},{"damage":0,"enemies":"Cultist","floor":12,"turns":3},{"damage":28,"enemies":"Gremlin Nob","floor":13,"turns":3}],"seed_played":"-8947539426304673322","potions_obtained":[{"floor":1,"key":"Energy Potion"},{"floor":5,"key":"PowerPotion"},{"floor":8,"key":"Strength Potion"},{"floor":10,"key":"SteroidPotion"}],"is_trial":false,"path_per_floor":["M","?","?","?","M","E","R","E","T","E","$","M","E"],"character_chosen":"DEFECT","items_purchased":["Blood Vial"],"campfire_rested":0,"item_purchase_floors":[11],"current_hp_per_floor":[63,48,66,59,59,58,58,25,25,3,3,12,0],"gold":51,"neow_bonus":"RANDOM_COLORLESS","is_prod":false,"is_daily":false,"chose_seed":false,"campfire_upgraded":1,"win_rate":0,"timestamp":1561319550,"path_taken":["M","?","?","?","?","E","R","E","T","E","?","M","E"],"build_version":"2019-06-21","purchased_purges":0,"victory":false,"max_hp_per_floor":[75,75,75,75,75,75,75,75,75,75,75,75,75],"card_choices":[{"not_picked":["Steam","Heatsinks"],"picked":"Leap","floor":1},{"not_picked":["White Noise","Sunder"],"picked":"Defragment","floor":5},{"not_picked":["Steam","Compile Driver"],"picked":"Leap","floor":6},{"not_picked":["Steam","Gash"],"picked":"White Noise","floor":8},{"not_picked":["Compile Driver","Go for the Eyes"],"picked":"Self Repair","floor":10},{"not_picked":["Coolheaded","Hello World"],"picked":"Lockon","floor":12}],"player_experience":1114032,"relics_obtained":[{"floor":6,"key":"Gambling Chip"},{"floor":8,"key":"Girya"},{"floor":10,"key":"Omamori"}],"event_choices":[{"damage_healed":0,"gold_gain":0,"player_choice":"Entered Light","damage_taken":15,"max_hp_gain":0,"max_hp_loss":0,"event_name":"Shining Light","floor":2,"gold_loss":0,"cards_upgraded":["Strike_B","Defend_B"]},{"damage_healed":18,"gold_gain":0,"player_choice":"Healed","damage_taken":0,"max_hp_gain":0,"max_hp_loss":0,"event_name":"The Cleric","floor":3,"gold_loss":35},{"cards_removed":["Defend_B"],"damage_healed":0,"gold_gain":0,"player_choice":"Card Removal","damage_taken":7,"max_hp_gain":0,"max_hp_loss":0,"event_name":"Golden Wing","floor":4,"gold_loss":0}],"is_beta":true,"boss_relics":[],"items_purged_floors":[],"is_endless":false,"potions_floor_spawned":[1,5,8,10],"killed_by":"Gremlin Nob","ascension_level":5}