{"gold_per_floor":[119,119,135,135,60,60,77,110,110,110,110,185,0,14,14,115,115,126,126,1,18,33,33,59,59,59,74,89,104,104,29,29,29],"floor_reached":33,"playtime":980,"items_purged":["Normality"],"score":355,"play_id":"dac17c73-0821-4da8-9a06-50bb97c99cac","local_time":"20180701034505","is_ascension_mode":true,"campfire_choices":[{"data":"1","floor":6,"key":"LIFT"},{"floor":10,"key":"DIG"},{"floor":15,"key":"DIG"},{"data":"2","floor":23,"key":"LIFT"},{"floor":30,"key":"DIG"},{"floor":32,"key":"REST"}],"neow_cost":"NONE","seed_source_timestamp":306681862210909,"circlet_count":0,"master_deck":["Defend_R","Defend_R","Defend_R","Bash","Iron Wave","Sever Soul","Twin Strike","Infernal Blade","Body Slam","Feed","Flex","Reaper","Metallicize+1","Bite","Bite","Bite","Bite","Bite","Flex","Iron Wave","Body Slam","Clash+1","Flame Barrier","Inflame"],"relics":["Burning Blood","Girya","Singing Bowl","Shovel","Strawberry","Mango","Fusion Hammer","The Courier","Dead Branch","Centennial Puzzle"],"potions_floor_usage":[14,18,28,28,29],"damage_taken":[{"damage":5,"enemies":"2 Louse","floor":1,"turns":4},{"damage":0,"enemies":"Cultist","floor":3,"turns":4},{"damage":2,"enemies":"Jaw Worm","floor":7,"turns":3},{"damage":21,"enemies":"3 Sentries","floor":8,"turns":8},{"damage":2,"enemies":"2 Fungi Beasts","floor":14,"turns":3},{"damage":48,"enemies":"Slime Boss","floor":16,"turns":11},{"damage":28,"enemies":"2 Thieves","floor":18,"turns":4},{"damage":0,"enemies":"Chosen","floor":21,"turns":4},{"damage":31,"enemies":"Snake Plant","floor":22,"turns":4},{"damage":50,"enemies":"Book of Stabbing","floor":24,"turns":5},{"damage":9,"enemies":"Snecko","floor":27,"turns":3},{"damage":20,"enemies":"Slaver and Parasite","floor":28,"turns":4},{"damage":20,"enemies":"Snake Plant","floor":29,"turns":3},{"damage":88,"enemies":"Collector","floor":33,"turns":9}],"seed_played":"6725876873922534076","potions_obtained":[{"floor":7,"key":"SpeedPotion"},{"floor":8,"key":"AttackPotion"},{"floor":16,"key":"PowerPotion"},{"floor":24,"key":"FearPotion"},{"floor":28,"key":"Ancient Potion"}],"is_trial":false,"path_per_floor":["M","?","M","?","$","R","M","E","T","R","?","?","$","M","R","B",null,"M","?","$","M","M","R","E","?","T","M","M","M","R","?","R"],"character_chosen":"IRONCLAD","items_purchased":["Feed","Flex","Flex","Iron Wave","Body Slam"],"campfire_rested":1,"item_purchase_floors":[13,13,20,20,20],"current_hp_per_floor":[80,90,90,90,90,90,90,75,75,82,82,71,71,77,91,49,113,105,79,79,82,62,62,31,31,31,37,32,22,22,22,52,0],"gold":29,"neow_bonus":"ONE_RANDOM_RARE_CARD","is_prod":false,"is_daily":false,"chose_seed":false,"campfire_upgraded":0,"win_rate":0,"timestamp":1530431105,"path_taken":["M","?","M","?","$","R","M","E","T","R","?","?","?","?","R","BOSS","M","?","$","M","M","R","E","?","T","?","?","M","R","?","R","BOSS"],"build_version":"2018-06-29","purchased_purges":1,"victory":false,"max_hp_per_floor":[80,90,90,90,90,90,90,90,90,97,97,97,97,99,113,113,113,113,79,79,82,85,85,88,88,88,93,98,100,100,100,100,100],"card_choices":[{"not_picked":["Headbutt","True Grit"],"picked":"Iron Wave","floor":1},{"not_picked":["Twin Strike","Pommel Strike"],"picked":"Sever Soul","floor":3},{"not_picked":["Juggernaut","Armaments"],"picked":"Twin Strike","floor":7},{"not_picked":["Entrench","Reckless Charge"],"picked":"Infernal Blade","floor":8},{"not_picked":["Havoc","Warcry","Twin Strike"],"picked":"Singing Bowl","floor":14},{"not_picked":["Double Tap","Offering"],"picked":"Reaper","floor":16},{"not_picked":["Battle Trance","Searing Blow"],"picked":"Metallicize+1","floor":18},{"not_picked":["Wild Strike","Rampage"],"picked":"Clash+1","floor":21},{"not_picked":["True Grit","Twin Strike"],"picked":"Flame Barrier","floor":22},{"not_picked":["Headbutt","Anger"],"picked":"Inflame","floor":24},{"not_picked":["Thunderclap","Pommel Strike","Fire Breathing"],"picked":"Singing Bowl","floor":27},{"not_picked":["Armaments","Spot Weakness","Thunderclap+1"],"picked":"Singing Bowl","floor":28},{"not_picked":["Anger+1","Sever Soul+1","Rampage"],"picked":"Singing Bowl","floor":29}],"player_experience":366062,"relics_obtained":[{"floor":8,"key":"Singing Bowl"},{"floor":9,"key":"Shovel"},{"floor":10,"key":"Strawberry"},{"floor":15,"key":"Mango"},{"floor":24,"key":"The Courier"},{"floor":26,"key":"Dead Branch"},{"floor":30,"key":"Centennial Puzzle"}],"event_choices":[{"event_name":"Bonfire Elementals","player_choice":"RARE","floor":2,"damage_taken":0},{"event_name":"Accursed Blacksmith","player_choice":"Rummage","floor":4,"damage_taken":0},{"event_name":"Living Wall","player_choice":"Change","floor":11,"damage_taken":0},{"event_name":"World of Goop","player_choice":"Gather Gold","floor":12,"damage_taken":0},{"event_name":"Vampires","player_choice":"Became a vampire","floor":19,"damage_taken":0},{"event_name":"Drug Dealer","player_choice":"Ignored","floor":25,"damage_taken":0},{"event_name":"Beggar","player_choice":"Gave Gold","floor":31,"damage_taken":0}],"boss_relics":[{"not_picked":["Eternal Feather","Runic Dome"],"picked":"Fusion Hammer"}],"items_purged_floors":[5],"is_endless":false,"potions_floor_spawned":[7,8,16,24,28],"killed_by":"Collector","ascension_level":3}