{"gold_per_floor":[109,109,128,16,32,132,132,158,158,173,184,209,209,242,242,341,341,359,359,374,474,487,487,487,119,119,119,151,151,161,195,195,295,295,310,169,223,235,235,260,287,287,287,320,339,339,364,376,376,376],"floor_reached":51,"playtime":2444,"items_purged":["Normality","Strike_B+1","Strike_B+1"],"score":938,"play_id":"eaf571fb-c186-413e-97de-0e593fa6cee8","local_time":"20181223181043","is_ascension_mode":true,"campfire_choices":[{"data":"Doom and Gloom","floor":7,"key":"SMITH"},{"data":"Biased Cognition","floor":13,"key":"SMITH"},{"data":"Glacier","floor":15,"key":"SMITH"},{"floor":24,"key":"REST"},{"floor":27,"key":"REST"},{"floor":29,"key":"REST"},{"floor":32,"key":"DIG"},{"floor":42,"key":"DIG"},{"floor":49,"key":"REST"}],"neow_cost":"CURSE","seed_source_timestamp":312350692610295,"circlet_count":0,"master_deck":["Strike_B+1","Strike_B+1","Defend_B+1","Defend_B+1","Defend_B+1","Defend_B+1","Zap+1","Dualcast+1","Core Surge","FTL","Doom and Gloom+1","Conserve Battery","Sweeping Beam","Cold Snap","Biased Cognition+1","Glacier+1","Echo Form","Coolheaded+1","Glacier+1","Go for the Eyes+1","Discovery","White Noise+1","Electrodynamics","Consume+1","Hologram+1","Reinforced Body+1","Thinking Ahead"],"relics":["Cracked Core","Orichalcum","Question Card","Ornamental Fan","Omamori","Inserter","WingedGreaves","Darkstone Periapt","Membership Card","Potion Belt","StoneCalendar","Shovel","War Paint","Regal Pillow","Cursed Key","Happy Flower","Incense Burner","Bag of Marbles","Dream Catcher","Torii","Gremlin Horn","Pear"],"potions_floor_usage":[12,14,31,33,37,45],"damage_taken":[{"damage":1,"enemies":"2 Louse","floor":1,"turns":2},{"damage":1,"enemies":"Cultist","floor":3,"turns":3},{"damage":1,"enemies":"Jaw Worm","floor":5,"turns":3},{"damage":12,"enemies":"Lagavulin","floor":8,"turns":4},{"damage":0,"enemies":"Large Slime","floor":10,"turns":4},{"damage":2,"enemies":"Looter","floor":11,"turns":3},{"damage":16,"enemies":"3 Sentries","floor":12,"turns":4},{"damage":19,"enemies":"Lagavulin","floor":14,"turns":5},{"damage":0,"enemies":"Slime Boss","floor":16,"turns":8},{"damage":7,"enemies":"3 Byrds","floor":18,"turns":4},{"damage":2,"enemies":"Spheric Guardian","floor":20,"turns":4},{"damage":19,"enemies":"Colosseum Slavers","floor":21,"turns":5},{"damage":22,"enemies":"Colosseum Nobs","floor":21,"turns":6},{"damage":22,"enemies":"Shelled Parasite and Fungi","floor":22,"turns":5},{"damage":12,"enemies":"Book of Stabbing","floor":28,"turns":5},{"damage":0,"enemies":"Centurion and Healer","floor":30,"turns":6},{"damage":21,"enemies":"Slavers","floor":31,"turns":5},{"damage":8,"enemies":"Automaton","floor":33,"turns":8},{"damage":0,"enemies":"3 Shapes","floor":35,"turns":3},{"damage":19,"enemies":"2 Orb Walkers","floor":37,"turns":3},{"damage":0,"enemies":"Orb Walker","floor":38,"turns":4},{"damage":0,"enemies":"Giant Head","floor":40,"turns":11},{"damage":12,"enemies":"Nemesis","floor":41,"turns":9},{"damage":8,"enemies":"Reptomancer","floor":44,"turns":7},{"damage":7,"enemies":"4 Shapes","floor":45,"turns":4},{"damage":13,"enemies":"Nemesis","floor":47,"turns":7},{"damage":0,"enemies":"Maw","floor":48,"turns":8},{"damage":23,"enemies":"Awakened One","floor":50,"turns":14}],"seed_played":"3184648082171963432","potions_obtained":[{"floor":1,"key":"Regen Potion"},{"floor":5,"key":"LiquidBronze"},{"floor":10,"key":"Weak Potion"},{"floor":21,"key":"AttackPotion"},{"floor":22,"key":"Ancient Potion"},{"floor":30,"key":"Explosive Potion"},{"floor":31,"key":"Fire Potion"},{"floor":37,"key":"Swift Potion"},{"floor":38,"key":"Explosive Potion"},{"floor":41,"key":"AttackPotion"},{"floor":47,"key":"SpeedPotion"}],"is_trial":false,"path_per_floor":["M","?","M","$","M","?","R","E","T","M","M","E","R","E","R","B",null,"M","?","M","?","M","?","R","$","T","R","E","R","M","E","R","B",null,"M","$","?","M","?","E","E","R","T","E","M","?","E","M","R","B",null],"character_chosen":"DEFECT","items_purchased":["Doom and Gloom","Membership Card","Potion Belt","Discovery","Happy Flower"],"campfire_rested":4,"item_purchase_floors":[4,25,25,25,36],"current_hp_per_floor":[74,74,73,73,72,72,72,60,60,60,58,54,54,35,35,35,75,68,68,66,25,3,3,25,25,25,47,35,57,57,36,36,28,75,75,75,56,56,56,56,44,44,44,36,29,48,45,45,85,62],"gold":376,"neow_bonus":"THREE_RARE_CARDS","is_prod":false,"is_daily":false,"chose_seed":false,"campfire_upgraded":3,"win_rate":0,"timestamp":1545613843,"path_taken":["M","?","M","$","M","?","R","E","T","M","?","E","R","E","R","BOSS","M","?","M","?","M","?","R","$","T","R","E","R","M","E","R","BOSS","M","$","?","M","?","E","E","R","T","E","M","?","E","M","R","BOSS"],"build_version":"2018-12-20","purchased_purges":3,"victory":true,"max_hp_per_floor":[75,75,75,75,75,75,75,75,75,75,75,75,75,75,75,75,75,75,75,75,75,75,75,75,75,75,75,75,75,75,75,75,75,75,75,75,75,75,75,75,75,75,75,75,75,75,85,85,85,85],"card_choices":[{"not_picked":["Fission","Rainbow"],"picked":"Core Surge","floor":0},{"not_picked":["Stack","Tempest","Coolheaded"],"picked":"SKIP","floor":1},{"not_picked":["Heatsinks","Compile Driver"],"picked":"FTL","floor":3},{"not_picked":["Leap","Hologram"],"picked":"Conserve Battery","floor":5},{"not_picked":["Gash","Leap"],"picked":"Sweeping Beam","floor":8},{"not_picked":["Tempest","Machine Learning","Scrape"],"picked":"Cold Snap","floor":10},{"not_picked":["Chaos","Reprogram","Streamline","Beam Cell"],"picked":"SKIP","floor":11},{"not_picked":["BootSequence","Streamline","Rip and Tear"],"picked":"Biased Cognition","floor":12},{"not_picked":["Defragment","Compile Driver","BootSequence"],"picked":"Glacier","floor":14},{"not_picked":["Fission","Core Surge","Amplify"],"picked":"Echo Form","floor":16},{"not_picked":["Go for the Eyes","Sweeping Beam","BootSequence"],"picked":"Coolheaded+1","floor":18},{"not_picked":["Streamline+1","Lockon","Leap"],"picked":"Go for the Eyes+1","floor":20},{"not_picked":["Double Energy+1","Compile Driver","Multi-Cast","Rebound+1"],"picked":"SKIP","floor":22},{"not_picked":["Rebound","Redo","Compile Driver","Conserve Battery"],"picked":"SKIP","floor":28},{"not_picked":["Rebound","Gash","Compile Driver","Skim+1"],"picked":"SKIP","floor":30},{"not_picked":["Glacier+1","Darkness","Loop"],"picked":"White Noise+1","floor":31},{"not_picked":["Creative AI","Meteor Strike","Echo Form"],"picked":"Electrodynamics","floor":33},{"not_picked":["Sweeping Beam","Beam Cell","Self Repair+1"],"picked":"Consume+1","floor":35},{"not_picked":["Coolheaded","Rebound+1","Machine Learning"],"picked":"Hologram+1","floor":37},{"not_picked":["Force Field","Ball Lightning","Darkness"],"picked":"Reinforced Body+1","floor":38},{"not_picked":["Trip","Panache","Forethought"],"picked":"Thinking Ahead","floor":39},{"not_picked":["Storm+1","Hello World","Conserve Battery","Fusion+1"],"picked":"SKIP","floor":40},{"not_picked":["Leap+1","Rebound+1","Self Repair","Darkness+1"],"picked":"SKIP","floor":41},{"not_picked":["Machine Learning","Rebound+1","Turbo","Go for the Eyes+1"],"picked":"SKIP","floor":44},{"not_picked":["Gash","Hello World+1","Barrage","Go for the Eyes+1"],"picked":"SKIP","floor":45},{"not_picked":["Sweeping Beam","Steam Power","Fusion+1","Static Discharge"],"picked":"SKIP","floor":47},{"not_picked":["Undo","Darkness+1","Melter+1","BootSequence"],"picked":"SKIP","floor":48}],"player_experience":668369,"relics_obtained":[{"floor":8,"key":"Orichalcum"},{"floor":9,"key":"Question Card"},{"floor":12,"key":"Ornamental Fan"},{"floor":14,"key":"Omamori"},{"floor":21,"key":"WingedGreaves"},{"floor":21,"key":"Darkstone Periapt"},{"floor":26,"key":"StoneCalendar"},{"floor":28,"key":"Shovel"},{"floor":31,"key":"War Paint"},{"floor":32,"key":"Regal Pillow"},{"floor":37,"key":"Incense Burner"},{"floor":40,"key":"Bag of Marbles"},{"floor":41,"key":"Dream Catcher"},{"floor":42,"key":"Torii"},{"floor":44,"key":"Gremlin Horn"},{"floor":47,"key":"Pear"}],"event_choices":[{"damage_healed":0,"gold_gain":0,"player_choice":"Grow","damage_taken":0,"max_hp_gain":0,"max_hp_loss":0,"event_name":"Living Wall","floor":2,"gold_loss":0,"cards_upgraded":["Zap"]},{"damage_healed":0,"gold_gain":100,"player_choice":"Pray","damage_taken":0,"max_hp_gain":0,"max_hp_loss":0,"event_name":"Golden Shrine","floor":6,"gold_loss":0},{"damage_healed":0,"gold_gain":0,"player_choice":"Read","damage_taken":0,"max_hp_gain":0,"max_hp_loss":0,"event_name":"The Library","floor":19,"gold_loss":0,"cards_obtained":["Glacier"]},{"damage_healed":0,"gold_gain":0,"player_choice":"Fight","damage_taken":0,"max_hp_gain":0,"max_hp_loss":0,"event_name":"Colosseum","floor":21,"gold_loss":0},{"damage_healed":0,"gold_gain":0,"player_choice":"Fought Nobs","damage_taken":0,"max_hp_gain":0,"max_hp_loss":0,"event_name":"Colosseum","floor":21,"gold_loss":0},{"damage_healed":0,"gold_gain":0,"player_choice":"Simplicity","damage_taken":0,"max_hp_gain":0,"max_hp_loss":0,"event_name":"Back to Basics","floor":23,"gold_loss":0,"cards_upgraded":["Strike_B","Strike_B","Strike_B","Strike_B","Defend_B","Defend_B","Defend_B","Defend_B"]},{"damage_healed":0,"gold_gain":0,"player_choice":"Fight","damage_taken":0,"max_hp_gain":0,"max_hp_loss":0,"event_name":"Mysterious Sphere","floor":37,"gold_loss":0},{"damage_healed":0,"gold_gain":0,"player_choice":"Memory 1","damage_taken":0,"max_hp_gain":0,"max_hp_loss":0,"event_name":"SensoryStone","floor":39,"gold_loss":0},{"damage_healed":19,"gold_gain":0,"player_choice":"Writhe","damage_taken":0,"max_hp_gain":0,"max_hp_loss":0,"event_name":"Winding Halls","floor":46,"gold_loss":0,"cards_obtained":["Writhe"]}],"is_beta":false,"boss_relics":[{"not_picked":["Snecko Eye","Astrolabe"],"picked":"Inserter"},{"not_picked":["Calling Bell","Lizard Tail"],"picked":"Cursed Key"}],"items_purged_floors":[4,25,36],"is_endless":false,"potions_floor_spawned":[1,5,10,11,21,22,30,31,37,38,41,47],"ascension_level":1}