{"gold_per_floor":[114,129,129,144,159,159,489,489,489,489,504,34,0,15,15,115,115,130,145,145,145,160,160],"floor_reached":23,"playtime":1313,"items_purged":[],"score":193,"play_id":"89383884-c2cc-496e-bc16-0fac0fe8ef17","local_time":"20190413223412","daily_mods":["Heirloom","Blue Cards","Binary"],"is_ascension_mode":false,"campfire_choices":[{"data":"Conserve Battery","floor":6,"key":"SMITH"},{"data":"Sever Soul","floor":8,"key":"SMITH"},{"floor":15,"key":"REST"}],"neow_cost":"","seed_source_timestamp":2280687261951400,"circlet_count":0,"master_deck":["Strike_R","Strike_R","Strike_R","Strike_R","Strike_R","Defend_R","Defend_R","Defend_R","Defend_R","Bash","Shrug It Off","Seeing Red","Sever Soul+1","Conserve Battery+1","Feel No Pain","Iron Wave","Aggregate","Cleave","Echo Form","Seeing Red","Pommel Strike+1","Echo Form","Darkness"],"special_seed":18000,"relics":["Burning Blood","Charon\u0027s Ashes","Old Coin","Girya","The Courier","Bottled Flame","Regal Pillow","Ancient Tea Set","Sozu","Nilry\u0027s Codex"],"potions_floor_usage":[7,16,18],"damage_taken":[{"damage":7,"enemies":"Jaw Worm","floor":1,"turns":5},{"damage":5,"enemies":"Small Slimes","floor":2,"turns":4},{"damage":0,"enemies":"2 Louse","floor":4,"turns":2},{"damage":21,"enemies":"Large Slime","floor":5,"turns":6},{"damage":27,"enemies":"3 Sentries","floor":7,"turns":5},{"damage":7,"enemies":"Lots of Slimes","floor":11,"turns":3},{"damage":8,"enemies":"Blue Slaver","floor":14,"turns":6},{"damage":49,"enemies":"The Guardian","floor":16,"turns":17},{"damage":16,"enemies":"2 Thieves","floor":18,"turns":5},{"damage":18,"enemies":"3 Byrds","floor":19,"turns":6},{"damage":26,"enemies":"Snake Plant","floor":22,"turns":5},{"damage":33,"enemies":"Book of Stabbing","floor":23,"turns":6}],"seed_played":"-6873937662443283493","potions_obtained":[{"floor":5,"key":"GamblersBrew"},{"floor":11,"key":"FearPotion"},{"floor":16,"key":"Strength Potion"}],"is_trial":false,"path_per_floor":["M","M","?","M","M","R","E","R","T","T","M","$","?","M","R","B",null,"M","M","?","?","M","E"],"character_chosen":"IRONCLAD","items_purchased":["Bottled Flame","Regal Pillow","Ancient Tea Set","Aggregate"],"campfire_rested":1,"item_purchase_floors":[12,12,12,12],"current_hp_per_floor":[79,80,85,85,70,70,49,49,49,49,48,48,48,46,85,42,85,75,63,47,47,27,0],"gold":160,"neow_bonus":"","is_prod":false,"is_daily":true,"chose_seed":false,"campfire_upgraded":2,"win_rate":0,"timestamp":1555209252,"path_taken":["M","M","?","M","M","R","E","R","T","?","M","$","?","M","R","BOSS","M","M","?","?","M","E"],"build_version":"2019-04-04","purchased_purges":0,"victory":false,"max_hp_per_floor":[80,80,85,85,85,85,85,85,85,85,85,85,85,85,85,85,85,85,85,85,85,85,85],"card_choices":[{"not_picked":["Warcry"],"picked":"Shrug It Off","floor":1},{"not_picked":["Sword Boomerang"],"picked":"Seeing Red","floor":2},{"not_picked":["Anger"],"picked":"Sever Soul","floor":4},{"not_picked":["Anger"],"picked":"Conserve Battery","floor":5},{"not_picked":["Reprogram"],"picked":"Feel No Pain","floor":7},{"not_picked":["Inflame"],"picked":"Iron Wave","floor":11},{"not_picked":["Static Discharge"],"picked":"Cleave","floor":14},{"not_picked":["Barricade"],"picked":"Echo Form","floor":16},{"not_picked":["Shrug It Off"],"picked":"Seeing Red","floor":18},{"not_picked":["Shrug It Off"],"picked":"Pommel Strike+1","floor":19},{"not_picked":["Compile Driver+1"],"picked":"Darkness","floor":22}],"player_experience":791893,"relics_obtained":[{"floor":7,"key":"Old Coin"},{"floor":9,"key":"Girya"},{"floor":10,"key":"The Courier"},{"floor":20,"key":"Nilry\u0027s Codex"}],"event_choices":[{"damage_healed":0,"gold_gain":0,"player_choice":"Donut","damage_taken":0,"max_hp_gain":5,"max_hp_loss":0,"event_name":"Big Fish","floor":3,"gold_loss":0},{"damage_healed":0,"gold_gain":0,"player_choice":"Left Gold","damage_taken":0,"max_hp_gain":0,"max_hp_loss":0,"event_name":"World of Goop","floor":13,"gold_loss":34},{"damage_healed":0,"gold_gain":0,"player_choice":"Obtained Book","damage_taken":16,"max_hp_gain":0,"max_hp_loss":0,"event_name":"Cursed Tome","floor":20,"gold_loss":0},{"damage_healed":0,"gold_gain":0,"player_choice":"Copied","damage_taken":0,"max_hp_gain":0,"max_hp_loss":0,"event_name":"Duplicator","floor":21,"gold_loss":0,"cards_obtained":["Echo Form"]}],"is_beta":true,"boss_relics":[{"not_picked":["Fusion Hammer","Runic Dome"],"picked":"Sozu"}],"items_purged_floors":[],"is_endless":false,"potions_floor_spawned":[5,11,16,19,22],"killed_by":"Book of Stabbing","ascension_level":0}