{"path_per_floor":["M","?","?","M","?","E","R","M","T","M","M","R","M","?","R","B",null,"M","$","M","M","$","R","M","M","T","E","?","E","M","?","R","B",null,"M","?","M","?","M","M","?","$","T","M","$"],"character_chosen":"DEFECT","items_purchased":["Anchor","Lantern","Jack Of All Trades","Emotion Chip","Gash","Trip","Toxic Egg 2","Sundial","Jack Of All Trades","Buffer","BootSequence","Flash of Steel"],"gold_per_floor":[144,144,144,189,189,279,279,324,324,369,414,414,459,510,510,810,810,855,452,497,542,63,63,108,153,153,243,243,333,378,378,378,678,678,723,723,768,768,813,858,858,133,133,178,17,17],"floor_reached":46,"campfire_rested":3,"playtime":2144,"current_hp_per_floor":[70,70,75,75,77,77,94,94,94,94,79,94,87,73,73,34,94,89,89,89,82,82,82,82,82,82,62,62,54,54,54,82,80,94,91,91,91,79,49,44,44,44,44,42,42,0],"items_purged":[],"gold":17,"score":639,"play_id":"be6a1c21-0aae-422d-8730-2897f72dfada","local_time":"20180508011923","daily_mods":["Draft","Midas","Time Dilation"],"is_prod":false,"is_daily":true,"chose_seed":false,"is_ascension_mode":false,"campfire_upgraded":0,"timestamp":1525756763,"path_taken":["M","?","?","M","?","E","R","?","T","M","M","R","M","?","R","BOSS","M","$","M","?","$","R","?","M","T","E","?","E","M","?","R","BOSS","M","?","?","?","M","?","?","$","T","M","?","M"],"build_version":"2018-05-03","seed_source_timestamp":0,"purchased_purges":0,"victory":false,"master_deck":["Beam Cell","Capacitor","Rebound","Defragment","Streamline","Ball Lightning","Streamline","Beam Cell","Streamline","Auto Shields","Ball Lightning","Beam Cell","Lockon","Chaos","Decay","Go for the Eyes","Go for the Eyes","Beam Cell","Auto Shields","Blizzard","Defragment","Glacier","Echo Form","Jack Of All Trades","Leap+1","Gash","Trip","Streamline","Creative AI","Biased Cognition","Doom and Gloom","Beam Cell+1","Amplify","BootSequence","Streamline+1","Madness","Madness","Self Repair+1","Barrage+1","Jack Of All Trades+1","Buffer","Glacier+1","BootSequence+1","Flash of Steel"],"max_hp_per_floor":[75,75,80,80,94,94,94,94,94,94,94,94,94,94,94,94,94,94,94,94,94,94,94,94,94,94,94,94,94,94,94,94,94,94,94,94,94,94,94,94,94,94,94,94,94,94],"relics":["Cracked Core","Mango","Dream Catcher","Girya","Thread and Needle","Sozu","Anchor","Lantern","Emotion Chip","Mercury Hourglass","Prayer Wheel","Shuriken","Inserter","Toxic Egg 2","Sundial","Torii"],"card_choices":[{"not_picked":["Coolheaded","Barrage"],"picked":"Beam Cell","floor":0},{"not_picked":["Axe Kick","Reinforced Body"],"picked":"Coolheaded","floor":0},{"not_picked":["Hologram","Axe Kick"],"picked":"Capacitor","floor":0},{"not_picked":["Capacitor","Stack"],"picked":"Rebound","floor":0},{"not_picked":["Streamline","Go for the Eyes"],"picked":"Defragment","floor":0},{"not_picked":["Turbo","Rebound"],"picked":"Streamline","floor":0},{"not_picked":["Recycle","Cold Snap"],"picked":"Ball Lightning","floor":0},{"not_picked":["Cold Snap","Blizzard"],"picked":"Streamline","floor":0},{"not_picked":["Skim","Capacitor"],"picked":"Beam Cell","floor":0},{"not_picked":["Hello World","Blizzard"],"picked":"Streamline","floor":0},{"not_picked":["Hologram","Cold Snap"],"picked":"Auto Shields","floor":0},{"not_picked":["Coolheaded","Leap"],"picked":"Streamline","floor":0},{"not_picked":["Stack","Axe Kick"],"picked":"Ball Lightning","floor":0},{"not_picked":["Go for the Eyes","Barrage"],"picked":"Beam Cell","floor":0},{"not_picked":["Ball Lightning","FTL"],"picked":"Lockon","floor":0},{"not_picked":["Stack","Streamline"],"picked":"Chaos","floor":1},{"not_picked":["Skim","Reinforced Body"],"picked":"Go for the Eyes","floor":4},{"not_picked":["Coolheaded","Fission"],"picked":"Go for the Eyes","floor":7},{"not_picked":["Barrage","Stack"],"picked":"Beam Cell","floor":8},{"not_picked":["Axe Kick","Turbo"],"picked":"Auto Shields","floor":10},{"not_picked":["Skim","Rebound"],"picked":"Blizzard","floor":11},{"not_picked":["FTL","Barrage"],"picked":"Defragment","floor":12},{"not_picked":["Skim","Storm"],"picked":"Glacier","floor":14},{"not_picked":["Hyperbeam","Redo"],"picked":"Echo Form","floor":16},{"not_picked":["Go for the Eyes","Axe Kick"],"picked":"Leap","floor":20},{"not_picked":["Go for the Eyes","Axe Kick"],"picked":"Streamline","floor":24},{"not_picked":["Go for the Eyes","Leap"],"picked":"Creative AI","floor":27},{"not_picked":["Turbo","Beam Cell"],"picked":"Biased Cognition","floor":29},{"not_picked":["Leap","Go for the Eyes"],"picked":"Beam Cell","floor":32},{"not_picked":["Reboot","Nova"],"picked":"Amplify","floor":33},{"not_picked":["Leap","Streamline"],"picked":"BootSequence","floor":35},{"not_picked":["Tempest","Capacitor"],"picked":"Streamline","floor":37},{"not_picked":["Barrage","Genetic Algorithm"],"picked":"Self Repair","floor":39},{"not_picked":["Impulse","Leap"],"picked":"Barrage","floor":40},{"not_picked":["Axe Kick","Hyperbeam"],"picked":"Glacier","floor":44}],"player_experience":194286,"potions_floor_usage":[14,18,21,35],"damage_taken":[{"damage":5,"enemies":"2 Louse","floor":1,"turns":2},{"damage":0,"enemies":"Cultist","floor":4,"turns":2},{"damage":0,"enemies":"Gremlin Nob","floor":6,"turns":2},{"damage":0,"enemies":"Small Slimes","floor":8,"turns":2},{"damage":0,"enemies":"Looter","floor":10,"turns":2},{"damage":15,"enemies":"3 Louse","floor":11,"turns":3},{"damage":7,"enemies":"2 Fungi Beasts","floor":13,"turns":2},{"damage":14,"enemies":"3 Sentries","floor":14,"turns":3},{"damage":39,"enemies":"Hexaghost","floor":16,"turns":7},{"damage":5,"enemies":"Shell Parasite","floor":18,"turns":2},{"damage":0,"enemies":"Chosen","floor":20,"turns":2},{"damage":7,"enemies":"Centurion and Healer","floor":21,"turns":5},{"damage":0,"enemies":"Snecko","floor":24,"turns":3},{"damage":0,"enemies":"3 Cultists","floor":25,"turns":4},{"damage":20,"enemies":"Gremlin Leader","floor":27,"turns":4},{"damage":8,"enemies":"Book of Stabbing","floor":29,"turns":3},{"damage":0,"enemies":"Cultist and Chosen","floor":30,"turns":4},{"damage":2,"enemies":"Champ","floor":33,"turns":6},{"damage":3,"enemies":"3 Darklings","floor":35,"turns":4},{"damage":0,"enemies":"Orb Walker","floor":37,"turns":2},{"damage":30,"enemies":"Spire Growth","floor":39,"turns":5},{"damage":9,"enemies":"3 Darklings","floor":40,"turns":6},{"damage":22,"enemies":"Maw","floor":44,"turns":6},{"damage":48,"enemies":"Flame Bruiser 2 Orb","floor":46,"turns":2}],"event_choices":[{"event_name":"Wheel of Change","player_choice":"Curse","floor":2,"damage_taken":0},{"event_name":"Big Fish","player_choice":"Donut","floor":3,"damage_taken":0},{"event_name":"Scrap Ooze","player_choice":"success","floor":5,"damage_taken":12},{"event_name":"Dead Adventurer","player_choice":"Searched \u00273\u0027 times","floor":14,"damage_taken":0},{"event_name":"Beggar","player_choice":"Ignored","floor":28,"damage_taken":0},{"event_name":"Transmorgrifier","player_choice":"Transform","floor":31,"damage_taken":0},{"event_name":"Winding Halls","player_choice":"Embrace Madness","floor":38,"damage_taken":0},{"event_name":"Tomb of Lord Red Mask","player_choice":"Ignored","floor":41,"damage_taken":0}],"boss_relics":[{"not_picked":["Ectoplasm","Velvet Choker"],"picked":"Sozu"},{"not_picked":["Runic Dome","Eternal Feather"],"picked":"Inserter"}],"potions_floor_spawned":[6,11,13,16,18,21,27,30,35],"seed_played":"1506148265124497157","killed_by":"Flame Bruiser 2 Orb","ascension_level":0,"is_trial":false}