{"path_per_floor":["M","?","M","$","?","M","E","R","T","?","M","R","$","?","R","B",null,"M","$","?","M","$","R","?","R","T","R","?","R","T","M","R"],"character_chosen":"DEFECT","items_purchased":["Multi-Cast","Blue Candle","Defragment","White Noise","Doom and Gloom"],"gold_per_floor":[110,110,127,52,227,244,273,273,296,296,316,316,1,1,1,121,121,141,66,66,89,17,17,17,17,44,44,44,44,44,59,59,59],"floor_reached":33,"campfire_rested":3,"playtime":1286,"current_hp_per_floor":[75,79,79,79,79,77,76,76,76,76,53,75,75,80,80,43,81,81,81,81,49,49,73,57,81,81,81,81,81,81,64,64,0],"items_purged":[],"gold":59,"score":239,"play_id":"5ff8afb4-5e1b-44a8-b6e6-6a749c133345","local_time":"20180518090550","is_prod":false,"is_daily":false,"chose_seed":false,"is_ascension_mode":false,"campfire_upgraded":5,"timestamp":1526648750,"campfire_choices":[{"data":"White Noise","floor":8,"key":"SMITH"},{"floor":12,"key":"REST"},{"data":"Consume","floor":15,"key":"SMITH"},{"floor":23,"key":"REST"},{"floor":25,"key":"REST"},{"data":"Multi-Cast","floor":27,"key":"SMITH"},{"data":"Turbo","floor":29,"key":"SMITH"},{"data":"Doom and Gloom","floor":32,"key":"SMITH"}],"path_taken":["M","?","M","?","?","?","E","R","T","?","M","R","$","?","R","BOSS","M","$","?","M","$","R","?","R","T","R","?","R","?","M","R","BOSS"],"build_version":"2018-05-17","seed_source_timestamp":410470053391841,"purchased_purges":0,"victory":false,"master_deck":["Zap","Dualcast","Barrage","Coolheaded","Consume+1","Auto Shields","Turbo+1","Rebound","Steam","Lockon","Darkness","Go for the Eyes","Multi-Cast+1","Doubt","Conserve Battery","White Noise+1","Gash","Defragment","Creative AI","White Noise","Defragment","Doom and Gloom+1","Multi-Cast+1","Defragment+1"],"max_hp_per_floor":[75,82,82,82,82,82,82,82,82,76,76,76,76,81,81,81,81,81,81,81,81,81,81,81,81,81,81,81,81,81,81,81,81],"relics":["Pandora\u0027s Box","Strawberry","Bottled Flame","Oddly Smooth Stone","Golden Idol","Blue Candle","Snecko Eye","Enchiridion","Bag of Preparation","Meat on the Bone"],"card_choices":[{"not_picked":["Sweeping Beam","Skim"],"picked":"Darkness","floor":1},{"not_picked":["Streamline","Sweeping Beam"],"picked":"Go for the Eyes","floor":3},{"not_picked":["Go for the Eyes","Beam Cell"],"picked":"Conserve Battery","floor":6},{"not_picked":["Turbo","BootSequence"],"picked":"White Noise","floor":7},{"not_picked":["Axe Kick","Reboot"],"picked":"Gash","floor":11},{"not_picked":["Machine Learning","Reboot"],"picked":"Creative AI","floor":16},{"not_picked":["Skim","Steam","Sweeping Beam"],"picked":"SKIP","floor":18},{"not_picked":["Skim+1","Rebound"],"picked":"Defragment","floor":21},{"not_picked":["Skim","Sweeping Beam"],"picked":"Defragment+1","floor":31}],"player_experience":288297,"potions_floor_usage":[11,18,18,21,21,31],"damage_taken":[{"damage":0,"enemies":"2 Louse","floor":1,"turns":3},{"damage":0,"enemies":"Small Slimes","floor":3,"turns":4},{"damage":2,"enemies":"Cultist","floor":6,"turns":3},{"damage":1,"enemies":"Lagavulin","floor":7,"turns":6},{"damage":23,"enemies":"2 Fungi Beasts","floor":11,"turns":5},{"damage":37,"enemies":"The Guardian","floor":16,"turns":9},{"damage":0,"enemies":"Chosen","floor":18,"turns":6},{"damage":41,"enemies":"Shell Parasite","floor":21,"turns":4},{"damage":17,"enemies":"Centurion and Healer","floor":31,"turns":3},{"damage":85,"enemies":"Automaton","floor":33,"turns":6}],"relics_obtained":[{"floor":7,"key":"Bottled Flame"},{"floor":9,"key":"Oddly Smooth Stone"},{"floor":24,"key":"Enchiridion"},{"floor":26,"key":"Bag of Preparation"},{"floor":30,"key":"Meat on the Bone"}],"event_choices":[{"event_name":"Scrap Ooze","player_choice":"success","floor":2,"damage_taken":3},{"event_name":"Liars Game","player_choice":"agreed","floor":5,"damage_taken":0},{"event_name":"Golden Idol","player_choice":"Lose Max HP","floor":10,"damage_taken":0},{"event_name":"Big Fish","player_choice":"Donut","floor":14,"damage_taken":0},{"event_name":"The Lab","player_choice":"Got Potions","floor":20,"damage_taken":0},{"event_name":"Cursed Tome","player_choice":"Obtained Book","floor":24,"damage_taken":0},{"event_name":"Duplicator","player_choice":"One dupe","floor":28,"damage_taken":0}],"boss_relics":[{"not_picked":["Tiny House","Black Star"],"picked":"Snecko Eye"}],"potions_floor_spawned":[1,6,7,18,21],"seed_played":"3199870720000609489","killed_by":"Automaton","ascension_level":0,"potions_obtained":[{"floor":1,"key":"LiquidBronze"},{"floor":6,"key":"LiquidBronze"},{"floor":7,"key":"LiquidBronze"},{"floor":18,"key":"SkillPotion"},{"floor":20,"key":"Dexterity Potion"},{"floor":20,"key":"Regen Potion"},{"floor":21,"key":"Weak Potion"}],"is_trial":false}