{"path_per_floor":["M","$","M","$","M","R","M","R","T","?","E","R","M","$","R","B",null,"M","M","M"],"character_chosen":"DEFECT","items_purchased":["Machine Learning","Capacitor","Dramatic Entrance"],"gold_per_floor":[113,34,44,18,37,37,51,51,102,102,127,127,138,38,38,137,137,147,159,177,177],"floor_reached":21,"campfire_rested":2,"playtime":709,"current_hp_per_floor":[74,74,74,74,64,64,45,45,45,30,4,26,12,12,34,11,75,65,42,21,0],"items_purged":[],"gold":177,"score":181,"play_id":"02544636-1155-4130-9afc-a01cbcf4c320","local_time":"20180430114426","is_prod":false,"is_daily":false,"chose_seed":false,"is_ascension_mode":false,"campfire_upgraded":2,"timestamp":1525103066,"path_taken":["M","?","M","?","M","R","M","R","T","?","E","R","M","$","R","BOSS","M","M","?","M"],"build_version":"2018-04-27v3","seed_source_timestamp":1273627313586433,"purchased_purges":0,"victory":false,"master_deck":["Strike_B","Strike_B","Strike_B","Strike_B","Defend_B","Defend_B","Defend_B","Defend_B","Zap+1","Dualcast","Heatsinks+1","Machine Learning","Rebound","Capacitor+1","Ball Lightning","Static Discharge+1","Rebound","Fusion","Dramatic Entrance","Echo Form","Defragment","Cold Snap","Storm","Go for the Eyes","Go for the Eyes","Ball Lightning+1","Turbo","Self Repair"],"max_hp_per_floor":[75,75,75,75,75,75,75,75,75,75,75,75,75,75,75,75,75,75,75,75,75],"relics":["Cracked Core","Pen Nib","Bag of Marbles","Orrery"],"card_choices":[{"not_picked":["Streamline","Sweeping Beam"],"picked":"Heatsinks","floor":1},{"not_picked":["Streamline","Barrage"],"picked":"Rebound","floor":3},{"not_picked":["Stack","Hologram"],"picked":"Ball Lightning","floor":5},{"not_picked":["Coolheaded","Streamline"],"picked":"Static Discharge","floor":7},{"not_picked":["Coolheaded","Leap"],"picked":"Rebound","floor":11},{"not_picked":["Darkness","Cold Snap"],"picked":"Fusion","floor":13},{"not_picked":["Biased Cognition","Reboot"],"picked":"Echo Form","floor":16},{"not_picked":["Capacitor","Go for the Eyes"],"picked":"Defragment","floor":17},{"not_picked":["Conserve Battery","Meteor Strike"],"picked":"Cold Snap","floor":17},{"not_picked":["Ball Lightning","Rebound"],"picked":"Storm","floor":17},{"not_picked":["Streamline","Sweeping Beam"],"picked":"Go for the Eyes","floor":17},{"not_picked":["Capacitor","Stack"],"picked":"Go for the Eyes","floor":17},{"not_picked":["Axe Kick","Heatsinks"],"picked":"Ball Lightning","floor":18},{"not_picked":["Scrape","Impulse"],"picked":"Turbo","floor":19},{"not_picked":["Rebound","Skim"],"picked":"Self Repair","floor":20}],"player_experience":86512,"potions_floor_usage":[13,16,16,20,21],"damage_taken":[{"damage":1,"enemies":"Cultist","floor":1,"turns":3},{"damage":0,"enemies":"Small Slimes","floor":3,"turns":3},{"damage":10,"enemies":"2 Louse","floor":5,"turns":3},{"damage":19,"enemies":"Blue Slaver","floor":7,"turns":3},{"damage":26,"enemies":"Lagavulin","floor":11,"turns":5},{"damage":20,"enemies":"Exordium Thugs","floor":13,"turns":3},{"damage":23,"enemies":"Slime Boss","floor":16,"turns":7},{"damage":10,"enemies":"Chosen","floor":18,"turns":3},{"damage":23,"enemies":"3 Byrds","floor":19,"turns":4},{"damage":21,"enemies":"Snecko","floor":20,"turns":5},{"damage":21,"enemies":"Snake Plant","floor":21,"turns":1}],"event_choices":[{"event_name":"Shining Light","player_choice":"Entered Light","floor":10,"damage_taken":0}],"boss_relics":[{"not_picked":["Sozu","Runic Dome"],"picked":"Orrery"}],"potions_floor_spawned":[5,11,13,19,20],"seed_played":"-6468082210998488862","killed_by":"Snake Plant","ascension_level":0,"is_trial":false}