{"gold_per_floor":[114,114,31,31,41,41,57,57,57,57,73,73,92,122,122,227,227,245,205,223,3,22,57,57,88,112,144,156,182,200,7,7,104,104,115,0,0,13,13,71,71,71,141,141,156,190,243,258,258,258,258,258,34,68,68],"floor_reached":55,"playtime":8675,"items_purged":["Defend_B"],"score":1116,"play_id":"cdc9409f-6844-4b55-9e95-5d30c2d25d5e","local_time":"20190706194004","is_ascension_mode":true,"campfire_choices":[{"data":"Zap","floor":6,"key":"SMITH"},{"data":"Impatience","floor":8,"key":"SMITH"},{"data":"Coolheaded","floor":12,"key":"SMITH"},{"data":"Go for the Eyes","floor":15,"key":"SMITH"},{"data":"Darkness","floor":24,"key":"SMITH"},{"data":"Hologram","floor":32,"key":"SMITH"},{"data":"Loop","floor":42,"key":"SMITH"},{"data":"Redo","floor":44,"key":"SMITH"},{"floor":49,"key":"RECALL"},{"data":"Stack","floor":52,"key":"SMITH"}],"neow_cost":"NONE","seed_source_timestamp":847796875257101,"circlet_count":0,"master_deck":["Strike_B+1","Strike_B+1","Strike_B+1","Defend_B+1","Defend_B","Defend_B","Zap+1","Dualcast+1","Doom and Gloom","Impatience+1","Coolheaded+1","Skim+1","Stack+1","Darkness+1","Reboot","Self Repair+1","Redo+1","Impatience","Hologram+1","Loop+1","Steam","Steam+1","Turbo","Go for the Eyes+1","Rainbow+1","Leap+1","Master of Strategy","Amplify","Lockon","Hologram","Discovery","Darkness+1","Coolheaded+1","Hologram+1","Loop+1","Redo+1","Self Repair+1","Reboot","Auto Shields+1","BootSequence+1","Lockon+1"],"relics":["Coffee Dripper","Shuriken","Black Star","Singing Bowl","Pear","Blue Candle","Juzu Bracelet","Bag of Marbles","Calipers","Orichalcum","Prayer Wheel","Whetstone","Lizard Tail","Red Mask","Ancient Tea Set","Tiny Chest","Pen Nib","Mercury Hourglass","Molten Egg 2","Dead Branch","Peace Pipe","DataDisk","Pantograph","War Paint"],"potions_floor_usage":[18,23,25,27,40,40,47,55,55,55],"damage_taken":[{"damage":5,"enemies":"2 Louse","floor":1,"turns":2},{"damage":2,"enemies":"Jaw Worm","floor":5,"turns":3},{"damage":0,"enemies":"Small Slimes","floor":7,"turns":2},{"damage":1,"enemies":"Gremlin Gang","floor":11,"turns":2},{"damage":0,"enemies":"Exordium Thugs","floor":13,"turns":3},{"damage":0,"enemies":"3 Sentries","floor":14,"turns":6},{"damage":0,"enemies":"Slime Boss","floor":16,"turns":6},{"damage":5,"enemies":"Spheric Guardian","floor":18,"turns":4},{"damage":10,"enemies":"2 Thieves","floor":20,"turns":4},{"damage":12,"enemies":"3 Cultists","floor":22,"turns":5},{"damage":21,"enemies":"Gremlin Leader","floor":23,"turns":6},{"damage":11,"enemies":"Slavers","floor":25,"turns":5},{"damage":10,"enemies":"Book of Stabbing","floor":27,"turns":3},{"damage":16,"enemies":"Cultist and Chosen","floor":28,"turns":6},{"damage":2,"enemies":"Gremlin Leader","floor":29,"turns":6},{"damage":8,"enemies":"Sentry and Sphere","floor":30,"turns":5},{"damage":28,"enemies":"Automaton","floor":33,"turns":10},{"damage":15,"enemies":"3 Darklings","floor":35,"turns":4},{"damage":12,"enemies":"Orb Walker","floor":38,"turns":4},{"damage":22,"enemies":"Nemesis","floor":40,"turns":7},{"damage":21,"enemies":"Maw","floor":45,"turns":5},{"damage":23,"enemies":"Reptomancer","floor":46,"turns":5},{"damage":54,"enemies":"2 Orb Walkers","floor":47,"turns":5},{"damage":10,"enemies":"Writhing Mass","floor":48,"turns":4},{"damage":24,"enemies":"Awakened One","floor":50,"turns":11},{"damage":22,"enemies":"Shield and Spear","floor":54,"turns":5},{"damage":97,"enemies":"The Heart","floor":55,"turns":8}],"seed_played":"-7862349163942588033","potions_obtained":[{"floor":7,"key":"FocusPotion"},{"floor":11,"key":"Dexterity Potion"},{"floor":16,"key":"SkillPotion"},{"floor":22,"key":"Regen Potion"},{"floor":25,"key":"AttackPotion"},{"floor":27,"key":"Strength Potion"},{"floor":29,"key":"Fire Potion"},{"floor":35,"key":"LiquidBronze"},{"floor":46,"key":"SteroidPotion"},{"floor":48,"key":"SkillPotion"},{"floor":54,"key":"PowerPotion"}],"is_trial":false,"path_per_floor":["M","?","$","?","M","R","M","R","T","?","M","R","M","E","R","B",null,"M","?","M","$","M","E","R","E","T","E","M","E","M","$","R","B",null,"M","?","?","M","?","E","T","R","T","R","M","E","?","M","R","B",null,"R","$","E","B"],"character_chosen":"DEFECT","items_purchased":["Impatience","Impatience","Hologram","Loop","Master of Strategy","DataDisk"],"campfire_rested":0,"item_purchase_floors":[3,21,21,21,31,53],"current_hp_per_floor":[70,55,55,60,58,58,58,58,58,58,57,57,57,57,57,57,74,69,69,69,69,67,78,78,77,77,77,73,81,85,85,85,67,87,82,82,76,74,74,62,62,62,62,62,51,38,69,79,79,65,90,90,90,68,0],"gold":68,"neow_bonus":"BOSS_RELIC","is_prod":false,"is_daily":false,"chose_seed":false,"campfire_upgraded":9,"win_rate":0,"timestamp":1562456404,"path_taken":["M","?","$","?","M","R","M","R","T","?","M","R","?","E","R","BOSS","M","?","?","$","M","E","R","E","T","E","M","E","M","$","R","BOSS","M","?","?","M","?","E","?","R","T","R","M","E","?","M","R","BOSS","R","$","E","BOSS"],"build_version":"2019-07-05","purchased_purges":1,"victory":false,"max_hp_per_floor":[75,75,75,80,80,80,80,80,80,80,80,80,80,80,80,80,80,80,80,80,80,80,90,90,90,90,90,92,92,94,94,94,94,94,94,94,98,98,98,98,98,98,98,98,98,98,98,98,98,98,98,98,98,98,98],"card_choices":[{"not_picked":["Rebound","Stack"],"picked":"Doom and Gloom","floor":1},{"not_picked":["Blizzard","Ball Lightning"],"picked":"Coolheaded","floor":5},{"not_picked":["Fission","Turbo"],"picked":"Skim","floor":7},{"not_picked":["Turbo","Beam Cell"],"picked":"Stack","floor":11},{"not_picked":["Streamline","Coolheaded"],"picked":"Go for the Eyes","floor":13},{"not_picked":["Beam Cell","Genetic Algorithm"],"picked":"Darkness","floor":14},{"not_picked":["Fission","Meteor Strike"],"picked":"Reboot","floor":16},{"not_picked":["Barrage+1","Streamline"],"picked":"Self Repair+1","floor":18},{"not_picked":["Genetic Algorithm","Static Discharge"],"picked":"Redo","floor":20},{"not_picked":["Sweeping Beam","Compile Driver+1"],"picked":"Steam","floor":22},{"not_picked":["Amplify","Skim"],"picked":"Steam+1","floor":23},{"not_picked":["Ball Lightning","Barrage"],"picked":"Turbo","floor":25},{"not_picked":["Coolheaded","Hello World"],"picked":"Go for the Eyes","floor":27},{"not_picked":["Compile Driver","Scrape","Glacier"],"picked":"Singing Bowl","floor":28},{"not_picked":["Turbo+1","Core Surge"],"picked":"Rainbow","floor":29},{"not_picked":["Beam Cell","Go for the Eyes"],"picked":"Leap+1","floor":30},{"not_picked":["Go for the Eyes+1","Force Field","Gash"],"picked":"Singing Bowl","floor":30},{"not_picked":["Hyperbeam","Core Surge"],"picked":"Amplify","floor":33},{"not_picked":["Ball Lightning","Compile Driver"],"picked":"Lockon","floor":35},{"not_picked":["Double Energy","Cold Snap"],"picked":"Hologram","floor":35},{"not_picked":["Purity","Panacea"],"picked":"Discovery","floor":37},{"not_picked":["The Bomb","Jack Of All Trades","Blind"],"picked":"Singing Bowl","floor":37},{"not_picked":["Swift Strike","Forethought","Dramatic Entrance"],"picked":"Singing Bowl","floor":37},{"not_picked":["Coolheaded+1","Ball Lightning+1"],"picked":"Darkness+1","floor":38},{"not_picked":["Beam Cell+1","Consume"],"picked":"Coolheaded+1","floor":38},{"not_picked":["Compile Driver+1","Cold Snap+1"],"picked":"Hologram+1","floor":40},{"not_picked":["Rebound","Doom and Gloom"],"picked":"Loop+1","floor":45},{"not_picked":["Skim+1","Leap+1"],"picked":"Redo+1","floor":45},{"not_picked":["White Noise","Hello World+1"],"picked":"Self Repair+1","floor":46},{"not_picked":["Hologram","Double Energy"],"picked":"Reboot","floor":47},{"not_picked":["Streamline+1","Conserve Battery+1"],"picked":"Auto Shields+1","floor":48},{"not_picked":["Defragment","Leap"],"picked":"BootSequence+1","floor":48},{"not_picked":["Recycle","Gash+1"],"picked":"Lockon+1","floor":54}],"player_experience":165504,"relics_obtained":[{"floor":14,"key":"Shuriken"},{"floor":23,"key":"Singing Bowl"},{"floor":23,"key":"Pear"},{"floor":25,"key":"Blue Candle"},{"floor":25,"key":"Juzu Bracelet"},{"floor":26,"key":"Bag of Marbles"},{"floor":27,"key":"Calipers"},{"floor":27,"key":"Orichalcum"},{"floor":29,"key":"Prayer Wheel"},{"floor":29,"key":"Whetstone"},{"floor":40,"key":"Ancient Tea Set"},{"floor":40,"key":"Tiny Chest"},{"floor":41,"key":"Pen Nib"},{"floor":43,"key":"Mercury Hourglass"},{"floor":46,"key":"Molten Egg 2"},{"floor":46,"key":"Dead Branch"},{"floor":47,"key":"Peace Pipe"},{"floor":54,"key":"Pantograph"},{"floor":54,"key":"War Paint"}],"event_choices":[{"damage_healed":0,"gold_gain":0,"player_choice":"Entered Light","damage_taken":15,"max_hp_gain":0,"max_hp_loss":0,"event_name":"Shining Light","floor":2,"gold_loss":0,"cards_upgraded":["Defend_B","Strike_B"]},{"damage_healed":0,"gold_gain":0,"player_choice":"Donut","damage_taken":0,"max_hp_gain":5,"max_hp_loss":0,"event_name":"Big Fish","floor":4,"gold_loss":0},{"cards_removed":["Strike_B"],"damage_healed":0,"gold_gain":0,"player_choice":"Offered Basic","damage_taken":0,"max_hp_gain":0,"max_hp_loss":0,"event_name":"Bonfire Elementals","floor":10,"gold_loss":0},{"damage_healed":0,"gold_gain":0,"player_choice":"Upgraded Two","damage_taken":0,"max_hp_gain":0,"max_hp_loss":0,"event_name":"Designer","floor":19,"gold_loss":40,"cards_upgraded":["Dualcast","Strike_B"]},{"damage_healed":0,"gold_gain":0,"player_choice":"Paid","damage_taken":0,"relics_obtained":["Red Mask"],"max_hp_gain":0,"max_hp_loss":0,"event_name":"Tomb of Lord Red Mask","floor":36,"gold_loss":115},{"damage_healed":0,"gold_gain":0,"player_choice":"Memory 3","damage_taken":10,"max_hp_gain":0,"max_hp_loss":0,"event_name":"SensoryStone","floor":37,"gold_loss":0},{"cards_removed":["Go for the Eyes"],"damage_healed":0,"gold_gain":0,"player_choice":"Removed Attack","damage_taken":0,"max_hp_gain":0,"max_hp_loss":0,"event_name":"Falling","floor":39,"gold_loss":0},{"damage_healed":0,"gold_gain":0,"player_choice":"Fight","damage_taken":0,"max_hp_gain":0,"max_hp_loss":0,"event_name":"Mysterious Sphere","floor":47,"gold_loss":0}],"is_beta":false,"boss_relics":[{"not_picked":["Cursed Key","Runic Pyramid"],"picked":"Black Star"},{"not_picked":["Sozu","Velvet Choker"],"picked":"Lizard Tail"}],"items_purged_floors":[53],"is_endless":false,"potions_floor_spawned":[7,11,16,22,25,27,29,35,46,48,54],"killed_by":"The Heart","ascension_level":5}