{"path_per_floor":["M","?","M","M","M","E","R","E","T","$","M","?","M","M","R","B",null,"M","?","?","M","M","R","?","$","T","T"],"character_chosen":"DEFECT","items_purchased":["Buffer","Dream Catcher","Defragment","Chaos"],"gold_per_floor":[110,110,124,142,155,182,182,209,235,9,22,22,38,51,51,154,184,172,172,172,186,201,201,126,18,43,43,43],"floor_reached":28,"campfire_rested":3,"playtime":954,"current_hp_per_floor":[75,75,75,75,66,42,64,38,38,38,40,40,13,25,47,46,80,78,78,63,42,39,64,64,64,64,64,0],"items_purged":[],"gold":43,"score":230,"play_id":"30a89d19-8057-4e1b-a0ca-a0cb37a65ce0","local_time":"20180430022854","is_prod":false,"is_daily":false,"chose_seed":false,"is_ascension_mode":false,"campfire_upgraded":0,"timestamp":1525069734,"path_taken":["M","?","?","M","M","E","R","E","T","$","M","?","M","M","R","BOSS","M","?","?","M","M","R","?","$","T","?","?"],"build_version":"2018-04-27v3","seed_source_timestamp":1240049622694644,"purchased_purges":0,"victory":false,"master_deck":["Strike_B","Strike_B","Strike_B","Defend_B","Defend_B","Defend_B","Zap","Dualcast","Conserve Battery","Doom and Gloom","Ball Lightning","Loop","Skim+1","Chaos","Buffer+1","Genetic Algorithm+1","Self Repair+1","FTL","FTL","Meteor Strike","FTL","White Noise","Blaster","Auto Shields","Capacitor+1","Defragment+1","Chaos"],"max_hp_per_floor":[75,75,75,75,75,75,75,75,75,75,75,75,75,75,75,75,80,80,80,85,85,85,85,85,85,85,85,85],"relics":["Cracked Core","NeowsBlessing","Frozen Egg 2","Blood Vial","Oddly Smooth Stone","Dream Catcher","Tiny House","Anchor","Matryoshka"],"card_choices":[{"not_picked":["Axe Kick","Gash"],"picked":"Doom and Gloom","floor":3},{"not_picked":["Genetic Algorithm","Rebound"],"picked":"Ball Lightning","floor":4},{"not_picked":["Conserve Battery","Steam Power"],"picked":"Loop","floor":5},{"not_picked":["Turbo","Doom and Gloom"],"picked":"Skim","floor":6},{"not_picked":["Blizzard","Beam Cell"],"picked":"Chaos","floor":8},{"not_picked":["Sweeping Beam","Rebound"],"picked":"Genetic Algorithm","floor":11},{"not_picked":["Chaos","Coolheaded"],"picked":"Self Repair","floor":13},{"not_picked":["Impulse","Go for the Eyes"],"picked":"FTL","floor":14},{"not_picked":["Go for the Eyes","Flux Capacitor"],"picked":"FTL","floor":15},{"not_picked":["Fission","Seek"],"picked":"Meteor Strike","floor":16},{"not_picked":["Conserve Battery","Cold Snap"],"picked":"FTL","floor":17},{"not_picked":["Leap","Skim"],"picked":"White Noise","floor":18},{"not_picked":["Double Energy","Impulse"],"picked":"Blaster","floor":21},{"not_picked":["Steam Power","Rebound"],"picked":"Auto Shields","floor":22},{"not_picked":["Double Energy","Skim"],"picked":"Capacitor","floor":23}],"player_experience":69426,"potions_floor_usage":[6,11,14,16,16,18,21],"damage_taken":[{"damage":0,"enemies":"Cultist","floor":1,"turns":1},{"damage":0,"enemies":"2 Louse","floor":3,"turns":1},{"damage":0,"enemies":"Jaw Worm","floor":4,"turns":1},{"damage":9,"enemies":"Gremlin Gang","floor":5,"turns":3},{"damage":24,"enemies":"3 Sentries","floor":6,"turns":4},{"damage":26,"enemies":"Lagavulin","floor":8,"turns":5},{"damage":0,"enemies":"Looter","floor":11,"turns":3},{"damage":29,"enemies":"Exordium Thugs","floor":13,"turns":5},{"damage":0,"enemies":"3 Louse","floor":14,"turns":3},{"damage":13,"enemies":"Slime Boss","floor":16,"turns":8},{"damage":12,"enemies":"2 Thieves","floor":18,"turns":4},{"damage":33,"enemies":"3 Byrds","floor":21,"turns":5},{"damage":15,"enemies":"Snecko","floor":22,"turns":5},{"damage":69,"enemies":"3 Cultists","floor":28,"turns":5}],"event_choices":[{"event_name":"Living Wall","player_choice":"Change","floor":2,"damage_taken":0},{"event_name":"Accursed Blacksmith","player_choice":"Forge","floor":12,"damage_taken":0},{"event_name":"Drug Dealer","player_choice":"Ignored","floor":19,"damage_taken":0},{"event_name":"Forgotten Altar","player_choice":"Shed Blood","floor":20,"damage_taken":0},{"event_name":"Beggar","player_choice":"Gave Gold","floor":24,"damage_taken":0}],"boss_relics":[{"not_picked":["Runic Dome","Eternal Feather"],"picked":"Tiny House"}],"potions_floor_spawned":[1,8,11,13,14,18],"seed_played":"-33150383377740264","killed_by":"3 Cultists","ascension_level":0,"is_trial":false}