{"gold_per_floor":[115,135,35,50,0,0,0,25,25,25,25,39,39,53,53,53],"floor_reached":16,"playtime":642,"items_purged":[],"score":101,"play_id":"b07b97a1-928b-4509-8625-13234805991e","local_time":"20180904224214","is_ascension_mode":true,"campfire_choices":[{"data":"Glacier","floor":6,"key":"SMITH"},{"data":"Dualcast","floor":11,"key":"SMITH"},{"data":"Undo","floor":15,"key":"SMITH"}],"neow_cost":"NONE","seed_source_timestamp":720573208864185,"circlet_count":0,"master_deck":["Strike_B","Strike_B","Strike_B","Defend_B","Defend_B","Defend_B","Defend_B","Zap","Dualcast+1","Reboot","Gash","Undo+1","Cold Snap","Leap","Glacier+1","Cold Snap","Coolheaded","Cold Snap"],"relics":["Cracked Core","Golden Idol","Regal Pillow"],"potions_floor_usage":[14,16,16],"damage_taken":[{"damage":2,"enemies":"Jaw Worm","floor":1,"turns":3},{"damage":0,"enemies":"2 Louse","floor":2,"turns":1},{"damage":0,"enemies":"Small Slimes","floor":4,"turns":3},{"damage":0,"enemies":"3 Louse","floor":8,"turns":2},{"damage":0,"enemies":"Blue Slaver","floor":12,"turns":4},{"damage":0,"enemies":"Looter","floor":14,"turns":2},{"damage":59,"enemies":"Slime Boss","floor":16,"turns":12}],"seed_played":"-8569511994108610934","potions_obtained":[{"floor":1,"key":"LiquidBronze"},{"floor":8,"key":"SpeedPotion"},{"floor":12,"key":"SkillPotion"}],"is_trial":false,"path_per_floor":["M","M","$","M","?","R","?","M","T","$","R","M","$","M","R"],"character_chosen":"DEFECT","items_purchased":["Cold Snap","Leap"],"campfire_rested":0,"item_purchase_floors":[3,3],"current_hp_per_floor":[73,73,73,73,73,73,55,55,55,55,55,55,55,55,55,0],"gold":53,"neow_bonus":"ONE_RANDOM_RARE_CARD","is_prod":false,"is_daily":false,"chose_seed":false,"campfire_upgraded":3,"win_rate":0,"timestamp":1536115334,"path_taken":["M","M","$","M","?","R","?","?","T","?","R","M","$","M","R","BOSS"],"build_version":"2018-09-03","purchased_purges":0,"victory":false,"max_hp_per_floor":[75,75,75,75,75,75,75,75,75,75,75,75,75,75,75,75],"card_choices":[{"not_picked":["Beam Cell","Streamline"],"picked":"Gash","floor":1},{"not_picked":["Cold Snap","Go for the Eyes"],"picked":"Undo","floor":2},{"not_picked":["Gash","Steam"],"picked":"Glacier","floor":4},{"not_picked":["Leap","Conserve Battery"],"picked":"Cold Snap","floor":8},{"not_picked":["Tempest","Meteor Strike"],"picked":"Coolheaded","floor":12},{"not_picked":["Ball Lightning","Redo"],"picked":"Cold Snap","floor":14}],"player_experience":561455,"relics_obtained":[{"floor":9,"key":"Regal Pillow"}],"event_choices":[{"event_name":"The Cleric","player_choice":"Card Removal","floor":5,"damage_taken":0},{"event_name":"Golden Idol","player_choice":"Take Damage","floor":7,"damage_taken":0}],"is_beta":true,"boss_relics":[],"items_purged_floors":[],"is_endless":false,"potions_floor_spawned":[1,8,12],"killed_by":"Slime Boss","ascension_level":2}