{"gold_per_floor":[114,127,202,202,221,221,240,254,254,265,281,298,298,310,310,310],"floor_reached":16,"playtime":386,"items_purged":[],"score":196,"play_id":"3bab1a24-097a-4a5e-8a21-e6f9f6787d52","local_time":"20190127094254","is_ascension_mode":true,"campfire_choices":[{"data":"Neutralize","floor":6,"key":"SMITH"},{"floor":13,"key":"REST"},{"floor":15,"key":"RECALL"}],"neow_cost":"NONE","seed_source_timestamp":1512465842128866,"circlet_count":0,"master_deck":["AscendersBane","Defend_G","Defend_G","Defend_G","Defend_G","Defend_G","Strike_G","Strike_G","Strike_G","Strike_G","Strike_G","Survivor","Neutralize+1","Poisoned Stab","Catalyst","Dagger Throw","Deadly Poison","Predator"],"special_seed":0,"relics":["Ring of the Snake","Oddly Smooth Stone","Bottled Lightning"],"potions_floor_usage":[11],"damage_taken":[{"damage":7.0,"enemies":"2 Louse","floor":1.0,"turns":3.0},{"damage":0.0,"enemies":"Small Slimes","floor":2.0,"turns":5.0},{"damage":0,"enemies":"Cultist","floor":5,"turns":4},{"damage":16,"enemies":"Exordium Thugs","floor":7,"turns":5},{"damage":1,"enemies":"Blue Slaver","floor":8,"turns":4},{"damage":0,"enemies":"Looter","floor":10,"turns":4},{"damage":5,"enemies":"Gremlin Gang","floor":11,"turns":5},{"damage":0,"enemies":"Exordium Wildlife","floor":12,"turns":3},{"damage":4,"enemies":"Exordium Thugs","floor":14,"turns":6},{"damage":0,"enemies":"Slime Boss","floor":16,"turns":1}],"seed_played":"-5608470211585613824","potions_obtained":[{"floor":5,"key":"Ancient Potion"},{"floor":8,"key":"Swift Potion"},{"floor":10,"key":"Poison Potion"},{"floor":12,"key":"Block Potion"}],"is_trial":false,"path_per_floor":["M","M","?","?","M","R","M","M","T","M","M","M","R","M","R","B"],"character_chosen":"THE_SILENT","items_purchased":[],"campfire_rested":1,"item_purchase_floors":[],"current_hp_per_floor":[52,52,41,41,41,41,25,24,24,24,19,19,38,34,34,34],"gold":310,"neow_bonus":"RANDOM_COMMON_RELIC","is_prod":false,"is_daily":false,"chose_seed":false,"campfire_upgraded":1,"win_rate":0,"timestamp":1548607374,"path_taken":["M","M","?","?","M","R","M","M","T","?","M","M","R","M","R","BOSS"],"build_version":"2019-01-23","purchased_purges":0,"victory":false,"max_hp_per_floor":[66,66,66,66,66,66,66,66,66,66,66,66,66,66,66,66],"card_choices":[{"not_picked":["Quick Slash","Cloak And Dagger"],"picked":"Poisoned Stab","floor":1.0},{"not_picked":["Cloak And Dagger","Reflex"],"picked":"Catalyst","floor":2.0},{"not_picked":["Eviscerate","Backflip"],"picked":"Dagger Throw","floor":5},{"not_picked":["Blade Dance","Poisoned Stab"],"picked":"Deadly Poison","floor":7},{"not_picked":["Slice","Endless Agony","Terror"],"picked":"SKIP","floor":8},{"not_picked":["Dagger Throw","Deadly Poison"],"picked":"Predator","floor":10},{"not_picked":["Escape Plan","Wraith Form v2","Tactician"],"picked":"SKIP","floor":11},{"not_picked":["Reflex","Dagger Throw","Poisoned Stab"],"picked":"SKIP","floor":12},{"not_picked":["Deflect","Eviscerate","Leg Sweep"],"picked":"SKIP","floor":14}],"player_experience":701608,"relics_obtained":[{"floor":9,"key":"Bottled Lightning"}],"event_choices":[{"damage_healed":0.0,"max_hp_gain":0.0,"max_hp_loss":0.0,"gold_gain":75.0,"event_name":"World of Goop","player_choice":"Gather Gold","floor":3.0,"gold_loss":0.0,"damage_taken":11.0},{"damage_healed":0,"gold_gain":0,"player_choice":"Leave","damage_taken":0,"max_hp_gain":0,"max_hp_loss":0,"event_name":"FaceTrader","floor":4,"gold_loss":0}],"is_beta":false,"boss_relics":[],"items_purged_floors":[],"is_endless":false,"potions_floor_spawned":[5,8,10,12],"killed_by":"Slime Boss","ascension_level":20}