{"gold_per_floor":[109,109,17,30,44,44,44,24,71,71,90,124,10,26,26,119,119,93,93,114,135,153,153,53,53,76,76],"floor_reached":27,"playtime":883,"items_purged":["Strike_G","Strike_G"],"score":430,"play_id":"60d628e7-1afe-4fc0-a81d-c7003cc1d19f","local_time":"20181102192132","is_ascension_mode":true,"campfire_choices":[{"data":"Noxious Fumes","floor":6,"key":"SMITH"},{"data":"Neutralize","floor":10,"key":"SMITH"},{"data":"Dash","floor":15,"key":"SMITH"},{"data":"Cloak And Dagger","floor":23,"key":"SMITH"},{"floor":25,"key":"REST"}],"neow_cost":"NONE","seed_source_timestamp":1973840390940434,"circlet_count":0,"master_deck":["AscendersBane","Defend_G","Defend_G","Defend_G","Defend_G","Defend_G","Strike_G","Survivor","Neutralize+1","Cloak And Dagger","Cloak And Dagger","Noxious Fumes+1","Backstab","Infinite Blades","Dash+1","Cloak And Dagger+1","After Image","Well Laid Plans","PiercingWail+1"],"special_seed":0,"relics":["Ring of the Snake","Golden Idol","Centennial Puzzle","Potion Belt","Omamori","WristBlade","Oddly Smooth Stone"],"potions_floor_usage":[12,16,16,27],"damage_taken":[{"damage":7,"enemies":"Cultist","floor":1,"turns":5},{"damage":3,"enemies":"Jaw Worm","floor":4,"turns":4},{"damage":0,"enemies":"2 Louse","floor":5,"turns":5},{"damage":7,"enemies":"Exordium Thugs","floor":8,"turns":5},{"damage":2,"enemies":"Looter","floor":11,"turns":4},{"damage":19,"enemies":"Gremlin Nob","floor":12,"turns":4},{"damage":3,"enemies":"Blue Slaver","floor":14,"turns":4},{"damage":5,"enemies":"The Guardian","floor":16,"turns":10},{"damage":7,"enemies":"2 Thieves","floor":18,"turns":4},{"damage":3,"enemies":"3 Byrds","floor":20,"turns":6},{"damage":17,"enemies":"Sentry and Sphere","floor":21,"turns":8},{"damage":6,"enemies":"Cultist and Chosen","floor":22,"turns":7},{"damage":38,"enemies":"Gremlin Leader","floor":27,"turns":4}],"seed_played":"2177001327547839070","potions_obtained":[{"floor":8,"key":"Fire Potion"},{"floor":11,"key":"PowerPotion"},{"floor":14,"key":"Fire Potion"},{"floor":16,"key":"GamblersBrew"},{"floor":21,"key":"FearPotion"},{"floor":22,"key":"Strength Potion"}],"is_trial":false,"path_per_floor":["M","?","?","M","M","R","?","M","T","R","M","E","$","M","R","B",null,"M","?","M","M","M","R","$","R","T","E"],"character_chosen":"THE_SILENT","items_purchased":["Dash"],"campfire_rested":1,"item_purchase_floors":[13],"current_hp_per_floor":[58,58,58,55,55,55,48,41,41,41,39,20,20,17,17,12,52,45,45,42,25,19,19,19,38,38,0],"gold":76,"neow_bonus":"TEN_PERCENT_HP_BONUS","is_prod":false,"is_daily":false,"chose_seed":false,"campfire_upgraded":4,"win_rate":0,"timestamp":1541211692,"path_taken":["M","?","?","?","M","R","?","M","T","R","M","E","?","M","R","BOSS","M","?","M","M","M","R","?","R","T","E"],"build_version":"2018-11-01","purchased_purges":2,"victory":false,"max_hp_per_floor":[72,65,65,65,65,65,65,65,65,65,65,65,65,65,65,65,65,65,65,65,65,65,65,65,65,65,65],"card_choices":[{"not_picked":["Bane","Deadly Poison"],"picked":"Cloak And Dagger","floor":1},{"not_picked":["Dodge and Roll","Blur"],"picked":"Cloak And Dagger","floor":4},{"not_picked":["PiercingWail","Blade Dance"],"picked":"Noxious Fumes","floor":5},{"not_picked":["Reflex","Outmaneuver","Deflect"],"picked":"SKIP","floor":8},{"not_picked":["Flechettes","Grand Finale"],"picked":"Backstab","floor":11},{"not_picked":["Dagger Spray","Underhanded Strike"],"picked":"Infinite Blades","floor":12},{"not_picked":["Sucker Punch","Prepared"],"picked":"Cloak And Dagger","floor":14},{"not_picked":["Night Terror","A Thousand Cuts"],"picked":"After Image","floor":16},{"not_picked":["Acrobatics","Bouncing Flask"],"picked":"Well Laid Plans","floor":18},{"not_picked":["Cloak And Dagger","All Out Attack"],"picked":"PiercingWail+1","floor":20},{"not_picked":["All Out Attack","Blade Dance","Quick Slash"],"picked":"SKIP","floor":21},{"not_picked":["Envenom","Prepared","Dash"],"picked":"SKIP","floor":22}],"player_experience":573108,"relics_obtained":[{"floor":9,"key":"Potion Belt"},{"floor":12,"key":"Omamori"},{"floor":26,"key":"Oddly Smooth Stone"}],"event_choices":[{"damage_healed":0,"gold_gain":0,"player_choice":"Lose Max HP","damage_taken":0,"relics_obtained":["Golden Idol"],"max_hp_gain":0,"max_hp_loss":7,"event_name":"Golden Idol","floor":2,"gold_loss":0},{"damage_healed":0,"gold_gain":0,"player_choice":"Paid Gold","damage_taken":0,"relics_obtained":["Centennial Puzzle"],"max_hp_gain":0,"max_hp_loss":0,"event_name":"WeMeetAgain","floor":3,"gold_loss":92},{"cards_removed":["Strike_G"],"damage_healed":0,"gold_gain":0,"player_choice":"Card Removal","damage_taken":7,"max_hp_gain":0,"max_hp_loss":0,"event_name":"Golden Wing","floor":7,"gold_loss":0},{"cards_removed":["Strike_G"],"damage_healed":0,"gold_gain":0,"player_choice":"Offered Basic","damage_taken":0,"max_hp_gain":0,"max_hp_loss":0,"event_name":"Bonfire Elementals","floor":19,"gold_loss":0}],"is_beta":false,"boss_relics":[{"not_picked":["Ectoplasm","Black Star"],"picked":"WristBlade"}],"items_purged_floors":[13,24],"is_endless":false,"potions_floor_spawned":[8,11,14,16,21,22],"killed_by":"Gremlin Leader","ascension_level":20}