{"path_per_floor":["M","?","?","M","M","R","M","?","T","M","M","?","M","M","R"],"character_chosen":"IRONCLAD","items_purchased":[],"gold_per_floor":[117,117,192,208,228,228,247,497,543,557,577,577,587,601,601],"floor_reached":16,"campfire_rested":2,"playtime":591,"current_hp_per_floor":[74,79,68,66,53,78,68,68,68,70,70,70,63,46,71],"items_purged":[],"gold":601,"score":96,"play_id":"75237615-e748-43e8-b353-6dc0185abaa9","local_time":"20180322095301","is_prod":false,"is_daily":false,"is_ascension_mode":false,"campfire_upgraded":0,"timestamp":1521726781,"path_taken":["M","?","?","M","M","R","M","?","T","?","M","?","M","M","R","BOSS"],"build_version":"2018-03-15v3","purchased_purges":0,"victory":false,"master_deck":["Strike_R","Strike_R","Strike_R","Strike_R","Strike_R","Defend_R","Defend_R","Defend_R","Defend_R","Bash","Offering","Offering","Cleave","Blood for Blood","Twin Strike","Regret","Rage","Clash","Flex","Pommel Strike"],"max_hp_per_floor":[80,85,85,85,85,85,85,85,85,85,85,85,85,85,85],"relics":["Burning Blood","Orichalcum"],"card_choices":[{"not_picked":["Anger","True Grit"],"picked":"Offering"},{"not_picked":["Perfected Strike","Heavy Blade"],"picked":"Cleave"},{"not_picked":["Pommel Strike","Combust"],"picked":"Blood for Blood"},{"not_picked":["Flex","Sword Boomerang"],"picked":"Twin Strike"},{"not_picked":["Headbutt","Heavy Blade"],"picked":"Rage"},{"not_picked":["Immolate","Uppercut"],"picked":"Clash"},{"not_picked":["Havoc","Hemokinesis"],"picked":"Flex"},{"not_picked":["Intimidate","Havoc"],"picked":"Pommel Strike"}],"player_experience":507963,"potions_floor_usage":[],"damage_taken":[{"damage":12.0,"enemies":"Small Slimes","floor":1.0,"turns":3.0},{"damage":8.0,"enemies":"2 Louse","floor":4.0,"turns":3.0},{"damage":19.0,"enemies":"Jaw Worm","floor":5.0,"turns":2.0},{"damage":16.0,"enemies":"Blue Slaver","floor":7.0,"turns":2.0},{"damage":4.0,"enemies":"Looter","floor":10.0,"turns":2.0},{"damage":9.0,"enemies":"3 Louse","floor":11.0,"turns":2.0},{"damage":13.0,"enemies":"Gremlin Gang","floor":13.0,"turns":4.0},{"damage":23,"enemies":"Exordium Thugs","floor":14,"turns":3},{"damage":74,"enemies":"The Guardian","floor":16,"turns":6}],"event_choices":[{"event_name":"Big Fish","player_choice":"Donut","floor":2.0,"damage_taken":0.0},{"event_name":"World of Goop","player_choice":"Gather Gold","floor":3.0,"damage_taken":0.0},{"event_name":"Golden Shrine","player_choice":"Desecrate","floor":8.0,"damage_taken":0.0},{"event_name":"The Lab","player_choice":"Got Potions","floor":12.0,"damage_taken":0.0}],"boss_relics":[],"potions_floor_spawned":[4,5,7,14],"seed_played":"2033398107006164299","killed_by":"The Guardian","ascension_level":0,"is_trial":false}