{"path_per_floor":["M","?","?","M","M","R","$","?","T","M","R","$","R","?","R","B",null,"M","?","?","M"],"character_chosen":"IRONCLAD","items_purchased":["Inflame","Finesse","Blue Candle"],"gold_per_floor":[114,114,114,129,144,144,5,255,305,320,320,70,70,70,70,170,170,185,185,185,200,200],"floor_reached":22,"campfire_rested":1,"playtime":762,"current_hp_per_floor":[80,64,64,59,56,56,56,56,56,49,49,49,73,73,73,18,80,52,52,52,28,0],"items_purged":[],"gold":200,"score":172,"play_id":"1ab56dd2-5149-4772-aae3-6e07ca2370a2","local_time":"20180412125029","daily_mods":["Allstar","Lethality","Binary"],"is_prod":false,"is_daily":true,"is_ascension_mode":false,"campfire_upgraded":3,"timestamp":1523551829,"path_taken":["M","?","?","M","M","R","$","?","T","M","R","$","R","?","R","BOSS","M","?","?","M","?"],"build_version":"2018-04-05v2","purchased_purges":0,"victory":false,"master_deck":["Strike_R","Strike_R+1","Strike_R+1","Defend_R","Defend_R","Defend_R","Defend_R","Bash","Jack Of All Trades+1","Madness","Secret Weapon","Secret Technique","Apotheosis+1","Infernal Blade+1","Power Through","Inflame","Finesse","Rampage","Immolate+1","Bash","Limit Break+1","Doubt","Cleave+1","Berserk+1","Rampage"],"max_hp_per_floor":[80,80,80,80,80,80,80,80,80,80,80,80,80,80,80,80,80,80,80,80,80,80],"relics":["Blood Vial","Blue Candle","Astrolabe","Nloth\u0027s Gift"],"card_choices":[{"not_picked":["Clash"],"picked":"Infernal Blade","floor":4},{"not_picked":["Havoc"],"picked":"Power Through","floor":5},{"not_picked":["Pommel Strike"],"picked":"Rampage","floor":10},{"not_picked":["Barricade"],"picked":"Limit Break","floor":16},{"not_picked":["Clothesline"],"picked":"Rampage","floor":18}],"player_experience":628420,"potions_floor_usage":[16,18,22],"damage_taken":[{"damage":0,"enemies":"Cultist","floor":1,"turns":2},{"damage":15,"enemies":"Small Slimes","floor":4,"turns":3},{"damage":9,"enemies":"Jaw Worm","floor":5,"turns":2},{"damage":15,"enemies":"Blue Slaver","floor":10,"turns":2},{"damage":63,"enemies":"The Guardian","floor":16,"turns":10},{"damage":34,"enemies":"Shell Parasite","floor":18,"turns":5},{"damage":26,"enemies":"Spheric Guardian","floor":21,"turns":4},{"damage":36,"enemies":"3 Cultists","floor":22,"turns":3}],"event_choices":[{"event_name":"Shining Light","player_choice":"Entered Light","floor":2,"damage_taken":0},{"event_name":"Living Wall","player_choice":"Grow","floor":3,"damage_taken":0},{"event_name":"Golden Shrine","player_choice":"Desecrate","floor":8,"damage_taken":0},{"event_name":"Match and Keep!","player_choice":"2 cards matched","floor":14,"damage_taken":0},{"event_name":"Upgrade Shrine","player_choice":"Upgraded","floor":19,"damage_taken":0},{"event_name":"N\u0027loth","player_choice":"Traded a Burning Blood","floor":20,"damage_taken":0}],"boss_relics":[{"not_picked":["Velvet Choker","Mark of Pain"],"picked":"Astrolabe"}],"potions_floor_spawned":[4,16,21],"seed_played":"8507077734950112790","killed_by":"3 Cultists","ascension_level":0,"is_trial":false}