{"gold_per_floor":[11,11,28,28,48,75,75,104,128,128,128,128,9,28,28,124,124,137,167,167,117,10,10,43,53,53,53,53,67,80,91,91,195,195,207,207,207],"floor_reached":37,"playtime":1643,"items_purged":[],"score":499,"play_id":"6ee150c3-0aec-4d51-84d5-0448e68622b3","local_time":"20190523035320","is_ascension_mode":true,"campfire_choices":[{"floor":7,"key":"REST"},{"floor":11,"key":"REST"},{"data":"Rip and Tear","floor":15,"key":"SMITH"},{"data":"Echo Form","floor":23,"key":"SMITH"},{"floor":27,"key":"REST"},{"floor":32,"key":"REST"}],"neow_cost":"NO_GOLD","seed_source_timestamp":122060556975200,"circlet_count":0,"master_deck":["Defend_B","Defend_B+1","Defend_B+1","Defend_B","Zap","Dualcast","Echo Form+1","Conserve Battery","Rip and Tear+1","Glacier","Melter","Glacier","Static Discharge+1","Go for the Eyes","Machine Learning+1","FTL+1","Loop+1","Bite","Bite","Bite","Bite","Bite","Glacier","Genetic Algorithm+1","Redo+1","FTL+1","Melter","Cold Snap+1","Aggregate","Creative AI+1","Decay","Regret","Rip and Tear+1"],"relics":["Cracked Core","PreservedInsect","Orichalcum","Oddly Smooth Stone","Juzu Bracelet","Shuriken","Frozen Egg 2","Sozu","Red Mask","Pocketwatch","Gremlin Horn","Calling Bell","War Paint","Pantograph","Gambling Chip"],"potions_floor_usage":[5,18,19],"damage_taken":[{"damage":12,"enemies":"Small Slimes","floor":1,"turns":3},{"damage":6,"enemies":"Cultist","floor":3,"turns":3},{"damage":0,"enemies":"Jaw Worm","floor":5,"turns":1},{"damage":15,"enemies":"Lagavulin","floor":6,"turns":4},{"damage":4,"enemies":"3 Sentries","floor":8,"turns":8},{"damage":2,"enemies":"Looter","floor":14,"turns":3},{"damage":21,"enemies":"Slime Boss","floor":16,"turns":9},{"damage":4,"enemies":"3 Byrds","floor":18,"turns":5},{"damage":28,"enemies":"Masked Bandits","floor":19,"turns":4},{"damage":41,"enemies":"Slavers","floor":24,"turns":6},{"damage":2,"enemies":"Chosen","floor":25,"turns":8},{"damage":27,"enemies":"Colosseum Slavers","floor":28,"turns":4},{"damage":7,"enemies":"Snake Plant","floor":29,"turns":6},{"damage":5,"enemies":"3 Cultists","floor":30,"turns":6},{"damage":0,"enemies":"Chosen and Byrds","floor":31,"turns":5},{"damage":20,"enemies":"Collector","floor":33,"turns":10},{"damage":16,"enemies":"3 Darklings","floor":35,"turns":4},{"damage":49,"enemies":"2 Orb Walkers","floor":37,"turns":3}],"seed_played":"-1921543787376893254","potions_obtained":[{"floor":3,"key":"AttackPotion"},{"floor":14,"key":"Dexterity Potion"},{"floor":16,"key":"Dexterity Potion"}],"is_trial":false,"path_per_floor":["M","?","M","?","M","E","R","E","T","?","R","T","$","M","R","B",null,"M","?","?","?","$","R","E","M","T","R","?","M","M","M","R","B",null,"M","?","?"],"character_chosen":"DEFECT","items_purchased":["Glacier","Static Discharge+1","Glacier","Genetic Algorithm"],"campfire_rested":4,"item_purchase_floors":[13,13,22,22],"current_hp_per_floor":[63,63,57,42,42,27,49,45,45,33,55,55,55,53,53,32,75,71,43,43,43,43,43,6,14,14,29,6,5,6,8,23,23,52,42,42,0],"gold":207,"neow_bonus":"THREE_RARE_CARDS","is_prod":false,"is_daily":false,"chose_seed":false,"campfire_upgraded":2,"win_rate":0,"timestamp":1558598000,"path_taken":["M","?","?","?","M","E","R","E","T","?","R","?","?","M","R","BOSS","M","?","?","?","$","R","E","M","T","R","?","M","M","M","R","BOSS","M","?","?"],"build_version":"2019-05-22","purchased_purges":0,"victory":false,"max_hp_per_floor":[75,75,75,75,75,75,75,75,75,75,75,75,75,75,75,75,75,75,75,52,52,52,52,52,52,52,52,52,52,52,52,52,52,52,52,52,52],"card_choices":[{"not_picked":["Seek","All For One"],"picked":"Echo Form","floor":0},{"not_picked":["Cold Snap","Streamline"],"picked":"Sweeping Beam","floor":1},{"not_picked":["Turbo","Ball Lightning"],"picked":"Conserve Battery","floor":3},{"not_picked":["Redo","Beam Cell"],"picked":"Rip and Tear","floor":5},{"not_picked":["Reinforced Body","Redo"],"picked":"Glacier","floor":6},{"not_picked":["Rebound","Sweeping Beam"],"picked":"Melter","floor":8},{"not_picked":["Recycle","Undo"],"picked":"Go for the Eyes","floor":14},{"not_picked":["Rainbow","Multi-Cast"],"picked":"Machine Learning+1","floor":16},{"not_picked":["Redo","Ball Lightning"],"picked":"FTL+1","floor":18},{"not_picked":["Rebound","Storm+1"],"picked":"Loop+1","floor":19},{"not_picked":["Barrage","Hologram"],"picked":"Redo+1","floor":24},{"not_picked":["Compile Driver","Consume"],"picked":"FTL+1","floor":25},{"not_picked":["Recycle","Conserve Battery"],"picked":"Melter","floor":29},{"not_picked":["Multi-Cast","Ball Lightning"],"picked":"Cold Snap+1","floor":30},{"not_picked":["White Noise","Undo+1"],"picked":"Aggregate","floor":31},{"not_picked":["Multi-Cast","Rainbow"],"picked":"Creative AI+1","floor":33},{"not_picked":["BootSequence","Ball Lightning+1"],"picked":"Rip and Tear+1","floor":35}],"player_experience":906126,"relics_obtained":[{"floor":6,"key":"Orichalcum"},{"floor":8,"key":"Oddly Smooth Stone"},{"floor":9,"key":"Juzu Bracelet"},{"floor":12,"key":"Frozen Egg 2"},{"floor":19,"key":"Red Mask"},{"floor":24,"key":"Pocketwatch"},{"floor":26,"key":"Gremlin Horn"},{"floor":34,"key":"War Paint"},{"floor":34,"key":"Pantograph"},{"floor":34,"key":"Gambling Chip"}],"event_choices":[{"cards_removed":["Sweeping Beam"],"damage_healed":0,"gold_gain":0,"player_choice":"Gave Card","damage_taken":0,"relics_obtained":["PreservedInsect"],"max_hp_gain":0,"max_hp_loss":0,"event_name":"WeMeetAgain","floor":2,"gold_loss":0},{"damage_healed":0,"gold_gain":0,"player_choice":"Entered Light","damage_taken":15,"max_hp_gain":0,"max_hp_loss":0,"event_name":"Shining Light","floor":4,"gold_loss":0,"cards_upgraded":["Strike_B","Defend_B"]},{"damage_healed":0,"gold_gain":0,"player_choice":"Success","damage_taken":12,"relics_obtained":["Shuriken"],"max_hp_gain":0,"max_hp_loss":0,"event_name":"Scrap Ooze","floor":10,"gold_loss":0},{"damage_healed":0,"gold_gain":0,"player_choice":"Fought Bandits","damage_taken":0,"max_hp_gain":0,"max_hp_loss":0,"event_name":"Masked Bandits","floor":19,"gold_loss":0},{"damage_healed":0,"gold_gain":0,"player_choice":"Became a vampire","damage_taken":0,"max_hp_gain":0,"max_hp_loss":23,"event_name":"Vampires","floor":20,"gold_loss":0,"cards_obtained":["Bite","Bite","Bite","Bite","Bite"]},{"damage_healed":0,"gold_gain":0,"player_choice":"Bet on Murderer","damage_taken":0,"max_hp_gain":0,"max_hp_loss":0,"event_name":"The Joust","floor":21,"gold_loss":50},{"damage_healed":0,"gold_gain":0,"player_choice":"Fight","damage_taken":0,"max_hp_gain":0,"max_hp_loss":0,"event_name":"Colosseum","floor":28,"gold_loss":0},{"damage_healed":0,"gold_gain":0,"player_choice":"Fled From Nobs","damage_taken":0,"max_hp_gain":0,"max_hp_loss":0,"event_name":"Colosseum","floor":28,"gold_loss":0},{"cards_removed":["Regret"],"damage_healed":0,"gold_gain":0,"player_choice":"Card Removal","damage_taken":0,"max_hp_gain":0,"max_hp_loss":0,"event_name":"Wheel of Change","floor":36,"gold_loss":0},{"damage_healed":0,"gold_gain":0,"player_choice":"Fight","damage_taken":0,"max_hp_gain":0,"max_hp_loss":0,"event_name":"Mysterious Sphere","floor":37,"gold_loss":0}],"is_beta":true,"boss_relics":[{"not_picked":["Runic Dome","Busted Crown"],"picked":"Sozu"},{"not_picked":["Runic Pyramid","Fusion Hammer"],"picked":"Calling Bell"}],"items_purged_floors":[],"is_endless":false,"potions_floor_spawned":[3,14,16,19,28,30],"killed_by":"2 Orb Walkers","ascension_level":4}