{"gold_per_floor":[109,109,134,164,195,207,233,279,291,303,345,370,397,440,452,536,548,574,603,530,542,202,202],"floor_reached":23,"playtime":829,"items_purged":["Strike_B"],"score":426,"play_id":"d7d1ff3f-d8dd-402b-bf89-007ead661674","local_time":"20190629121251","is_ascension_mode":true,"campfire_choices":[{"data":"Zap","floor":6.0,"key":"SMITH"},{"floor":10.0,"key":"REST"},{"floor":15.0,"key":"REST"}],"neow_cost":"NONE","seed_source_timestamp":1533869087156092,"circlet_count":0,"master_deck":["AscendersBane","Strike_B","Strike_B","Strike_B","Defend_B","Defend_B","Defend_B","Defend_B","Zap+1","Dualcast","Cold Snap","Undo","Sweeping Beam","Glacier","Ball Lightning","Coolheaded","Capacitor","Hologram","Rainbow"],"special_seed":0,"relics":["Cracked Core","MawBank","Sundial","Blue Candle","Bottled Lightning","Singing Bowl","Philosopher\u0027s Stone","Shuriken","Mummified Hand"],"potions_floor_usage":[18,21,21],"damage_taken":[{"damage":0.0,"enemies":"2 Louse","floor":1.0,"turns":2.0},{"damage":10.0,"enemies":"Jaw Worm","floor":3.0,"turns":4.0},{"damage":0.0,"enemies":"Small Slimes","floor":4.0,"turns":3.0},{"damage":2.0,"enemies":"2 Fungi Beasts","floor":5.0,"turns":3.0},{"damage":4.0,"enemies":"Red Slaver","floor":7.0,"turns":4.0},{"damage":19.0,"enemies":"Lagavulin","floor":8.0,"turns":7.0},{"damage":12.0,"enemies":"3 Sentries","floor":11.0,"turns":5.0},{"damage":8.0,"enemies":"Gremlin Gang","floor":12.0,"turns":5.0},{"damage":13.0,"enemies":"Exordium Thugs","floor":13.0,"turns":5.0},{"damage":13.0,"enemies":"Lagavulin","floor":14.0,"turns":8.0},{"damage":14.0,"enemies":"The Guardian","floor":16.0,"turns":16.0},{"damage":20,"enemies":"3 Byrds","floor":18,"turns":3},{"damage":10,"enemies":"Spheric Guardian","floor":19,"turns":4},{"damage":50,"enemies":"Colosseum Slavers","floor":21,"turns":5},{"damage":8,"enemies":"Book of Stabbing","floor":23,"turns":1}],"seed_played":"-2057526283233430720","potions_obtained":[{"floor":3.0,"key":"FocusPotion"},{"floor":5.0,"key":"SpeedPotion"},{"floor":8.0,"key":"Explosive Potion"},{"floor":13.0,"key":"LiquidBronze"},{"floor":16.0,"key":"Regen Potion"},{"floor":18,"key":"SkillPotion"}],"is_trial":false,"path_per_floor":["M","?","M","M","M","R","M","E","T","R","E","M","M","E","R","B",null,"M","M","?","?","$","E"],"character_chosen":"DEFECT","items_purchased":["Mummified Hand"],"campfire_rested":2,"item_purchase_floors":[22],"current_hp_per_floor":[71,60,50,50,48,48,44,25,25,48,36,28,15,4,28,14,64,46,38,38,2,2,0],"gold":202,"neow_bonus":"TEN_PERCENT_HP_BONUS","is_prod":false,"is_daily":false,"chose_seed":false,"campfire_upgraded":1,"win_rate":0,"timestamp":1561835571,"path_taken":["M","?","M","M","M","R","M","E","T","R","E","M","M","E","R","BOSS","M","M","?","?","$","E"],"build_version":"2019-01-23","purchased_purges":1,"victory":false,"max_hp_per_floor":[78,78,78,78,78,78,78,78,78,78,78,78,78,80,80,80,80,82,84,84,84,84,84],"card_choices":[{"not_picked":["Stack","Turbo"],"picked":"Cold Snap","floor":1.0},{"not_picked":["Stack","Turbo"],"picked":"Undo","floor":3.0},{"not_picked":["Beam Cell","Turbo"],"picked":"Sweeping Beam","floor":4.0},{"not_picked":["Conserve Battery","Machine Learning"],"picked":"Glacier","floor":5.0},{"not_picked":["Aggregate","Darkness"],"picked":"Ball Lightning","floor":7.0},{"not_picked":["Ball Lightning","Redo"],"picked":"Coolheaded","floor":8.0},{"not_picked":["Beam Cell","Heatsinks","Streamline"],"picked":"SKIP","floor":11.0},{"not_picked":["Gash","Coolheaded"],"picked":"Capacitor","floor":12.0},{"not_picked":["Steam Power","Reinforced Body"],"picked":"Hologram","floor":13.0},{"not_picked":["Leap","Coolheaded","Turbo"],"picked":"Singing Bowl","floor":14.0},{"not_picked":["All For One","Multi-Cast"],"picked":"Rainbow","floor":16.0},{"not_picked":["Leap","Ball Lightning","Reprogram"],"picked":"Singing Bowl","floor":18},{"not_picked":["Redo","Hello World","Steam"],"picked":"Singing Bowl","floor":19}],"player_experience":819608,"relics_obtained":[{"floor":8.0,"key":"Sundial"},{"floor":9.0,"key":"Blue Candle"},{"floor":11.0,"key":"Bottled Lightning"},{"floor":14.0,"key":"Singing Bowl"}],"event_choices":[{"damage_healed":0.0,"max_hp_gain":0.0,"max_hp_loss":0.0,"gold_gain":0.0,"event_name":"Scrap Ooze","player_choice":"Success","floor":2.0,"gold_loss":0.0,"damage_taken":11.0,"relics_obtained":["MawBank"]},{"damage_healed":0,"gold_gain":0,"player_choice":"Obtained Relic","damage_taken":0,"relics_obtained":["Shuriken"],"max_hp_gain":0,"max_hp_loss":0,"event_name":"Addict","floor":20,"gold_loss":85},{"damage_healed":0,"gold_gain":0,"player_choice":"Fight","damage_taken":0,"max_hp_gain":0,"max_hp_loss":0,"event_name":"Colosseum","floor":21,"gold_loss":0},{"damage_healed":0,"gold_gain":0,"player_choice":"Fled From Nobs","damage_taken":0,"max_hp_gain":0,"max_hp_loss":0,"event_name":"Colosseum","floor":21,"gold_loss":0}],"is_beta":false,"boss_relics":[{"not_picked":["Fusion Hammer","Runic Dome"],"picked":"Philosopher\u0027s Stone"}],"items_purged_floors":[22],"is_endless":false,"potions_floor_spawned":[3,5,8,13,16,18,19],"killed_by":"Book of Stabbing","ascension_level":20}