{"path_per_floor":["M","?","?","$","M","R","M","R","T","$","R","M","$","M","R","B",null,"M","M","?","?","$","R"],"character_chosen":"DEFECT","items_purchased":["Ball Lightning","Aggregate","Capacitor","Trip"],"gold_per_floor":[112,112,112,65,80,80,95,95,95,20,20,41,41,62,62,188,188,207,196,196,196,54,54,54],"floor_reached":24,"campfire_rested":3,"playtime":976,"current_hp_per_floor":[71,71,71,71,70,70,58,82,82,82,82,53,53,32,56,36,82,44,11,11,11,11,36,0],"items_purged":[],"gold":54,"score":209,"play_id":"890cad05-c4f6-4ef4-ac58-9315b905b8ae","local_time":"20180501151310","is_prod":false,"is_daily":false,"chose_seed":false,"is_ascension_mode":false,"campfire_upgraded":1,"timestamp":1525201990,"path_taken":["M","?","?","$","?","R","M","R","T","$","R","M","?","?","R","BOSS","M","M","?","?","$","R","M"],"build_version":"2018-04-30","seed_source_timestamp":1372280633404106,"purchased_purges":0,"victory":false,"master_deck":["Defend_B","Defend_B","Defend_B","Zap","Dualcast","Darkness","Injury","Ball Lightning","Consume+1","Chaos","Aggregate","Double Energy","Redo","Coolheaded+1","Hello World","Bite","Bite","Bite","Bite","Bite","Capacitor","Trip"],"max_hp_per_floor":[82,82,82,82,82,82,82,82,82,82,82,82,82,82,82,82,82,82,82,57,57,57,57,57],"relics":["Cracked Core","Mango","Golden Idol","Peace Pipe","Eternal Feather"],"card_choices":[{"not_picked":["Hologram","Impulse"],"picked":"Consume","floor":5},{"not_picked":["Streamline","Barrage"],"picked":"Chaos","floor":7},{"not_picked":["Blizzard","Axe Kick"],"picked":"Double Energy","floor":14},{"not_picked":["Biased Cognition","Nova"],"picked":"Redo","floor":16},{"not_picked":["Hologram","Leap"],"picked":"Coolheaded","floor":18},{"not_picked":["Axe Kick","Hologram"],"picked":"Hello World","floor":19}],"player_experience":100611,"potions_floor_usage":[14,16,24],"damage_taken":[{"damage":11,"enemies":"Jaw Worm","floor":1,"turns":3},{"damage":1,"enemies":"Cultist","floor":5,"turns":3},{"damage":12,"enemies":"2 Louse","floor":7,"turns":3},{"damage":29,"enemies":"Exordium Thugs","floor":12,"turns":5},{"damage":21,"enemies":"Gremlin Gang","floor":14,"turns":4},{"damage":35,"enemies":"Slime Boss","floor":16,"turns":6},{"damage":38,"enemies":"Chosen","floor":18,"turns":5},{"damage":33,"enemies":"2 Thieves","floor":19,"turns":4},{"damage":80,"enemies":"Centurion and Healer","floor":24,"turns":8}],"event_choices":[{"event_name":"Transmorgrifier","player_choice":"Transform","floor":2,"damage_taken":0},{"event_name":"Golden Idol","player_choice":"Take Wound","floor":3,"damage_taken":0},{"event_name":"Vampires","player_choice":"Became a vampire","floor":20,"damage_taken":0},{"event_name":"Cursed Tome","player_choice":"Ignored","floor":21,"damage_taken":0}],"boss_relics":[{"not_picked":["Philosopher\u0027s Stone","Ectoplasm"],"picked":"Eternal Feather"}],"potions_floor_spawned":[12,14,19],"seed_played":"328147567852365926","killed_by":"Centurion and Healer","ascension_level":0,"is_trial":false}