{"gold_per_floor":[115,135,135,135,159,159,203,203,252,273,297,222,222,262,262,351,351,375,375,290,307,307,307,340,340,340,340,367,21,33,62,62,136,136,150,164,164,177,194,194,211,211,238,238,95,95,95,126,126,126],"floor_reached":50,"playtime":1676,"items_purged":["Strike_B"],"score":1168,"play_id":"1409ce66-cea4-4df8-b1ae-fb3db8568731","local_time":"20181123201202","is_ascension_mode":true,"campfire_choices":[{"data":"Zap","floor":6.0,"key":"SMITH"},{"data":"Dualcast","floor":8.0,"key":"SMITH"},{"data":"Chill","floor":13.0,"key":"SMITH"},{"data":"Conserve Battery","floor":15.0,"key":"SMITH"},{"data":"Sweeping Beam","floor":23.0,"key":"SMITH"},{"data":"Electrodynamics","floor":25.0,"key":"SMITH"},{"floor":32.0,"key":"REST"},{"floor":40.0,"key":"REST"},{"floor":44.0,"key":"REST"},{"floor":46.0,"key":"RECALL"},{"floor":49,"key":"REST"}],"neow_cost":"NONE","seed_source_timestamp":837502264481942,"circlet_count":0,"master_deck":["AscendersBane","Defend_B+1","Defend_B+1","Defend_B","Zap+1","Dualcast+1","Conserve Battery+1","Ball Lightning","FTL","Chill+1","Cold Snap","Electrodynamics+1","Sweeping Beam+1","FTL","Hologram","Cold Snap","Finesse","Creative AI","Rip and Tear+1","Darkness+1","Compile Driver+1","Go for the Eyes+1","Defragment+1","Hologram","Core Surge"],"special_seed":0,"relics":["Cracked Core","Bloody Idol","Art of War","Boot","PreservedInsect","Kunai","Philosopher\u0027s Stone","Bag of Preparation","Dead Branch","Juzu Bracelet","Du-Vu Doll","Enchiridion","War Paint","Pantograph","Astrolabe","Question Card"],"potions_floor_usage":[],"damage_taken":[{"damage":3.0,"enemies":"2 Louse","floor":1.0,"turns":2.0},{"damage":4.0,"enemies":"Jaw Worm","floor":2.0,"turns":3.0},{"damage":3.0,"enemies":"Small Slimes","floor":5.0,"turns":4.0},{"damage":23.0,"enemies":"Lagavulin","floor":7.0,"turns":5.0},{"damage":3.0,"enemies":"Blue Slaver","floor":10.0,"turns":3.0},{"damage":0.0,"enemies":"3 Sentries","floor":14.0,"turns":6.0},{"damage":39.0,"enemies":"Slime Boss","floor":16.0,"turns":8.0},{"damage":11.0,"enemies":"Shell Parasite","floor":18.0,"turns":6.0},{"damage":1.0,"enemies":"Spheric Guardian","floor":21.0,"turns":4.0},{"damage":0.0,"enemies":"Slavers","floor":24.0,"turns":1.0},{"damage":19.0,"enemies":"Book of Stabbing","floor":28.0,"turns":4.0},{"damage":0.0,"enemies":"3 Cultists","floor":30.0,"turns":2.0},{"damage":16.0,"enemies":"Slavers","floor":31.0,"turns":3.0},{"damage":40.0,"enemies":"Automaton","floor":33.0,"turns":11.0},{"damage":0.0,"enemies":"Orb Walker","floor":35.0,"turns":3.0},{"damage":4.0,"enemies":"3 Darklings","floor":36.0,"turns":3.0},{"damage":37.0,"enemies":"Writhing Mass","floor":38.0,"turns":7.0},{"damage":20.0,"enemies":"Transient","floor":39.0,"turns":6.0},{"damage":20.0,"enemies":"Spire Growth","floor":41.0,"turns":5.0},{"damage":8,"enemies":"Reptomancer","floor":48,"turns":4},{"damage":76,"enemies":"Time Eater","floor":50,"turns":13}],"seed_played":"8344536459676651842","potions_obtained":[{"floor":2.0,"key":"Explosive Potion"},{"floor":7.0,"key":"Regen Potion"},{"floor":16.0,"key":"Ancient Potion"},{"floor":21.0,"key":"EssenceOfSteel"},{"floor":28.0,"key":"Poison Potion"},{"floor":33.0,"key":"EssenceOfSteel"},{"floor":36.0,"key":"Dexterity Potion"}],"is_trial":false,"path_per_floor":["M","M","?","?","M","R","E","R","T","M","T","?","R","E","R","B",null,"M","?","?","M","T","R","E","R","T","?","E","$","M","E","R","B",null,"M","M","M","?","M","M","R","M","?","T","R","$","R","?","E","R","B"],"character_chosen":"DEFECT","items_purchased":["FTL","Hologram","Cold Snap","Finesse","Hologram","Core Surge"],"campfire_rested":4,"item_purchase_floors":[29,29,29,29,45,45],"current_hp_per_floor":[68,64,64,64,61,61,38,38,38,35,35,35,35,50,50,11,56,45,45,45,49,49,49,54,54,54,33,19,19,24,13,34,24,59,64,65,65,33,18,39,24,24,29,50,50,50,50,47,68,0],"gold":126,"neow_bonus":"TEN_PERCENT_HP_BONUS","is_prod":false,"is_daily":false,"chose_seed":false,"campfire_upgraded":6,"win_rate":0,"timestamp":1543029122,"path_taken":["M","M","?","?","M","R","E","R","T","M","?","?","R","E","R","BOSS","M","?","?","M","?","R","E","R","T","?","E","$","M","E","R","BOSS","M","M","?","M","M","R","M","?","T","R","?","R","?","E","R","BOSS"],"build_version":"2018-11-15","purchased_purges":1,"victory":false,"max_hp_per_floor":[78,78,78,71,71,71,71,71,71,71,71,71,71,71,71,71,71,71,71,71,71,71,71,71,71,71,71,71,71,71,71,71,71,71,71,71,71,71,71,71,71,71,71,71,71,71,71,71,71,71],"card_choices":[{"not_picked":["Steam","Beam Cell","Turbo"],"picked":"SKIP","floor":1.0},{"not_picked":["Storm","Turbo"],"picked":"Conserve Battery","floor":2.0},{"not_picked":["Stack","Scrape"],"picked":"Ball Lightning","floor":5.0},{"not_picked":["Stack","Barrage"],"picked":"FTL","floor":7.0},{"not_picked":["Go for the Eyes","Hologram"],"picked":"Chill","floor":10.0},{"not_picked":["Steam Power","Tempest"],"picked":"Cold Snap","floor":14.0},{"not_picked":["Creative AI","Multi-Cast"],"picked":"Electrodynamics","floor":16.0},{"not_picked":["Steam","Turbo"],"picked":"Sweeping Beam","floor":18.0},{"not_picked":["Barrage+1","Steam","Beam Cell"],"picked":"SKIP","floor":21.0},{"not_picked":["Streamline","Rip and Tear","Redo"],"picked":"SKIP","floor":24.0},{"not_picked":["Capacitor","Doom and Gloom+1","Streamline"],"picked":"SKIP","floor":28.0},{"not_picked":["Leap","Fusion","Hyperbeam"],"picked":"SKIP","floor":30.0},{"not_picked":["Leap","Fusion","Hyperbeam"],"picked":"SKIP","floor":30.0},{"not_picked":["Hologram","Beam Cell+1","Redo"],"picked":"SKIP","floor":31.0},{"not_picked":["Meteor Strike","Electrodynamics"],"picked":"Creative AI","floor":33.0},{"not_picked":["Sweeping Beam","Turbo+1","Auto Shields"],"picked":"SKIP","floor":35.0},{"not_picked":["Sweeping Beam","Turbo+1"],"picked":"Auto Shields","floor":35.0},{"not_picked":["Coolheaded","Stack+1"],"picked":"Go for the Eyes+1","floor":36.0},{"not_picked":["Reprogram","Stack+1"],"picked":"Defragment+1","floor":38.0},{"not_picked":["Ball Lightning+1","Barrage","Stack"],"picked":"SKIP","floor":39.0},{"not_picked":["Stack","Defragment","Compile Driver"],"picked":"SKIP","floor":41.0},{"not_picked":["Force Field","Genetic Algorithm","Beam Cell+1"],"picked":"SKIP","floor":48}],"player_experience":654848,"relics_obtained":[{"floor":7.0,"key":"Art of War"},{"floor":9.0,"key":"Boot"},{"floor":11.0,"key":"PreservedInsect"},{"floor":14.0,"key":"Kunai"},{"floor":22.0,"key":"Dead Branch"},{"floor":24.0,"key":"Juzu Bracelet"},{"floor":26.0,"key":"Du-Vu Doll"},{"floor":27.0,"key":"Enchiridion"},{"floor":28.0,"key":"War Paint"},{"floor":31.0,"key":"Pantograph"},{"floor":48,"key":"Question Card"}],"event_choices":[{"damage_healed":0.0,"max_hp_gain":0.0,"max_hp_loss":0.0,"gold_gain":0.0,"event_name":"Liars Game","player_choice":"Ignored","floor":3.0,"gold_loss":0.0,"damage_taken":0.0},{"damage_healed":0.0,"max_hp_gain":0.0,"max_hp_loss":7.0,"gold_gain":0.0,"event_name":"Golden Idol","player_choice":"Lose Max HP","floor":4.0,"gold_loss":0.0,"damage_taken":0.0,"relics_obtained":["Golden Idol"]},{"cards_removed":["Strike_B"],"damage_healed":0.0,"max_hp_gain":0.0,"max_hp_loss":0.0,"gold_gain":0.0,"event_name":"The Cleric","player_choice":"Card Removal","floor":12.0,"gold_loss":75.0,"damage_taken":0.0},{"damage_healed":0.0,"max_hp_gain":0.0,"max_hp_loss":0.0,"gold_gain":0.0,"event_name":"Forgotten Altar","player_choice":"Gave Idol","floor":19.0,"relics_lost":["Golden Idol"],"gold_loss":0.0,"damage_taken":0.0,"relics_obtained":["Bloody Idol"]},{"damage_healed":0.0,"max_hp_gain":0.0,"max_hp_loss":0.0,"gold_gain":0.0,"event_name":"Addict","player_choice":"Obtained Relic","floor":20.0,"gold_loss":85.0,"damage_taken":0.0,"relics_obtained":["Bag of Preparation"]},{"damage_healed":0.0,"max_hp_gain":0.0,"max_hp_loss":0.0,"gold_gain":0.0,"event_name":"Cursed Tome","player_choice":"Obtained Book","floor":27.0,"gold_loss":0.0,"damage_taken":21.0},{"cards_removed":["Auto Shields"],"damage_healed":0.0,"max_hp_gain":0.0,"max_hp_loss":0.0,"gold_gain":0.0,"event_name":"Falling","player_choice":"Removed Skill","floor":37.0,"gold_loss":0.0,"damage_taken":0.0},{"damage_healed":0.0,"max_hp_gain":0.0,"max_hp_loss":0.0,"gold_gain":0.0,"event_name":"Tomb of Lord Red Mask","player_choice":"Ignored","floor":42.0,"gold_loss":0.0,"damage_taken":0.0},{"damage_healed":0.0,"max_hp_gain":0.0,"max_hp_loss":0.0,"gold_gain":0.0,"event_name":"SensoryStone","player_choice":"Memory 1","floor":47.0,"gold_loss":0.0,"damage_taken":0.0}],"is_beta":false,"boss_relics":[{"not_picked":["Eternal Feather","Lizard Tail"],"picked":"Philosopher\u0027s Stone"},{"not_picked":["White Beast Statue","Busted Crown"],"picked":"Astrolabe"}],"items_purged_floors":[29],"is_endless":false,"potions_floor_spawned":[2,7,16,21,24,28,33,36,38,39,48],"killed_by":"Time Eater","ascension_level":20}