{"path_per_floor":["M","?","M","$","M","E","R","E","T","E","$","E","?","M","R"],"character_chosen":"IRONCLAD","items_purchased":["True Grit","Barricade"],"gold_per_floor":[11,11,26,4,14,45,45,75,98,123,44,76,76,96,96,96],"floor_reached":16,"campfire_rested":1,"playtime":1557,"item_purchase_floors":[4,11],"current_hp_per_floor":[96,96,96,96,96,87,87,74,74,43,43,35,67,36,64,0],"items_purged":[],"gold":96,"score":166,"play_id":"64ff2d82-a1d7-4568-a190-937b3da0918b","local_time":"20180521045424","is_prod":false,"is_daily":false,"chose_seed":false,"is_ascension_mode":true,"campfire_upgraded":1,"timestamp":1526892864,"campfire_choices":[{"data":"Feel No Pain","floor":7,"key":"SMITH"},{"floor":15,"key":"REST"}],"path_taken":["M","?","?","?","M","E","R","E","T","E","$","E","?","M","R","BOSS"],"build_version":"2018-05-18","seed_source_timestamp":3901348768698,"purchased_purges":0,"victory":false,"master_deck":["Strike_R","Strike_R","Strike_R","Strike_R","Strike_R","Defend_R","Defend_R","Defend_R","Defend_R","Bash","Ghostly Armor","Disarm","True Grit","Anger","Feel No Pain+1","Flex","Corruption","Barricade","Dual Wield","Pummel","Offering"],"max_hp_per_floor":[96,96,96,96,96,96,96,96,96,96,96,96,96,96,96,96],"relics":["Burning Blood","Ancient Tea Set","Dream Catcher","Lantern","Bottled Tornado","Boot"],"card_choices":[{"not_picked":["Thunderclap","Sword Boomerang"],"picked":"Ghostly Armor","floor":1},{"not_picked":["Searing Blow","Wild Strike"],"picked":"Disarm","floor":3},{"not_picked":["Evolve","Thunderclap"],"picked":"Anger","floor":5},{"not_picked":["Cleave","Sentinel"],"picked":"Feel No Pain","floor":6},{"not_picked":["Rage","Corruption"],"picked":"Flex","floor":8},{"not_picked":["True Grit","Clothesline"],"picked":"Corruption","floor":10},{"not_picked":["Uppercut","Shrug It Off"],"picked":"Dual Wield","floor":12},{"not_picked":["Headbutt","Intimidate"],"picked":"Pummel","floor":14},{"not_picked":["Perfected Strike","Heavy Blade"],"picked":"Offering","floor":15}],"player_experience":324994,"potions_floor_usage":[3,6,6,6,6,8,10,16],"damage_taken":[{"damage":0,"enemies":"Small Slimes","floor":1,"turns":3},{"damage":1,"enemies":"Cultist","floor":3,"turns":4},{"damage":4,"enemies":"Jaw Worm","floor":5,"turns":6},{"damage":15,"enemies":"3 Sentries","floor":6,"turns":9},{"damage":19,"enemies":"Lagavulin","floor":8,"turns":9},{"damage":37,"enemies":"Gremlin Nob","floor":10,"turns":5},{"damage":14,"enemies":"3 Sentries","floor":12,"turns":12},{"damage":37,"enemies":"Gremlin Gang","floor":14,"turns":9},{"damage":64,"enemies":"The Guardian","floor":16,"turns":10}],"relics_obtained":[{"floor":6,"key":"Ancient Tea Set"},{"floor":8,"key":"Dream Catcher"},{"floor":9,"key":"Lantern"},{"floor":10,"key":"Bottled Tornado"},{"floor":12,"key":"Boot"}],"event_choices":[{"event_name":"The Lab","player_choice":"Got Potions","floor":2,"damage_taken":0},{"event_name":"Big Fish","player_choice":"Banana","floor":13,"damage_taken":0}],"boss_relics":[],"items_purged_floors":[],"potions_floor_spawned":[1,8,14],"seed_played":"-413327234538634222","killed_by":"The Guardian","ascension_level":2,"potions_obtained":[{"floor":1,"key":"GamblersBrew"},{"floor":2,"key":"EntropicBrew"},{"floor":2,"key":"SpeedPotion"},{"floor":8,"key":"LiquidBronze"},{"floor":14,"key":"FearPotion"}],"is_trial":false}