{"gold_per_floor":[16,16,40,63,84,84,117,117,162,162,162,132,153,187,187,311,311,326,345,368,368,383,383,383],"floor_reached":24,"playtime":1138,"items_purged":[],"score":280,"play_id":"421dbefd-cd81-4506-b254-a9004a0659c6","local_time":"20190416031254","is_ascension_mode":true,"campfire_choices":[{"floor":6.0,"key":"REST"},{"floor":8.0,"key":"REST"},{"floor":10.0,"key":"REST"},{"data":"Creative AI","floor":15.0,"key":"SMITH"},{"floor":23,"key":"REST"}],"neow_cost":"NO_GOLD","seed_source_timestamp":0,"circlet_count":0,"master_deck":["Strike_B","Strike_B","Strike_B","Defend_B","Defend_B","Defend_B","Defend_B","Zap","Dualcast","Biased Cognition","Cold Snap","Loop","White Noise","Cold Snap","Buffer","Meteor Strike","Static Discharge","Go for the Eyes","Creative AI+1","Fission","Sunder","Lockon","Beam Cell","Beam Cell","Undo","Self Repair","Fusion","Meteor Strike","Sunder"],"special_seed":0,"relics":["Cracked Core","Bloody Idol","Cables","Pen Nib","Smiling Mask","Orrery"],"potions_floor_usage":[24],"damage_taken":[{"damage":2.0,"enemies":"Jaw Worm","floor":1.0,"turns":3.0},{"damage":0.0,"enemies":"2 Louse","floor":3.0,"turns":1.0},{"damage":6.0,"enemies":"Cultist","floor":4.0,"turns":3.0},{"damage":17.0,"enemies":"Exordium Thugs","floor":5.0,"turns":5.0},{"damage":25.0,"enemies":"3 Sentries","floor":7.0,"turns":9.0},{"damage":7.0,"enemies":"Looter","floor":12.0,"turns":4.0},{"damage":0.0,"enemies":"Large Slime","floor":13.0,"turns":3.0},{"damage":0.0,"enemies":"Gremlin Nob","floor":14.0,"turns":4.0},{"damage":32.0,"enemies":"Hexaghost","floor":16.0,"turns":9.0},{"damage":6.0,"enemies":"Chosen","floor":18.0,"turns":3.0},{"damage":33.0,"enemies":"Spheric Guardian","floor":19.0,"turns":6.0},{"damage":35,"enemies":"Centurion and Healer","floor":20,"turns":8},{"damage":23,"enemies":"Snecko","floor":22,"turns":5},{"damage":42,"enemies":"Slavers","floor":24,"turns":2}],"seed_played":"-6384194434771141881","potions_obtained":[{"floor":1.0,"key":"Explosive Potion"},{"floor":4.0,"key":"FearPotion"},{"floor":14.0,"key":"Swift Potion"},{"floor":16.0,"key":"SpeedPotion"},{"floor":18.0,"key":"Regen Potion"},{"floor":22,"key":"Ancient Potion"}],"is_trial":false,"path_per_floor":["M","?","M","M","M","R","E","R","T","R","?","M","M","E","R","B",null,"M","M","M","?","M","R","E"],"character_chosen":"DEFECT","items_purchased":[],"campfire_rested":4,"item_purchase_floors":[],"current_hp_per_floor":[73,55,55,49,32,54,29,51,51,73,73,66,66,66,66,34,75,69,57,29,29,18,40,0],"gold":383,"neow_bonus":"THREE_RARE_CARDS","is_prod":false,"is_daily":false,"chose_seed":false,"campfire_upgraded":1,"win_rate":0,"timestamp":1555398774,"path_taken":["M","?","M","M","M","R","E","R","T","R","?","M","M","E","R","BOSS","M","M","?","?","M","R","E"],"build_version":"2019-04-04","purchased_purges":0,"victory":false,"max_hp_per_floor":[75,75,75,75,75,75,75,75,75,75,75,75,75,75,75,75,75,75,75,75,75,75,75,75],"card_choices":[{"not_picked":["All For One","Reboot"],"picked":"Biased Cognition","floor":0.0},{"not_picked":["Steam Power","Chill"],"picked":"Cold Snap","floor":1.0},{"not_picked":["Streamline","Conserve Battery"],"picked":"Loop","floor":3.0},{"not_picked":["Sunder","FTL"],"picked":"White Noise","floor":4.0},{"not_picked":["Leap","Capacitor"],"picked":"Cold Snap","floor":5.0},{"not_picked":["Cold Snap","Self Repair"],"picked":"Buffer","floor":7.0},{"not_picked":["Beam Cell","Go for the Eyes"],"picked":"Static Discharge","floor":12.0},{"not_picked":["Stack","Sweeping Beam"],"picked":"Go for the Eyes","floor":13.0},{"not_picked":["Go for the Eyes","Rebound"],"picked":"Creative AI","floor":14.0},{"not_picked":["Amplify","Electrodynamics"],"picked":"Fission","floor":16.0},{"not_picked":["Sweeping Beam","Stack"],"picked":"Sunder","floor":17.0},{"not_picked":["Redo","Go for the Eyes"],"picked":"Lockon","floor":17.0},{"not_picked":["Hologram","Coolheaded"],"picked":"Beam Cell","floor":17.0},{"not_picked":["Lockon","Turbo"],"picked":"Beam Cell","floor":17.0},{"not_picked":["Compile Driver","Coolheaded"],"picked":"Undo","floor":17.0},{"not_picked":["Go for the Eyes","Barrage"],"picked":"Self Repair","floor":18.0},{"not_picked":["Stack","Conserve Battery"],"picked":"Fusion","floor":19.0},{"not_picked":["Rebound","Barrage"],"picked":"Meteor Strike","floor":20},{"not_picked":["Barrage","Turbo"],"picked":"Sunder","floor":22}],"player_experience":802907,"relics_obtained":[{"floor":7.0,"key":"Cables"},{"floor":9.0,"key":"Pen Nib"},{"floor":14.0,"key":"Smiling Mask"}],"event_choices":[{"damage_healed":0.0,"max_hp_gain":0.0,"max_hp_loss":0.0,"gold_gain":0.0,"event_name":"Golden Idol","player_choice":"Take Damage","floor":2.0,"gold_loss":0.0,"damage_taken":18.0,"relics_obtained":["Golden Idol"]},{"damage_healed":0.0,"max_hp_gain":0.0,"max_hp_loss":0.0,"gold_gain":0.0,"cards_transformed":["Strike_B"],"event_name":"Transmorgrifier","player_choice":"Transformed","floor":11.0,"gold_loss":0.0,"damage_taken":0.0,"cards_obtained":["Meteor Strike"]},{"damage_healed":0,"gold_gain":0,"player_choice":"Gave Idol","damage_taken":0,"relics_obtained":["Bloody Idol"],"max_hp_gain":0,"max_hp_loss":0,"event_name":"Forgotten Altar","floor":21,"relics_lost":["Golden Idol"],"gold_loss":0}],"is_beta":true,"boss_relics":[{"not_picked":["Cursed Key","Black Star"],"picked":"Orrery"}],"items_purged_floors":[],"is_endless":false,"potions_floor_spawned":[1,4,14,16,18,22],"killed_by":"Slavers","ascension_level":4}