{"gold_per_floor":[216,226,226,376,376,405,405,433,456,456],"floor_reached":10,"playtime":243,"items_purged":[],"score":137,"play_id":"e6e6e578-6e6b-43da-9eba-ee71c52b50c0","local_time":"20190530094953","is_ascension_mode":true,"campfire_choices":[{"data":"Combust","floor":7,"key":"SMITH"}],"neow_cost":"NONE","seed_source_timestamp":699593954261877,"circlet_count":0,"master_deck":["AscendersBane","Strike_R","Strike_R","Strike_R","Strike_R","Strike_R","Defend_R","Defend_R","Defend_R","Defend_R","Bash","Combust+1","Clothesline","Doubt","Uppercut"],"relics":["Burning Blood","Paper Frog","CultistMask","FossilizedHelix","Anchor","Potion Belt"],"potions_floor_usage":[8],"damage_taken":[{"damage":6,"enemies":"Cultist","floor":1,"turns":3},{"damage":4,"enemies":"2 Louse","floor":2,"turns":4},{"damage":49,"enemies":"Gremlin Nob","floor":6,"turns":6},{"damage":17,"enemies":"Lagavulin","floor":8,"turns":5},{"damage":32,"enemies":"Gremlin Nob","floor":10,"turns":3}],"seed_played":"-975722755338819545","potions_obtained":[{"floor":1,"key":"LiquidBronze"},{"floor":6,"key":"Poison Potion"}],"is_trial":false,"path_per_floor":["M","M","T","?","?","E","R","E","T","E"],"character_chosen":"IRONCLAD","items_purchased":[],"campfire_rested":0,"item_purchase_floors":[],"current_hp_per_floor":[68,70,70,70,70,27,27,16,16,0],"gold":456,"neow_bonus":"HUNDRED_GOLD","is_prod":false,"is_daily":false,"chose_seed":false,"campfire_upgraded":1,"win_rate":0,"timestamp":1559202593,"path_taken":["M","M","?","?","?","E","R","E","T","E"],"build_version":"2019-01-23","purchased_purges":0,"victory":false,"max_hp_per_floor":[75,75,75,75,75,75,75,75,75,75],"card_choices":[{"not_picked":["Reckless Charge","True Grit"],"picked":"Combust","floor":1},{"not_picked":["Thunderclap","Entrench"],"picked":"Clothesline","floor":2},{"not_picked":["Heavy Blade","Flame Barrier"],"picked":"Uppercut","floor":6},{"not_picked":["Burning Pact","Double Tap","Reckless Charge"],"picked":"SKIP","floor":8}],"player_experience":557522,"relics_obtained":[{"floor":3,"key":"Paper Frog"},{"floor":6,"key":"FossilizedHelix"},{"floor":8,"key":"Anchor"},{"floor":9,"key":"Potion Belt"}],"event_choices":[{"damage_healed":0,"gold_gain":150,"player_choice":"AGREE","damage_taken":0,"max_hp_gain":0,"max_hp_loss":0,"event_name":"Liars Game","floor":4,"gold_loss":0,"cards_obtained":["Doubt"]},{"damage_healed":0,"gold_gain":0,"player_choice":"Trade","damage_taken":0,"relics_obtained":["CultistMask"],"max_hp_gain":0,"max_hp_loss":0,"event_name":"FaceTrader","floor":5,"gold_loss":0}],"is_beta":false,"boss_relics":[],"items_purged_floors":[],"is_endless":false,"potions_floor_spawned":[1,6],"killed_by":"Gremlin Nob","ascension_level":17}