{"gold_per_floor":[109,122,132,17,31,57,77,150,150,150,175,191,211,226,226,298,298,316,327,72,72,72,72,101,101,101,121,144,162,162,179,179,179],"floor_reached":33,"playtime":1201,"items_purged":["Strike_B","Strike_B"],"score":503,"play_id":"a0067307-fc47-44ea-97fc-5de0fd1b5f24","local_time":"20190309000912","is_ascension_mode":true,"campfire_choices":[{"data":"Sunder","floor":10.0,"key":"SMITH"},{"floor":15.0,"key":"REST"},{"data":"Defragment","floor":23.0,"key":"SMITH"},{"floor":25.0,"key":"DIG"},{"floor":30.0,"key":"DIG"},{"floor":32.0,"key":"DIG"}],"neow_cost":"NONE","seed_source_timestamp":620566830628569,"circlet_count":0,"master_deck":["AscendersBane","Strike_B","Strike_B","Defend_B","Defend_B","Defend_B","Defend_B","Zap","Dualcast","Streamline","Sunder+1","Steam Power","Tempest","Undo","Leap","Turbo","Conserve Battery","Conserve Battery","Hyperbeam","Turbo","Multi-Cast","Defragment+1","Go for the Eyes"],"special_seed":0,"relics":["Cracked Core","Regal Pillow","Smiling Mask","Mercury Hourglass","Strawberry","Snecko Eye","Lee\u0027s Waffle","Shovel","Happy Flower","Bottled Flame","Potion Belt","Bronze Scales","WingedGreaves"],"potions_floor_usage":[33],"damage_taken":[{"damage":1.0,"enemies":"Cultist","floor":1.0,"turns":3.0},{"damage":1.0,"enemies":"Small Slimes","floor":2.0,"turns":3.0},{"damage":7.0,"enemies":"Jaw Worm","floor":3.0,"turns":3.0},{"damage":0.0,"enemies":"2 Fungi Beasts","floor":5.0,"turns":2.0},{"damage":22.0,"enemies":"Lagavulin","floor":6.0,"turns":7.0},{"damage":1.0,"enemies":"3 Louse","floor":7.0,"turns":2.0},{"damage":26.0,"enemies":"Gremlin Nob","floor":11.0,"turns":4.0},{"damage":5.0,"enemies":"Gremlin Gang","floor":12.0,"turns":5.0},{"damage":0.0,"enemies":"Large Slime","floor":13.0,"turns":4.0},{"damage":0.0,"enemies":"Blue Slaver","floor":14.0,"turns":2.0},{"damage":10.0,"enemies":"Slime Boss","floor":16.0,"turns":8.0},{"damage":13.0,"enemies":"3 Byrds","floor":18.0,"turns":2.0},{"damage":18.0,"enemies":"Chosen","floor":19.0,"turns":6.0},{"damage":29.0,"enemies":"Slavers","floor":24.0,"turns":5.0},{"damage":0.0,"enemies":"Centurion and Healer","floor":27.0,"turns":4.0},{"damage":0.0,"enemies":"Sentry and Sphere","floor":29.0,"turns":3.0},{"damage":1.0,"enemies":"Snake Plant","floor":31.0,"turns":2.0},{"damage":41,"enemies":"Champ","floor":33,"turns":6}],"seed_played":"-3639941078302566206","potions_obtained":[{"floor":3.0,"key":"Strength Potion"},{"floor":6.0,"key":"Poison Potion"},{"floor":12.0,"key":"SkillPotion"},{"floor":13.0,"key":"EntropicBrew"},{"floor":14.0,"key":"EntropicBrew"},{"floor":24.0,"key":"Strength Potion"},{"floor":27.0,"key":"LiquidBronze"},{"floor":31.0,"key":"PowerPotion"}],"is_trial":false,"path_per_floor":["M","M","M","$","M","E","M","?","T","R","E","M","M","M","R","B",null,"M","M","$","?","?","R","E","R","T","M","T","M","R","M","R","B"],"character_chosen":"DEFECT","items_purchased":["Tempest","Lee\u0027s Waffle"],"campfire_rested":1,"item_purchase_floors":[4,20],"current_hp_per_floor":[63,62,55,55,55,33,32,32,32,32,13,8,8,8,46,36,68,55,37,85,69,69,69,40,40,40,40,40,40,40,39,39,0],"gold":179,"neow_bonus":"RANDOM_COMMON_RELIC","is_prod":false,"is_daily":false,"chose_seed":false,"campfire_upgraded":2,"win_rate":0,"timestamp":1552086552,"path_taken":["M","M","?","$","M","E","M","?","T","R","E","M","M","M","R","BOSS","M","M","$","?","?","R","E","R","T","M","?","M","R","M","R","BOSS"],"build_version":"2019-01-23","purchased_purges":2,"victory":false,"max_hp_per_floor":[71,71,71,71,71,71,71,71,71,71,78,78,78,78,78,78,78,78,78,85,90,90,90,90,90,90,90,90,90,90,90,90,90],"card_choices":[{"not_picked":["Scrape","Stack"],"picked":"Streamline","floor":1.0},{"not_picked":["Undo","Ball Lightning"],"picked":"Sunder","floor":2.0},{"not_picked":["Rebound","Coolheaded"],"picked":"Steam Power","floor":3.0},{"not_picked":["Ball Lightning","Lockon"],"picked":"Undo","floor":5.0},{"not_picked":["Ball Lightning","Streamline"],"picked":"Leap","floor":6.0},{"not_picked":["Loop","Barrage"],"picked":"Turbo","floor":7.0},{"not_picked":["Darkness","Barrage"],"picked":"Conserve Battery","floor":11.0},{"not_picked":["Coolheaded","Leap"],"picked":"Conserve Battery","floor":12.0},{"not_picked":["Go for the Eyes","Beam Cell"],"picked":"Hyperbeam","floor":13.0},{"not_picked":["Lockon","BootSequence"],"picked":"Turbo","floor":14.0},{"not_picked":["Buffer","Biased Cognition"],"picked":"Multi-Cast","floor":16.0},{"not_picked":["Coolheaded","Ball Lightning"],"picked":"Defragment","floor":18.0},{"not_picked":["Redo","Sunder"],"picked":"Go for the Eyes","floor":19.0},{"not_picked":["Fission","Undo","Heatsinks"],"picked":"SKIP","floor":24.0},{"not_picked":["Cold Snap","Rebound","Consume"],"picked":"SKIP","floor":27.0},{"not_picked":["Redo","Chill","White Noise"],"picked":"SKIP","floor":29.0},{"not_picked":["Recycle","BootSequence","Gash+1"],"picked":"SKIP","floor":31.0}],"player_experience":519582,"relics_obtained":[{"floor":6.0,"key":"Smiling Mask"},{"floor":9.0,"key":"Mercury Hourglass"},{"floor":11.0,"key":"Strawberry"},{"floor":24.0,"key":"Shovel"},{"floor":25.0,"key":"Happy Flower"},{"floor":26.0,"key":"Bottled Flame"},{"floor":28.0,"key":"Potion Belt"},{"floor":30.0,"key":"Bronze Scales"},{"floor":32.0,"key":"WingedGreaves"}],"event_choices":[{"damage_healed":0.0,"max_hp_gain":0.0,"max_hp_loss":0.0,"gold_gain":73.0,"event_name":"Golden Wing","player_choice":"Gained Gold","floor":8.0,"gold_loss":0.0,"damage_taken":0.0},{"damage_healed":0.0,"max_hp_gain":5.0,"max_hp_loss":0.0,"gold_gain":0.0,"event_name":"Forgotten Altar","player_choice":"Shed Blood","floor":21.0,"gold_loss":0.0,"damage_taken":21.0},{"damage_healed":0.0,"max_hp_gain":0.0,"max_hp_loss":0.0,"gold_gain":0.0,"event_name":"Ghosts","player_choice":"Ignored","floor":22.0,"gold_loss":0.0,"damage_taken":0.0}],"is_beta":false,"boss_relics":[{"not_picked":["Runic Pyramid","Fusion Hammer"],"picked":"Snecko Eye"}],"items_purged_floors":[4,20],"is_endless":false,"potions_floor_spawned":[3,6,12,13,14,24,27,31],"killed_by":"Champ","ascension_level":14}