{"path_per_floor":["M","$","M","?","$","E","R","E","T","M","M","M","?","E","R","B",null,"M","?","?","$","M","R","M","R","T","M","E","M","R","M","R"],"character_chosen":"IRONCLAD","items_purchased":["Madness","Cleave","Mummified Hand","Fiend Fire"],"gold_per_floor":[115,18,32,32,5,38,38,71,71,89,102,112,187,216,216,320,320,334,334,334,9,25,25,37,37,37,56,89,99,99,115,115],"floor_reached":33,"campfire_rested":3,"playtime":1677,"current_hp_per_floor":[80,80,80,80,80,80,80,67,67,73,79,81,70,68,68,38,82,69,69,53,53,45,45,21,47,47,42,7,11,37,41,68],"items_purged":[],"gold":115,"score":312,"play_id":"870a5304-f5ca-4c49-9265-acd0534042b8","local_time":"20180304162659","is_prod":false,"is_daily":false,"is_ascension_mode":false,"campfire_upgraded":3,"timestamp":1520198819,"path_taken":["M","?","M","?","$","E","R","E","T","M","?","M","?","E","R","BOSS","M","?","?","$","M","R","M","R","T","M","E","?","R","M","R","BOSS"],"build_version":"2018-03-01-PROD1","purchased_purges":0,"victory":false,"master_deck":["Strike_R","Strike_R","Strike_R","Strike_R","Defend_R","Defend_R","Defend_R","Defend_R","Bash","Battle Trance","Madness+1","Spot Weakness+1","Cleave","Evolve","Cleave","Twin Strike","Anger","Ghostly Armor","Double Tap+1","Sever Soul+1","Fiend Fire","Impervious","Infernal Blade","Spot Weakness+1","Feed","Flex+1"],"max_hp_per_floor":[80,80,80,80,80,80,80,82,82,82,82,82,82,82,82,82,82,82,82,87,87,87,87,87,87,87,87,87,89,89,92,92],"relics":["Burning Blood","NeowsBlessing","Orichalcum","Singing Bowl","Ancient Tea Set","Lizard Tail","Nloth\u0027s Gift","Mummified Hand","Lantern","Bag of Preparation"],"card_choices":[{"not_picked":["Dual Wield","Thunderclap"],"picked":"Battle Trance"},{"not_picked":["Clothesline","Perfected Strike"],"picked":"Spot Weakness"},{"not_picked":["Fire Breathing","Pommel Strike"],"picked":"Evolve"},{"not_picked":["Rage","Twin Strike"],"picked":"Cleave"},{"not_picked":["Entrench","Perfected Strike"],"picked":"Twin Strike"},{"not_picked":["Sword Boomerang","Metallicize"],"picked":"Anger"},{"not_picked":["Combust","Body Slam"],"picked":"Ghostly Armor"},{"not_picked":["Berserk","Brutality"],"picked":"Double Tap"},{"not_picked":["Clothesline","Body Slam"],"picked":"Sever Soul"},{"not_picked":["Body Slam","Dropkick"],"picked":"Impervious"},{"not_picked":["Evolve","Battle Trance"],"picked":"Infernal Blade"},{"not_picked":["Sever Soul","Seeing Red"],"picked":"Spot Weakness"},{"not_picked":["Disarm","Pommel Strike"],"picked":"Feed"},{"not_picked":["Body Slam","Shrug It Off"],"picked":"Flex"}],"player_experience":240997,"potions_floor_usage":[8,8,18,22,28,29],"damage_taken":[{"damage":0,"enemies":"Cultist","floor":1,"turns":1},{"damage":0,"enemies":"Jaw Worm","floor":3,"turns":1},{"damage":0,"enemies":"Lagavulin","floor":6,"turns":1},{"damage":21,"enemies":"Gremlin Nob","floor":8,"turns":4},{"damage":0,"enemies":"2 Louse","floor":10,"turns":2},{"damage":0,"enemies":"2 Fungi Beasts","floor":11,"turns":3},{"damage":4,"enemies":"Blue Slaver","floor":12,"turns":4},{"damage":8,"enemies":"3 Sentries","floor":14,"turns":4},{"damage":36,"enemies":"Hexaghost","floor":16,"turns":6},{"damage":19,"enemies":"Chosen","floor":18,"turns":6},{"damage":14,"enemies":"2 Thieves","floor":22,"turns":3},{"damage":30,"enemies":"Snake Plant","floor":24,"turns":6},{"damage":11,"enemies":"Snecko","floor":27,"turns":5},{"damage":41,"enemies":"Slavers","floor":28,"turns":5},{"damage":4,"enemies":"Cultist and Chosen","floor":29,"turns":5},{"damage":5,"enemies":"3 Cultists","floor":31,"turns":4},{"damage":138,"enemies":"Automaton","floor":33,"turns":10}],"event_choices":[{"event_name":"Bonfire Elementals","player_choice":"BASIC","floor":4,"damage_taken":0},{"event_name":"World of Goop","player_choice":"Gather Gold","floor":13,"damage_taken":0},{"event_name":"N\u0027loth","player_choice":"Traded a Vajra","floor":19,"damage_taken":0},{"event_name":"Forgotten Altar","player_choice":"Shed Blood","floor":20,"damage_taken":0}],"boss_relics":[{"not_picked":["Snecko Eye","Question Card"],"picked":"Lizard Tail"}],"potions_floor_spawned":[1,6,16,18,27,28],"seed_played":"6657195876199418534","killed_by":"Automaton","ascension_level":0,"is_trial":false}