{"path_per_floor":["M","M","M","T","M","R","M","M","T","R","?","M","R","M","R","B",null,"M","$","M","?","M","?","R","M","T","M","$","R","M","M","R","B",null,"M","M","?"],"character_chosen":"IRONCLAD","items_purchased":["Impervious","Ghostly Armor"],"gold_per_floor":[10,20,32,32,47,47,57,76,76,76,76,31,31,50,50,155,155,168,26,44,44,61,61,61,80,80,97,62,62,74,86,86,184,184,196,207,0],"floor_reached":38,"campfire_rested":4,"playtime":2838,"current_hp_per_floor":[79,71,77,77,68,68,66,59,59,59,52,56,80,72,72,52,80,76,76,74,74,23,23,47,44,44,43,43,67,47,41,65,54,80,39,13,13],"items_purged":[],"gold":0,"score":322,"play_id":"19a8cd70-2dac-44c3-9c3c-6140c470c7b8","local_time":"20180309002534","is_prod":false,"is_daily":false,"is_ascension_mode":false,"campfire_upgraded":3,"timestamp":1520573134,"path_taken":["M","M","M","?","M","R","M","M","T","R","?","?","R","?","R","BOSS","M","$","M","?","M","?","R","?","T","M","$","R","M","M","R","BOSS","M","M","?","M"],"build_version":"2018-03-01-PROD1","purchased_purges":0,"victory":false,"master_deck":["Defend_R","Defend_R","Defend_R","Defend_R","Impervious+1","Berserk+1","Burning Pact","Inflame","Body Slam","Demon Form+1","Flex","Ghostly Armor","Spot Weakness","Shrug It Off","Limit Break","Entrench+1","Reckless Charge+1","Havoc+1","Warcry+1","Impervious","Disarm","Impervious","Flame Barrier","Feel No Pain+1","Headbutt","Ghostly Armor","Demon Form","Bloodletting+1","Bludgeon","Disarm+1","Battle Trance"],"max_hp_per_floor":[80,80,80,80,80,80,80,80,80,80,80,80,80,80,80,80,80,80,80,80,80,80,80,80,80,80,80,80,80,80,80,80,80,80,80,80,80],"relics":["Burning Blood","Ginger","Dead Branch","Astrolabe","Peace Pipe","Mark of Pain","Red Mask"],"card_choices":[{"not_picked":["Pommel Strike","Twin Strike"],"picked":"Burning Pact"},{"not_picked":["Reckless Charge","Armaments"],"picked":"Inflame"},{"not_picked":["Disarm","Iron Wave"],"picked":"Body Slam"},{"not_picked":["Anger","Perfected Strike"],"picked":"Demon Form"},{"not_picked":["Combust","Havoc"],"picked":"Flex"},{"not_picked":["Anger","Clothesline"],"picked":"Ghostly Armor"},{"not_picked":["Armaments","Perfected Strike"],"picked":"Spot Weakness"},{"not_picked":["Sword Boomerang","Clash"],"picked":"Shrug It Off"},{"not_picked":["Feed","Double Tap"],"picked":"Limit Break"},{"not_picked":["Evolve","Perfected Strike"],"picked":"Warcry"},{"not_picked":["Iron Wave","True Grit"],"picked":"Disarm"},{"not_picked":["Metallicize","Dark Embrace"],"picked":"Flame Barrier"},{"not_picked":["Havoc","Wild Strike"],"picked":"Feel No Pain"},{"not_picked":["Sword Boomerang","Twin Strike"],"picked":"Headbutt"},{"not_picked":["Clash","Rage"],"picked":"Demon Form"},{"not_picked":["Thunderclap","Clash"],"picked":"Bloodletting"},{"not_picked":["Reaper","Berserk"],"picked":"Bludgeon"},{"not_picked":["Blood for Blood","Shrug It Off"],"picked":"Disarm"},{"not_picked":["Heavy Blade","Headbutt"],"picked":"Battle Trance"}],"player_experience":366256,"potions_floor_usage":[5,7,12,16,22,30,33,36],"damage_taken":[{"damage":7,"enemies":"Cultist","floor":1,"turns":6},{"damage":14,"enemies":"Jaw Worm","floor":2,"turns":6},{"damage":0,"enemies":"2 Louse","floor":3,"turns":4},{"damage":15,"enemies":"Exordium Thugs","floor":5,"turns":7},{"damage":8,"enemies":"Red Slaver","floor":7,"turns":4},{"damage":13,"enemies":"Large Slime","floor":8,"turns":6},{"damage":2,"enemies":"Looter","floor":12,"turns":5},{"damage":14,"enemies":"Exordium Wildlife","floor":14,"turns":9},{"damage":26,"enemies":"Slime Boss","floor":16,"turns":8},{"damage":10,"enemies":"Spheric Guardian","floor":18,"turns":4},{"damage":8,"enemies":"Chosen","floor":20,"turns":4},{"damage":69,"enemies":"Centurion and Healer","floor":22,"turns":12},{"damage":9,"enemies":"Chosen and Byrds","floor":25,"turns":7},{"damage":7,"enemies":"Slaver and Parasite","floor":27,"turns":7},{"damage":26,"enemies":"Snake Plant","floor":30,"turns":5},{"damage":12,"enemies":"Chosen and Byrds","floor":31,"turns":6},{"damage":17,"enemies":"Champ","floor":33,"turns":10},{"damage":47,"enemies":"Orb Walker","floor":35,"turns":7},{"damage":32,"enemies":"3 Shapes","floor":36,"turns":6},{"damage":14,"enemies":"Maw","floor":38,"turns":4}],"event_choices":[{"event_name":"Golden Wing","player_choice":"Card Removal","floor":11,"damage_taken":0},{"event_name":"The Library","player_choice":"Read","floor":21,"damage_taken":0},{"event_name":"Addict","player_choice":"Ignored","floor":23,"damage_taken":0},{"event_name":"Tomb of Lord Red Mask","player_choice":"Paid","floor":37,"damage_taken":0}],"boss_relics":[{"not_picked":["Ectoplasm","Runic Dome"],"picked":"Astrolabe"},{"not_picked":["White Beast Statue","Runic Pyramid"],"picked":"Mark of Pain"}],"potions_floor_spawned":[3,5,8,14,20,27,31,35],"seed_played":"218630864887416353","killed_by":"Maw","ascension_level":0,"is_trial":false}