{"gold_per_floor":[99,49,65,75,75,75,87,105,105,124,124,124,138,150,150,247,247,264,264],"floor_reached":19,"playtime":1185,"items_purged":[],"score":171,"play_id":"1a764bb1-5c8b-4e9d-b060-049e4f7a55ad","local_time":"20190330165612","is_ascension_mode":true,"campfire_choices":[{"data":"Clothesline","floor":6,"key":"SMITH"},{"data":"True Grit","floor":11,"key":"SMITH"},{"floor":15,"key":"REST"}],"neow_cost":"NONE","seed_source_timestamp":852198231676219,"circlet_count":0,"master_deck":["Bash+1","Thunderclap","Twin Strike","Clothesline+1","True Grit+1","Fiend Fire","Shrug It Off","Flame Barrier","Spot Weakness","Reaper","Pummel","Hemokinesis","Disarm","Shockwave","Searing Blow","Brutality","Rupture","Exhume","Seeing Red+1"],"relics":["Burning Blood","The Courier","Pandora\u0027s Box"],"potions_floor_usage":[13,16,16,16],"damage_taken":[{"damage":2,"enemies":"Small Slimes","floor":1,"turns":4},{"damage":7,"enemies":"2 Louse","floor":3,"turns":3},{"damage":6,"enemies":"Cultist","floor":4,"turns":3},{"damage":21,"enemies":"Gremlin Gang","floor":7,"turns":5},{"damage":8,"enemies":"3 Louse","floor":8,"turns":4},{"damage":13,"enemies":"Exordium Wildlife","floor":10,"turns":5},{"damage":31,"enemies":"Gremlin Gang","floor":13,"turns":3},{"damage":1,"enemies":"2 Fungi Beasts","floor":14,"turns":3},{"damage":22,"enemies":"Slime Boss","floor":16,"turns":11},{"damage":39,"enemies":"Chosen","floor":18,"turns":6},{"damage":0,"enemies":"Masked Bandits","floor":19,"turns":1}],"seed_played":"-5044873078357834794","potions_obtained":[{"floor":4,"key":"AttackPotion"},{"floor":8,"key":"Dexterity Potion"},{"floor":10,"key":"Fire Potion"},{"floor":14,"key":"Regen Potion"},{"floor":18,"key":"GamblersBrew"}],"is_trial":false,"path_per_floor":["M","?","M","M","?","R","M","M","T","M","R","?","M","M","R","B",null,"M","?"],"character_chosen":"IRONCLAD","items_purchased":[],"campfire_rested":1,"item_purchase_floors":[],"current_hp_per_floor":[80,80,79,79,84,84,69,67,67,60,60,60,35,40,65,63,85,52,52],"gold":264,"neow_bonus":"UPGRADE_CARD","is_prod":false,"is_daily":false,"chose_seed":false,"campfire_upgraded":2,"win_rate":0,"timestamp":1553979372,"path_taken":["M","?","M","M","?","R","M","M","T","M","R","?","?","?","R","BOSS","M","?"],"build_version":"2019-01-23","purchased_purges":0,"victory":false,"max_hp_per_floor":[80,80,80,80,85,85,85,85,85,85,85,85,85,85,85,85,85,85,85],"card_choices":[{"not_picked":["Sword Boomerang","Fire Breathing"],"picked":"Thunderclap","floor":1},{"not_picked":["Infernal Blade","Combust"],"picked":"Twin Strike","floor":3},{"not_picked":["Perfected Strike","Anger"],"picked":"Clothesline","floor":4},{"not_picked":["Anger","Clash"],"picked":"True Grit","floor":7},{"not_picked":["Clash","Sword Boomerang"],"picked":"Fiend Fire","floor":8},{"not_picked":["Headbutt","Feel No Pain"],"picked":"Shrug It Off","floor":10},{"not_picked":["Inflame","Heavy Blade"],"picked":"Flame Barrier","floor":13},{"not_picked":["True Grit","Flex"],"picked":"Spot Weakness","floor":14},{"not_picked":["Berserk","Brutality"],"picked":"Reaper","floor":16},{"not_picked":["Dual Wield","Blood for Blood"],"picked":"Seeing Red+1","floor":18}],"player_experience":98649,"relics_obtained":[{"floor":9,"key":"The Courier"}],"event_choices":[{"cards_removed":["Strike_R"],"damage_healed":0,"gold_gain":0,"player_choice":"Card Removal","damage_taken":0,"max_hp_gain":0,"max_hp_loss":0,"event_name":"The Cleric","floor":2,"gold_loss":50},{"damage_healed":0,"gold_gain":0,"player_choice":"Donut","damage_taken":0,"max_hp_gain":5,"max_hp_loss":0,"event_name":"Big Fish","floor":5,"gold_loss":0},{"damage_healed":0,"gold_gain":0,"player_choice":"Bought 0 Potions","damage_taken":0,"max_hp_gain":0,"max_hp_loss":0,"event_name":"The Woman in Blue","floor":12,"gold_loss":0},{"damage_healed":0,"gold_gain":0,"player_choice":"Fought Bandits","damage_taken":0,"max_hp_gain":0,"max_hp_loss":0,"event_name":"Masked Bandits","floor":19,"gold_loss":0}],"is_beta":false,"boss_relics":[{"not_picked":["Runic Cube","Astrolabe"],"picked":"Pandora\u0027s Box"}],"items_purged_floors":[],"is_endless":false,"potions_floor_spawned":[4,8,10,14,18],"killed_by":"Masked Bandits","ascension_level":1}