{"gold_per_floor":[14,14,25,100,100,139,139,153,153,194,217,392,392,411,411,536,536,549,29,0],"floor_reached":20,"playtime":680,"items_purged":[],"score":246,"play_id":"969a8fb9-f4c1-45bf-8f1a-ad9b7212ad61","local_time":"20190611155518","is_ascension_mode":true,"campfire_choices":[{"floor":7,"key":"REST"},{"floor":15,"key":"REST"}],"neow_cost":"NO_GOLD","seed_source_timestamp":1807812271375800,"circlet_count":0,"master_deck":["Bash","Sword Boomerang","Whirlwind+1","Thunderclap","Flex","Cleave","Flex","Reaper","Burning Pact","Clash","Perfected Strike","Havoc","Whirlwind","Warcry","Combust","Dark Embrace","Ghostly Armor","Flame Barrier","Seeing Red"],"special_seed":0,"relics":["Burning Blood","Golden Idol","Bag of Preparation","Pen Nib","Whetstone","Pandora\u0027s Box","Gremlin Horn","Strange Spoon"],"potions_floor_usage":[10,16,16,20],"damage_taken":[{"damage":14.0,"enemies":"Cultist","floor":1.0,"turns":5.0},{"damage":1.0,"enemies":"2 Louse","floor":3.0,"turns":4.0},{"damage":35,"enemies":"3 Sentries","floor":6,"turns":5},{"damage":12,"enemies":"Jaw Worm","floor":8,"turns":3},{"damage":35,"enemies":"Lagavulin","floor":10,"turns":4},{"damage":11,"enemies":"Blue Slaver","floor":11,"turns":3},{"damage":0,"enemies":"2 Fungi Beasts","floor":14,"turns":1},{"damage":49,"enemies":"The Guardian","floor":16,"turns":7},{"damage":59,"enemies":"Spheric Guardian","floor":18,"turns":6},{"damage":22,"enemies":"2 Thieves","floor":20,"turns":1}],"seed_played":"-5836876576686773575","potions_obtained":[{"floor":8,"key":"Energy Potion"},{"floor":11,"key":"FearPotion"},{"floor":14,"key":"Fire Potion"},{"floor":16,"key":"Poison Potion"}],"is_trial":false,"path_per_floor":["M","T","M","?","?","E","R","M","T","E","M","?","?","M","R","B",null,"M","$","M"],"character_chosen":"IRONCLAD","items_purchased":["Gremlin Horn","Strange Spoon","Seeing Red"],"campfire_rested":2,"item_purchase_floors":[19,19,19],"current_hp_per_floor":[80,80,85,74,74,45,71,65,65,36,31,31,24,30,56,13,70,21,21,0],"gold":0,"neow_bonus":"TWENTY_PERCENT_HP_BONUS","is_prod":false,"is_daily":false,"chose_seed":false,"campfire_upgraded":0,"win_rate":0,"timestamp":1560282918,"path_taken":["M","?","M","?","?","E","R","M","T","E","?","?","?","M","R","BOSS","M","$","M"],"build_version":"2019-06-10","purchased_purges":0,"victory":false,"max_hp_per_floor":[96,96,96,96,89,89,89,89,89,89,89,89,89,89,89,89,89,89,89,89],"card_choices":[{"not_picked":["True Grit","Havoc"],"picked":"Sword Boomerang","floor":1.0},{"not_picked":["Twin Strike","Anger"],"picked":"Whirlwind","floor":3},{"not_picked":["Pummel","Body Slam"],"picked":"Thunderclap","floor":6},{"not_picked":["Shrug It Off","Twin Strike"],"picked":"Flex","floor":8},{"not_picked":["Brutality","Combust","Perfected Strike"],"picked":"SKIP","floor":10},{"not_picked":["Anger","Battle Trance"],"picked":"Cleave","floor":11},{"not_picked":["Sword Boomerang","Brutality"],"picked":"Flex","floor":14},{"not_picked":["Exhume","Fiend Fire"],"picked":"Reaper","floor":16},{"not_picked":["Cleave","Body Slam"],"picked":"Flame Barrier","floor":18}],"player_experience":1031541,"relics_obtained":[{"floor":6,"key":"Bag of Preparation"},{"floor":9,"key":"Pen Nib"},{"floor":10,"key":"Whetstone"}],"event_choices":[{"damage_healed":0,"gold_gain":75,"player_choice":"Gather Gold","damage_taken":11,"max_hp_gain":0,"max_hp_loss":0,"event_name":"World of Goop","floor":4,"gold_loss":0},{"damage_healed":0,"gold_gain":0,"player_choice":"Lose Max HP","damage_taken":0,"relics_obtained":["Golden Idol"],"max_hp_gain":0,"max_hp_loss":7,"event_name":"Golden Idol","floor":5,"gold_loss":0},{"damage_healed":0,"gold_gain":175,"player_choice":"AGREE","damage_taken":0,"max_hp_gain":0,"max_hp_loss":0,"event_name":"Liars Game","floor":12,"gold_loss":0,"cards_obtained":["Doubt"]},{"cards_removed":["Doubt"],"damage_healed":0,"gold_gain":0,"player_choice":"Card Removal","damage_taken":7,"max_hp_gain":0,"max_hp_loss":0,"event_name":"Golden Wing","floor":13,"gold_loss":0}],"is_beta":true,"boss_relics":[{"not_picked":["White Beast Statue","Lizard Tail"],"picked":"Pandora\u0027s Box"}],"items_purged_floors":[],"is_endless":false,"potions_floor_spawned":[8,11,14,16],"killed_by":"2 Thieves","ascension_level":7}