{"path_per_floor":["M","?","?","M","M","R","$","?","T","?","M","M","E"],"character_chosen":"THE_SILENT","items_purchased":["Noxious Fumes","Trip"],"gold_per_floor":[144,144,144,189,234,234,72,72,147,222,267,312,402],"floor_reached":14,"campfire_rested":1,"playtime":477,"current_hp_per_floor":[70,70,70,70,70,70,70,70,70,59,51,44,22],"items_purged":[],"gold":402,"score":90,"play_id":"4eacf0c7-dfdb-42f4-88d4-8b6cf1f6ea09","local_time":"20180319224214","daily_mods":["Allstar","Midas","Lethality"],"is_prod":false,"is_daily":true,"is_ascension_mode":false,"campfire_upgraded":0,"timestamp":1521513734,"path_taken":["M","?","?","?","M","R","?","?","T","?","?","M","E","M"],"build_version":"2018-03-15v3","purchased_purges":0,"victory":false,"master_deck":["Defend_G","Defend_G","Defend_G","Defend_G","Defend_G","Strike_G","Strike_G","Strike_G","Strike_G","Strike_G","Survivor","Mind Blast","Sadistic Nature+1","Poisoned Stab","Acrobatics","Acrobatics","Noxious Fumes","Trip","Doppelganger","Backflip","Underhanded Strike"],"max_hp_per_floor":[70,70,70,70,70,70,70,70,70,70,70,70,70],"relics":["Ring of the Snake","Frozen Egg 2","Pantograph"],"card_choices":[{"not_picked":["Acrobatics","Riddle With Holes"],"picked":"Poisoned Stab"},{"not_picked":["Backflip","Concentrate"],"picked":"Acrobatics"},{"not_picked":["Accuracy","Blur"],"picked":"Acrobatics"},{"not_picked":["Flying Knee","Bane"],"picked":"Doppelganger"},{"not_picked":["Cloak And Dagger","Distraction"],"picked":"Backflip"},{"not_picked":["Dodge and Roll","Bane"],"picked":"Underhanded Strike"}],"player_experience":475999,"potions_floor_usage":[],"damage_taken":[{"damage":0,"enemies":"2 Louse","floor":1,"turns":2},{"damage":0,"enemies":"Small Slimes","floor":4,"turns":3},{"damage":0,"enemies":"Cultist","floor":5,"turns":2},{"damage":8,"enemies":"3 Louse","floor":11,"turns":2},{"damage":7,"enemies":"Exordium Thugs","floor":12,"turns":5},{"damage":22,"enemies":"Lagavulin","floor":13,"turns":6},{"damage":24,"enemies":"Lots of Slimes","floor":14,"turns":1}],"event_choices":[{"event_name":"Living Wall","player_choice":"Grow","floor":2,"damage_taken":0},{"event_name":"Bonfire Elementals","player_choice":"BASIC","floor":3,"damage_taken":0},{"event_name":"The Lab","player_choice":"Got Potions","floor":8,"damage_taken":0},{"event_name":"World of Goop","player_choice":"Gather Gold","floor":10,"damage_taken":0}],"boss_relics":[],"potions_floor_spawned":[4,13],"seed_played":"-7629097336603244972","killed_by":"Lots of Slimes","ascension_level":0,"is_trial":false}