{"path_per_floor":["M","M","?","T","M","R","M","M","T","R","$","?","M","M","R","B",null,"M","$","?","M","M","R"],"character_chosen":"DEFECT","items_purchased":["Capacitor","Ball Lightning","Loop","Dramatic Entrance"],"gold_per_floor":[112,127,302,348,367,367,381,391,415,415,241,306,323,342,342,445,445,457,215,140,158,172,172,172],"floor_reached":24,"campfire_rested":3,"playtime":1489,"current_hp_per_floor":[74,73,73,73,72,72,74,26,26,48,48,12,24,30,52,14,75,52,52,52,49,15,37,0],"items_purged":["Doubt","Strike_B"],"gold":172,"score":190,"play_id":"dd0f2b02-ac64-48d9-8376-722d65b1e638","local_time":"20180428203915","is_prod":false,"is_daily":false,"chose_seed":false,"is_ascension_mode":false,"campfire_upgraded":1,"timestamp":1524962355,"path_taken":["M","M","?","?","?","R","M","M","T","R","$","?","M","M","R","BOSS","M","$","?","M","M","R","E"],"build_version":"2018-04-27v3","seed_source_timestamp":1132147825450651,"purchased_purges":2,"victory":false,"master_deck":["Strike_B","Strike_B","Defend_B","Defend_B","Defend_B","Defend_B","Zap+1","Dualcast","Chaos","Conserve Battery","Chaos","Self Repair","Capacitor","Ball Lightning","Machine Learning","Coolheaded","Multi-Cast","Melter+1","Loop","Dramatic Entrance","Melter","Self Repair"],"max_hp_per_floor":[75,75,75,75,75,75,75,75,75,75,75,75,75,75,75,75,75,75,75,75,75,75,75,75],"relics":["Lizard Tail","Blood Vial","Bronze Scales","Orichalcum","Nuclear Battery"],"card_choices":[{"not_picked":["Rip and Tear","Stack"],"picked":"Chaos","floor":1},{"not_picked":["Skim","Double Energy"],"picked":"Conserve Battery","floor":2},{"not_picked":["Beam Cell","Buffer"],"picked":"Chaos","floor":7},{"not_picked":["Stack","Sweeping Beam"],"picked":"Self Repair","floor":8},{"not_picked":["Streamline","Stack"],"picked":"Machine Learning","floor":12},{"not_picked":["Go for the Eyes","Turbo"],"picked":"Coolheaded","floor":13},{"not_picked":["Echo Form","Seek"],"picked":"Multi-Cast","floor":16},{"not_picked":["Static Discharge","Skim"],"picked":"Melter","floor":18},{"not_picked":["Impulse","Conserve Battery"],"picked":"Melter","floor":21},{"not_picked":["Beam Cell","Undo"],"picked":"Self Repair","floor":22}],"player_experience":10878,"potions_floor_usage":[2,7,13,16,18,24],"damage_taken":[{"damage":1,"enemies":"Small Slimes","floor":1,"turns":4},{"damage":1,"enemies":"Jaw Worm","floor":2,"turns":3},{"damage":3,"enemies":"Cultist","floor":5,"turns":5},{"damage":0,"enemies":"2 Fungi Beasts","floor":7,"turns":4},{"damage":49,"enemies":"Exordium Thugs","floor":8,"turns":6},{"damage":45,"enemies":"Gremlin Nob","floor":12,"turns":5},{"damage":6,"enemies":"3 Louse","floor":13,"turns":4},{"damage":3,"enemies":"Blue Slaver","floor":14,"turns":5},{"damage":47,"enemies":"The Guardian","floor":16,"turns":12},{"damage":30,"enemies":"2 Thieves","floor":18,"turns":5},{"damage":12,"enemies":"Chosen","floor":21,"turns":4},{"damage":43,"enemies":"Snake Plant","floor":22,"turns":5},{"damage":80,"enemies":"Gremlin Leader","floor":24,"turns":11}],"event_choices":[{"event_name":"Liars Game","player_choice":"agreed","floor":3,"damage_taken":0},{"event_name":"Dead Adventurer","player_choice":"Searched \u00271\u0027 times","floor":12,"damage_taken":0},{"event_name":"Beggar","player_choice":"Gave Gold","floor":20,"damage_taken":0}],"boss_relics":[{"not_picked":["White Beast Statue","Eternal Feather"],"picked":"Nuclear Battery"}],"potions_floor_spawned":[1,5,12,14,16,21,22],"seed_played":"4851460244399602881","killed_by":"Gremlin Leader","ascension_level":0,"is_trial":false}