{"gold_per_floor":[109,129,19,19,38,38,65,65,141,141,141,141,153,169,169,247,247,258,258,29,29,29],"floor_reached":22,"playtime":895,"items_purged":[],"score":346,"play_id":"6e27707a-1c93-4c41-909a-1831961024fa","local_time":"20190529170034","is_ascension_mode":true,"campfire_choices":[{"data":"Footwork","floor":6.0,"key":"SMITH"},{"data":"Dagger Spray","floor":8.0,"key":"SMITH"},{"data":"Neutralize","floor":10.0,"key":"SMITH"},{"data":"Prepared","floor":15.0,"key":"SMITH"}],"neow_cost":"NONE","seed_source_timestamp":638165669185030,"circlet_count":0,"master_deck":["AscendersBane","Defend_G+1","Defend_G+1","Defend_G+1","Defend_G+1","Defend_G+1","Strike_G+1","Strike_G+1","Strike_G+1","Strike_G+1","Survivor","Neutralize+1","Dagger Spray+1","Footwork+1","Deflect","Deflect","Prepared+1","Pain","Deflect","Escape Plan","A Thousand Cuts","Footwork+1","Decay"],"special_seed":0,"relics":["Ring of the Snake","Snake Skull","Shuriken","WarpedTongs","Busted Crown","DollysMirror"],"potions_floor_usage":[16],"damage_taken":[{"damage":5.0,"enemies":"Small Slimes","floor":1.0,"turns":5.0},{"damage":4.0,"enemies":"Jaw Worm","floor":2.0,"turns":5.0},{"damage":1.0,"enemies":"2 Louse","floor":5.0,"turns":3.0},{"damage":23.0,"enemies":"3 Sentries","floor":7.0,"turns":15.0},{"damage":3.0,"enemies":"Lots of Slimes","floor":13.0,"turns":2.0},{"damage":0.0,"enemies":"Large Slime","floor":14.0,"turns":6.0},{"damage":36,"enemies":"Slime Boss","floor":16,"turns":18},{"damage":27,"enemies":"3 Byrds","floor":18,"turns":6},{"damage":30,"enemies":"Masked Bandits","floor":22,"turns":5}],"seed_played":"-8644052464857369504","potions_obtained":[{"floor":1.0,"key":"Poison Potion"},{"floor":7.0,"key":"FearPotion"}],"is_trial":false,"path_per_floor":["M","M","$","?","M","R","E","R","T","R","?","?","M","M","R","B",null,"M","?","$","?","?"],"character_chosen":"THE_SILENT","items_purchased":["Footwork","Deflect","DollysMirror"],"campfire_rested":0,"item_purchase_floors":[3,3,20],"current_hp_per_floor":[60,56,56,49,48,48,25,25,25,25,49,49,46,46,46,10,57,30,30,30,30,0],"gold":29,"neow_bonus":"TEN_PERCENT_HP_BONUS","is_prod":false,"is_daily":false,"chose_seed":false,"campfire_upgraded":4,"win_rate":0,"timestamp":1559142034,"path_taken":["M","M","$","?","M","R","E","R","T","R","?","?","M","?","R","BOSS","M","?","$","?","?"],"build_version":"2019-01-23","purchased_purges":0,"victory":false,"max_hp_per_floor":[72,72,72,72,72,72,72,72,72,72,72,72,72,72,72,72,72,72,72,72,72,72],"card_choices":[{"not_picked":["Predator","Sucker Punch"],"picked":"Dagger Spray","floor":1.0},{"not_picked":["Choke","Slice","Accuracy"],"picked":"SKIP","floor":2.0},{"not_picked":["Dagger Throw","Blade Dance"],"picked":"Deflect","floor":5.0},{"not_picked":["Eviscerate","Underhanded Strike"],"picked":"Prepared","floor":7.0},{"not_picked":["Backflip","All Out Attack"],"picked":"Deflect","floor":13.0},{"not_picked":["Slice","Masterful Stab"],"picked":"Escape Plan","floor":14.0},{"not_picked":["Tools of the Trade","After Image"],"picked":"A Thousand Cuts","floor":16},{"not_picked":["Predator"],"picked":"SKIP","floor":18}],"player_experience":553547,"relics_obtained":[{"floor":7.0,"key":"Snake Skull"},{"floor":9.0,"key":"Shuriken"}],"event_choices":[{"cards_removed":["Strike_G"],"damage_healed":0.0,"max_hp_gain":0.0,"max_hp_loss":0.0,"gold_gain":0.0,"event_name":"Golden Wing","player_choice":"Card Removal","floor":4.0,"gold_loss":0.0,"damage_taken":7.0},{"damage_healed":24.0,"max_hp_gain":0.0,"max_hp_loss":0.0,"gold_gain":0.0,"event_name":"Big Fish","player_choice":"Banana","floor":11.0,"gold_loss":0.0,"damage_taken":0.0},{"damage_healed":0.0,"max_hp_gain":0.0,"max_hp_loss":0.0,"gold_gain":0.0,"event_name":"Accursed Blacksmith","player_choice":"Rummage","floor":12.0,"gold_loss":0.0,"damage_taken":0.0,"relics_obtained":["WarpedTongs"],"cards_obtained":["Pain"]},{"damage_healed":0,"gold_gain":0,"player_choice":"Simplicity","damage_taken":0,"max_hp_gain":0,"max_hp_loss":0,"event_name":"Back to Basics","floor":19,"gold_loss":0,"cards_upgraded":["Defend_G","Defend_G","Defend_G","Defend_G","Defend_G","Strike_G","Strike_G","Strike_G","Strike_G"]},{"damage_healed":0,"gold_gain":0,"player_choice":"Smashed Altar","damage_taken":0,"max_hp_gain":0,"max_hp_loss":0,"event_name":"Forgotten Altar","floor":21,"gold_loss":0,"cards_obtained":["Decay"]},{"damage_healed":0,"gold_gain":0,"player_choice":"Fought Bandits","damage_taken":0,"max_hp_gain":0,"max_hp_loss":0,"event_name":"Masked Bandits","floor":22,"gold_loss":0}],"is_beta":false,"boss_relics":[{"not_picked":["Cursed Key","White Beast Statue"],"picked":"Busted Crown"}],"items_purged_floors":[],"is_endless":false,"potions_floor_spawned":[1,7],"killed_by":"Masked Bandits","ascension_level":18}