{"gold_per_floor":[110,110,130,145,162,162,175,208,247,291,303,327,339,361,373,461,473,473,473,473,53,53,53],"floor_reached":23,"playtime":566,"items_purged":["Strike_R"],"score":406,"play_id":"bafceed0-c3e9-4746-a012-b6d36ceebdd9","local_time":"20181103134755","is_ascension_mode":true,"campfire_choices":[{"data":"Whirlwind","floor":6,"key":"SMITH"},{"data":"Carnage","floor":11,"key":"SMITH"},{"data":"Exhume","floor":13,"key":"SMITH"},{"data":"Anger","floor":15,"key":"SMITH"}],"neow_cost":"NONE","seed_source_timestamp":2040990444095099,"circlet_count":0,"master_deck":["AscendersBane","Strike_R","Strike_R","Strike_R","Strike_R","Defend_R","Defend_R","Defend_R","Defend_R","Bash+1","Whirlwind+1","Carnage+1","Anger+1","Exhume+1","Impervious","True Grit","Shrug It Off","Feel No Pain","Bandage Up","Intimidate"],"relics":["Burning Blood","MawBank","Centennial Puzzle","Boot","Ectoplasm","Bronze Scales"],"potions_floor_usage":[8,8],"damage_taken":[{"damage":4,"enemies":"Small Slimes","floor":1,"turns":3},{"damage":4,"enemies":"2 Louse","floor":3,"turns":2},{"damage":7,"enemies":"Jaw Worm","floor":4,"turns":3},{"damage":9,"enemies":"Red Slaver","floor":5,"turns":4},{"damage":2,"enemies":"Large Slime","floor":7,"turns":4},{"damage":20,"enemies":"Gremlin Nob","floor":8,"turns":4},{"damage":20,"enemies":"3 Sentries","floor":10,"turns":4},{"damage":7,"enemies":"Lots of Slimes","floor":12,"turns":2},{"damage":6,"enemies":"2 Fungi Beasts","floor":14,"turns":3},{"damage":45,"enemies":"Slime Boss","floor":16,"turns":8},{"damage":11,"enemies":"Spheric Guardian","floor":18,"turns":3},{"damage":12,"enemies":"Chosen","floor":20,"turns":3},{"damage":62,"enemies":"Gremlin Leader","floor":23,"turns":5}],"seed_played":"-3509163509032746050","potions_obtained":[{"floor":1,"key":"PowerPotion"},{"floor":4,"key":"Block Potion"},{"floor":16,"key":"EssenceOfSteel"}],"is_trial":false,"path_per_floor":["M","?","M","M","M","R","M","E","T","E","R","M","R","M","R","B",null,"M","?","M","$","?","E"],"character_chosen":"IRONCLAD","items_purchased":["Bandage Up","Bronze Scales","Intimidate"],"campfire_rested":0,"item_purchase_floors":[21,21,21],"current_hp_per_floor":[77,77,79,78,75,75,79,65,65,51,51,50,50,50,50,11,64,59,59,53,53,53,0],"gold":53,"neow_bonus":"TEN_PERCENT_HP_BONUS","is_prod":false,"is_daily":false,"chose_seed":false,"campfire_upgraded":4,"win_rate":0,"timestamp":1541278075,"path_taken":["M","?","M","M","M","R","M","E","T","E","R","M","R","M","R","BOSS","M","?","M","$","?","E"],"build_version":"2018-11-01","purchased_purges":1,"victory":false,"max_hp_per_floor":[82,82,82,82,82,82,82,82,82,82,82,82,82,82,82,82,82,82,82,82,82,82,82],"card_choices":[{"not_picked":["Blood for Blood","Burning Pact"],"picked":"Whirlwind","floor":1},{"not_picked":["Iron Wave","Sword Boomerang"],"picked":"Carnage","floor":3},{"not_picked":["Evolve","Whirlwind"],"picked":"Anger","floor":4},{"not_picked":["Twin Strike","Perfected Strike","Flex"],"picked":"SKIP","floor":5},{"not_picked":["Thunderclap","Blood for Blood"],"picked":"Exhume","floor":7},{"not_picked":["Whirlwind","Anger","Clothesline"],"picked":"SKIP","floor":8},{"not_picked":["Rampage","Clothesline","Pommel Strike"],"picked":"SKIP","floor":10},{"not_picked":["Brutality","Clothesline","Whirlwind"],"picked":"SKIP","floor":12},{"not_picked":["Clash","Iron Wave","Anger"],"picked":"SKIP","floor":14},{"not_picked":["Double Tap","Brutality"],"picked":"Impervious","floor":16},{"not_picked":["Infernal Blade","Flex"],"picked":"True Grit","floor":18},{"not_picked":["Headbutt","Pommel Strike"],"picked":"Feel No Pain","floor":20}],"player_experience":576192,"relics_obtained":[{"floor":8,"key":"MawBank"},{"floor":9,"key":"Centennial Puzzle"},{"floor":10,"key":"Boot"}],"event_choices":[{"damage_healed":0,"gold_gain":0,"player_choice":"Grow","damage_taken":0,"max_hp_gain":0,"max_hp_loss":0,"event_name":"Living Wall","floor":2,"gold_loss":0,"cards_upgraded":["Bash"]},{"damage_healed":0,"gold_gain":0,"player_choice":"Read","damage_taken":0,"max_hp_gain":0,"max_hp_loss":0,"event_name":"The Library","floor":19,"gold_loss":0,"cards_obtained":["Shrug It Off"]},{"damage_healed":0,"gold_gain":0,"player_choice":"Ignored","damage_taken":0,"max_hp_gain":0,"max_hp_loss":0,"event_name":"The Mausoleum","floor":22,"gold_loss":0}],"is_beta":false,"boss_relics":[{"not_picked":["Tiny House","Busted Crown"],"picked":"Ectoplasm"}],"items_purged_floors":[21],"is_endless":false,"potions_floor_spawned":[1,4,5,16],"killed_by":"Gremlin Leader","ascension_level":20}