{"gold_per_floor":[14,14,189,203,203,236,259,259,259,297,297,313,158,199,199,199],"floor_reached":16,"playtime":872,"items_purged":[],"score":148,"play_id":"2314a91a-702d-430c-bc03-d568a01c7bbd","local_time":"20190620014628","is_ascension_mode":true,"campfire_choices":[{"data":"Self Repair","floor":8,"key":"SMITH"},{"data":"Fusion","floor":11,"key":"SMITH"},{"floor":15,"key":"REST"}],"neow_cost":"NO_GOLD","seed_source_timestamp":17039646709300,"circlet_count":0,"master_deck":["Strike_B","Strike_B","Strike_B","Defend_B","Defend_B","Defend_B","Defend_B","Zap","Dualcast","Self Repair+1","Glacier","Doubt","Chill","Injury","Core Surge","Steam","Fusion+1","Chaos","Glacier","Self Repair","Ball Lightning"],"relics":["Cracked Core","Golden Idol","Kunai","Mummified Hand","StoneCalendar"],"potions_floor_usage":[4,6],"damage_taken":[{"damage":0,"enemies":"Jaw Worm","floor":1,"turns":3},{"damage":1,"enemies":"Small Slimes","floor":4,"turns":3},{"damage":28,"enemies":"3 Sentries","floor":6,"turns":10},{"damage":9,"enemies":"2 Louse","floor":7,"turns":2},{"damage":21,"enemies":"Gremlin Nob","floor":10,"turns":6},{"damage":7,"enemies":"Blue Slaver","floor":12,"turns":5},{"damage":48,"enemies":"Lagavulin","floor":14,"turns":15},{"damage":53,"enemies":"Hexaghost","floor":16,"turns":14}],"seed_played":"-2645155993724142051","potions_obtained":[{"floor":1,"key":"Energy Potion"},{"floor":4,"key":"LiquidBronze"}],"is_trial":false,"path_per_floor":["M","?","?","M","?","E","M","R","T","E","R","M","$","E","R","B"],"character_chosen":"DEFECT","items_purchased":["Glacier","Self Repair"],"campfire_rested":1,"item_purchase_floors":[13,13],"current_hp_per_floor":[89,89,89,89,89,68,66,66,66,55,55,58,58,27,53,0],"gold":199,"neow_bonus":"TWENTY_PERCENT_HP_BONUS","is_prod":false,"is_daily":false,"chose_seed":false,"campfire_upgraded":2,"win_rate":0,"timestamp":1561009588,"path_taken":["M","?","?","M","?","E","M","R","T","E","R","M","$","E","R","BOSS"],"build_version":"2019-06-18","purchased_purges":0,"victory":false,"max_hp_per_floor":[89,89,89,89,89,89,89,89,89,89,89,89,89,89,89,89],"card_choices":[{"not_picked":["Heatsinks","Cold Snap"],"picked":"Self Repair","floor":1},{"not_picked":["Barrage","Steam Power"],"picked":"Chill","floor":4},{"not_picked":["Leap","Cold Snap"],"picked":"Core Surge","floor":6},{"not_picked":["Compile Driver","Ball Lightning"],"picked":"Steam","floor":7},{"not_picked":["Streamline","Tempest"],"picked":"Fusion","floor":10},{"not_picked":["Gash","Barrage"],"picked":"Chaos","floor":12},{"not_picked":["Machine Learning","Blizzard"],"picked":"Ball Lightning","floor":14}],"player_experience":1087518,"relics_obtained":[{"floor":6,"key":"Kunai"},{"floor":10,"key":"Mummified Hand"},{"floor":14,"key":"StoneCalendar"}],"event_choices":[{"damage_healed":0,"gold_gain":0,"cards_transformed":["Strike_B"],"player_choice":"Change","damage_taken":0,"max_hp_gain":0,"max_hp_loss":0,"event_name":"Living Wall","floor":2,"gold_loss":0,"cards_obtained":["Glacier"]},{"damage_healed":0,"gold_gain":175,"player_choice":"AGREE","damage_taken":0,"max_hp_gain":0,"max_hp_loss":0,"event_name":"Liars Game","floor":3,"gold_loss":0,"cards_obtained":["Doubt"]},{"damage_healed":0,"gold_gain":0,"player_choice":"Take Wound","damage_taken":0,"relics_obtained":["Golden Idol"],"max_hp_gain":0,"max_hp_loss":0,"event_name":"Golden Idol","floor":5,"gold_loss":0,"cards_obtained":["Injury"]}],"is_beta":true,"boss_relics":[],"items_purged_floors":[],"is_endless":false,"potions_floor_spawned":[1,4],"killed_by":"Hexaghost","ascension_level":5}