{"path_per_floor":["M","?","$","?","M","R","M","M","T","?","M","R","M","T","R","B",null,"M","$","M","?","?","R"],"character_chosen":"IRONCLAD","items_purchased":["Dark Shackles","Bandage Up"],"gold_per_floor":[114,114,17,17,32,32,47,62,87,87,106,106,125,125,125,250,250,269,178,197,112,112,112],"floor_reached":24,"campfire_rested":1,"playtime":1573,"current_hp_per_floor":[78,77,76,75,74,73,72,71,70,53,59,59,65,65,64,41,62,43,43,44,44,44,56],"items_purged":[],"gold":112,"score":186,"play_id":"269d7584-970d-46e2-b180-d616e4535c6b","local_time":"20180322102630","daily_mods":["Diverse","Terminal","Hoarder"],"is_prod":false,"is_daily":true,"is_ascension_mode":false,"campfire_upgraded":2,"timestamp":1521728790,"path_taken":["M","?","$","?","M","R","M","M","T","?","M","R","M","?","R","BOSS","M","$","M","?","?","R","M"],"build_version":"2018-03-15v3","purchased_purges":0,"victory":false,"master_deck":["Strike_R","Strike_R","Strike_R","Strike_R","Strike_R","Defend_R","Defend_R","Defend_R","Defend_R","Bash","Noxious Fumes+1","Noxious Fumes","Noxious Fumes","Dash","Dash","Dash","Dark Shackles+1","Dark Shackles","Dark Shackles","Rupture","Rupture","Rupture","Flex","Flex","Flex+1","Brutality","Brutality","Brutality","Bloodletting+1","Bloodletting","Bloodletting","Bandage Up","Bandage Up","Bandage Up"],"max_hp_per_floor":[78,77,76,75,74,73,72,71,70,69,68,67,66,65,64,63,62,61,60,59,58,57,56],"relics":["Black Blood","Juzu Bracelet","Golden Idol","Shovel","Vajra","Regal Pillow"],"card_choices":[{"not_picked":["Battle Trance","Thunderclap"],"picked":"Rupture"},{"not_picked":["Metallicize","Wild Strike"],"picked":"Flex"},{"not_picked":["Exhume","Bludgeon"],"picked":"Brutality"},{"not_picked":["Cleave","Hemokinesis"],"picked":"Bloodletting"}],"player_experience":508884,"potions_floor_usage":[11,13,16,24],"damage_taken":[{"damage":0,"enemies":"2 Louse","floor":1,"turns":3},{"damage":0,"enemies":"Jaw Worm","floor":5,"turns":4},{"damage":0,"enemies":"Cultist","floor":7,"turns":5},{"damage":2,"enemies":"Blue Slaver","floor":8,"turns":5},{"damage":0,"enemies":"3 Louse","floor":11,"turns":5},{"damage":0,"enemies":"Looter","floor":13,"turns":3},{"damage":29,"enemies":"Hexaghost","floor":16,"turns":9},{"damage":29,"enemies":"2 Thieves","floor":18,"turns":5},{"damage":21,"enemies":"Spheric Guardian","floor":20,"turns":6},{"damage":69,"enemies":"3 Cultists","floor":24,"turns":5}],"event_choices":[{"event_name":"Living Wall","player_choice":"Grow","floor":2,"damage_taken":0},{"event_name":"The Cleric","player_choice":"Leave","floor":4,"damage_taken":0},{"event_name":"Golden Idol","player_choice":"Take Damage","floor":10,"damage_taken":0},{"event_name":"Addict","player_choice":"Obtained Relic","floor":21,"damage_taken":0},{"event_name":"The Mausoleum","player_choice":"No","floor":22,"damage_taken":0}],"boss_relics":[{"not_picked":["Runic Pyramid","Cursed Key"],"picked":"Black Blood"}],"potions_floor_spawned":[5,7,8,18,20],"seed_played":"7321977595555922760","killed_by":"3 Cultists","ascension_level":0,"is_trial":false}