{"gold_per_floor":[115,26,36,36,55,66,92,92,92,123,123,137,137],"floor_reached":13,"playtime":320,"items_purged":[],"score":190,"play_id":"d48f57e5-a4fa-4834-aabc-46a357176d9f","local_time":"20181124121847","is_ascension_mode":true,"campfire_choices":[{"data":"Creative AI","floor":8.0,"key":"SMITH"}],"neow_cost":"NONE","seed_source_timestamp":898363015177165,"circlet_count":0,"master_deck":["AscendersBane","Strike_B","Strike_B","Strike_B","Strike_B","Defend_B","Defend_B","Defend_B","Defend_B","Zap+1","Dualcast","Capacitor","Doom and Gloom","Reinforced Body","Creative AI+1","Leap","Pain","White Noise"],"special_seed":0,"relics":["Velvet Choker","Sundial","StoneCalendar","Incense Burner","WarpedTongs"],"potions_floor_usage":[],"damage_taken":[{"damage":0.0,"enemies":"Cultist","floor":1.0,"turns":3.0},{"damage":7.0,"enemies":"Small Slimes","floor":3.0,"turns":3.0},{"damage":0.0,"enemies":"2 Louse","floor":5.0,"turns":2.0},{"damage":0.0,"enemies":"2 Fungi Beasts","floor":6.0,"turns":3.0},{"damage":15.0,"enemies":"Lagavulin","floor":7.0,"turns":6.0},{"damage":53.0,"enemies":"3 Sentries","floor":10.0,"turns":7.0},{"damage":2,"enemies":"Red Slaver","floor":12,"turns":5},{"damage":1,"enemies":"Blue Slaver","floor":13,"turns":1}],"seed_played":"-6525129682566365404","potions_obtained":[{"floor":1.0,"key":"Regen Potion"},{"floor":12,"key":"Swift Potion"}],"is_trial":false,"path_per_floor":["M","$","M","?","M","M","E","R","T","E","?","M","M"],"character_chosen":"DEFECT","items_purchased":["Capacitor"],"campfire_rested":0,"item_purchase_floors":[2],"current_hp_per_floor":[64,64,57,57,57,57,56,56,56,3,3,1,0],"gold":137,"neow_bonus":"BOSS_RELIC","is_prod":false,"is_daily":false,"chose_seed":false,"campfire_upgraded":1,"win_rate":0,"timestamp":1543087127,"path_taken":["M","$","M","?","M","M","E","R","T","E","?","M","?"],"build_version":"2018-11-15","purchased_purges":0,"victory":false,"max_hp_per_floor":[71,71,71,71,71,71,71,71,71,71,71,71,71],"card_choices":[{"not_picked":["Lockon","Conserve Battery","Consume"],"picked":"SKIP","floor":1.0},{"not_picked":["Steam","Blizzard"],"picked":"Doom and Gloom","floor":3.0},{"not_picked":["Reprogram","Steam","Gash"],"picked":"SKIP","floor":5.0},{"not_picked":["Beam Cell","Redo"],"picked":"Reinforced Body","floor":6.0},{"not_picked":["Sweeping Beam","Undo"],"picked":"Creative AI","floor":7.0},{"not_picked":["Go for the Eyes","Barrage"],"picked":"Leap","floor":10.0},{"not_picked":["Steam","Redo"],"picked":"White Noise","floor":12}],"player_experience":657286,"relics_obtained":[{"floor":7.0,"key":"Sundial"},{"floor":9.0,"key":"StoneCalendar"},{"floor":10.0,"key":"Incense Burner"}],"event_choices":[{"damage_healed":0.0,"max_hp_gain":0.0,"max_hp_loss":0.0,"gold_gain":0.0,"event_name":"Living Wall","player_choice":"Grow","floor":4.0,"gold_loss":0.0,"damage_taken":0.0,"cards_upgraded":["Zap"]},{"damage_healed":0,"gold_gain":0,"player_choice":"Rummage","damage_taken":0,"relics_obtained":["WarpedTongs"],"max_hp_gain":0,"max_hp_loss":0,"event_name":"Accursed Blacksmith","floor":11,"gold_loss":0,"cards_obtained":["Pain"]}],"is_beta":false,"boss_relics":[],"items_purged_floors":[],"is_endless":false,"potions_floor_spawned":[1,12],"killed_by":"Blue Slaver","ascension_level":20}