{"gold_per_floor":[114,13,28,92,110,110,140,215,215,245,255,310,310],"floor_reached":13,"playtime":419,"items_purged":[],"score":102,"play_id":"34f75576-0c33-42de-adc5-05f3451ada1a","local_time":"20180718024557","is_ascension_mode":true,"campfire_choices":[{"floor":6,"key":"REST"}],"neow_cost":"NONE","seed_source_timestamp":775413138203319,"circlet_count":0,"master_deck":["Strike_B","Strike_B","Strike_B","Strike_B","Defend_B","Defend_B","Defend_B","Defend_B","Zap","Dualcast","Rebound","Rebound","Gash","Melter","White Noise","Gash","Scrape","Gash"],"relics":["Fusion Hammer","Ancient Tea Set","Singing Bowl","Potion Belt","Boot"],"potions_floor_usage":[3,7,7,12],"damage_taken":[{"damage":0,"enemies":"Small Slimes","floor":1,"turns":2},{"damage":7,"enemies":"Jaw Worm","floor":3,"turns":2},{"damage":0,"enemies":"Cultist","floor":5,"turns":3},{"damage":13,"enemies":"Gremlin Nob","floor":7,"turns":3},{"damage":20,"enemies":"3 Sentries","floor":10,"turns":6},{"damage":13,"enemies":"Gremlin Gang","floor":11,"turns":4},{"damage":16,"enemies":"Gremlin Nob","floor":12,"turns":4},{"damage":4,"enemies":"3 Louse","floor":13,"turns":1}],"seed_played":"7771996005905591631","potions_obtained":[{"floor":1,"key":"LiquidBronze"},{"floor":3,"key":"GamblersBrew"},{"floor":5,"key":"FearPotion"},{"floor":11,"key":"EssenceOfSteel"}],"is_trial":false,"path_per_floor":["M","$","M","?","M","R","E","?","T","E","M","?"],"character_chosen":"DEFECT","items_purchased":["Rebound","Gash"],"campfire_rested":1,"item_purchase_floors":[2,2],"current_hp_per_floor":[75,75,68,68,68,75,62,51,51,31,18,4,0],"gold":310,"neow_bonus":"BOSS_RELIC","is_prod":false,"is_daily":false,"chose_seed":false,"campfire_upgraded":0,"win_rate":0,"timestamp":1531896357,"path_taken":["M","$","M","?","?","R","E","?","T","E","M","?","?"],"build_version":"2018-07-16","purchased_purges":0,"victory":false,"max_hp_per_floor":[75,75,75,75,75,75,75,75,75,75,75,77,77],"card_choices":[{"not_picked":["Steam Power","Redo"],"picked":"Rebound","floor":1},{"not_picked":["Storm","Stack"],"picked":"Melter","floor":3},{"not_picked":["Ball Lightning","Steam Power"],"picked":"White Noise","floor":5},{"not_picked":["Skim","Steam"],"picked":"Gash","floor":7},{"not_picked":["Rebound","Chill"],"picked":"Scrape","floor":10},{"not_picked":["Go for the Eyes","Sunder"],"picked":"Gash","floor":11},{"not_picked":["Fusion","Consume","Redo"],"picked":"Singing Bowl","floor":12}],"player_experience":454497,"relics_obtained":[{"floor":7,"key":"Ancient Tea Set"},{"floor":9,"key":"Singing Bowl"},{"floor":10,"key":"Potion Belt"},{"floor":12,"key":"Boot"}],"event_choices":[{"event_name":"Golden Wing","player_choice":"Gained Gold","floor":4,"damage_taken":0},{"event_name":"World of Goop","player_choice":"Gather Gold","floor":8,"damage_taken":0},{"event_name":"Dead Adventurer","player_choice":"Searched \u00271\u0027 times","floor":12,"damage_taken":0}],"boss_relics":[],"items_purged_floors":[],"is_endless":false,"potions_floor_spawned":[1,3,5,11],"killed_by":"3 Louse","ascension_level":2}