{"path_per_floor":["M","M","M","M","M","R","?","R","T","$","?","E","M","?","R","B",null,"M","?","M","T","$","M","R","?","T","M"],"character_chosen":"DEFECT","items_purchased":["Echo Form","Mind Blast","Transmutation"],"gold_per_floor":[114,129,144,159,174,174,174,174,174,20,20,50,65,240,240,340,340,355,355,370,420,139,154,154,154,234,249,249],"floor_reached":28,"campfire_rested":3,"playtime":1613,"current_hp_per_floor":[73,72,66,66,58,58,58,73,72,71,75,58,50,50,71,54,69,54,54,44,44,44,32,60,71,70,64,0],"items_purged":[],"gold":249,"score":220,"play_id":"bfb14d2c-46df-4ec1-be6d-78620975ec6c","local_time":"20180506080513","daily_mods":["Shiny","Uncertain Future","Terminal"],"is_prod":false,"is_daily":true,"chose_seed":false,"is_ascension_mode":false,"campfire_upgraded":1,"timestamp":1525608313,"path_taken":["M","M","M","M","M","R","?","R","T","$","?","E","M","?","R","BOSS","M","?","M","?","$","M","R","?","T","M","E"],"build_version":"2018-05-03","seed_source_timestamp":0,"purchased_purges":0,"victory":false,"master_deck":["Hyperbeam","Thunder Strike","Biased Cognition","Machine Learning","Rainbow","Prime","Seek","Meteor Strike","Echo Form","All For One","Reboot","Nova","Amplify","Fusion","Redo","Creative AI","Ball Lightning","Buffer","Aggregate+1","Tempest","Echo Form","Self Repair","Genetic Algorithm+1","Doubt","Seek+1","Mind Blast","Transmutation+1"],"max_hp_per_floor":[73,72,71,70,69,68,74,73,72,71,75,74,73,72,71,70,69,68,67,66,65,64,63,62,71,70,69,69],"relics":["Cracked Core","Strawberry","Toxic Egg 2","Dodecahedron","Eternal Feather","Bag of Preparation","Tiny Chest"],"card_choices":[{"not_picked":["Reinforced Body","Stack"],"picked":"Ball Lightning","floor":1},{"not_picked":["Beam Cell","Hologram"],"picked":"Buffer","floor":2},{"not_picked":["Go for the Eyes","Scrape"],"picked":"Aggregate","floor":3},{"not_picked":["Loop","Conserve Battery"],"picked":"Tempest","floor":5},{"not_picked":["BootSequence","Static Discharge"],"picked":"Self Repair","floor":12},{"not_picked":["Reinforced Body","Cold Snap"],"picked":"Genetic Algorithm","floor":13},{"not_picked":["Fission","Machine Learning"],"picked":"Seek","floor":16}],"player_experience":148435,"potions_floor_usage":[2,4,12,16,20,27],"damage_taken":[{"damage":0,"enemies":"Small Slimes","floor":1,"turns":1},{"damage":0,"enemies":"Cultist","floor":2,"turns":3},{"damage":6,"enemies":"Jaw Worm","floor":3,"turns":2},{"damage":0,"enemies":"Large Slime","floor":4,"turns":4},{"damage":8,"enemies":"Red Slaver","floor":5,"turns":3},{"damage":17,"enemies":"Gremlin Nob","floor":12,"turns":4},{"damage":8,"enemies":"2 Fungi Beasts","floor":13,"turns":3},{"damage":31,"enemies":"Hexaghost","floor":16,"turns":6},{"damage":15,"enemies":"3 Byrds","floor":18,"turns":3},{"damage":10,"enemies":"Chosen","floor":20,"turns":4},{"damage":26,"enemies":"Snake Plant","floor":23,"turns":4},{"damage":13,"enemies":"Chosen and Byrds","floor":27,"turns":5},{"damage":77,"enemies":"Gremlin Leader","floor":28,"turns":5}],"event_choices":[{"event_name":"Scrap Ooze","player_choice":"success","floor":7,"damage_taken":7},{"event_name":"Big Fish","player_choice":"Donut","floor":11,"damage_taken":0},{"event_name":"Liars Game","player_choice":"agreed","floor":14,"damage_taken":0},{"event_name":"Back to Basics","player_choice":"Elegance","floor":19,"damage_taken":0},{"event_name":"Bonfire Elementals","player_choice":"RARE","floor":25,"damage_taken":0}],"boss_relics":[{"not_picked":["Sozu","Pandora\u0027s Box"],"picked":"Eternal Feather"}],"potions_floor_spawned":[1,3,4,13,18,23],"seed_played":"-5471539698624743704","killed_by":"Gremlin Leader","ascension_level":0,"is_trial":false}