{"gold_per_floor":[112,112,128,146,71,71,71,87,87,113,113,113,153,153],"floor_reached":14,"playtime":367,"items_purged":[],"score":196,"play_id":"1c5a9d61-1b74-4e0c-8efe-d70566735ca9","local_time":"20181109225643","is_ascension_mode":true,"campfire_choices":[{"data":"Bash","floor":6.0,"key":"SMITH"},{"data":"True Grit","floor":11,"key":"SMITH"}],"neow_cost":"NONE","seed_source_timestamp":2592520920739132,"circlet_count":0,"master_deck":["AscendersBane","Strike_R","Strike_R","Strike_R","Strike_R","Defend_R","Defend_R","Defend_R","Defend_R","Bash+1","Twin Strike","Impervious","Sword Boomerang","Carnage","True Grit+1","Fiend Fire"],"special_seed":0,"relics":["Burning Blood","Juzu Bracelet","Bottled Lightning","Self Forming Clay","Golden Idol","Omamori"],"potions_floor_usage":[10],"damage_taken":[{"damage":9.0,"enemies":"2 Louse","floor":1.0,"turns":4.0},{"damage":7.0,"enemies":"Cultist","floor":3.0,"turns":4.0},{"damage":2.0,"enemies":"Small Slimes","floor":4.0,"turns":3.0},{"damage":9,"enemies":"3 Louse","floor":8,"turns":5},{"damage":40,"enemies":"Lagavulin","floor":10,"turns":6},{"damage":32,"enemies":"3 Sentries","floor":13,"turns":10},{"damage":17,"enemies":"Exordium Thugs","floor":14,"turns":2}],"seed_played":"-2465155065124965738","potions_obtained":[{"floor":3.0,"key":"BloodPotion"}],"is_trial":false,"path_per_floor":["M","?","M","M","?","R","$","M","T","E","R","?","E","M"],"character_chosen":"IRONCLAD","items_purchased":[],"campfire_rested":0,"item_purchase_floors":[],"current_hp_per_floor":[65,65,64,68,68,68,68,65,65,38,38,38,12,0],"gold":153,"neow_bonus":"RANDOM_COMMON_RELIC","is_prod":false,"is_daily":false,"chose_seed":false,"campfire_upgraded":2,"win_rate":0,"timestamp":1541829403,"path_taken":["M","?","M","M","?","R","$","M","T","E","R","?","E","M"],"build_version":"2018-11-08","purchased_purges":0,"victory":false,"max_hp_per_floor":[75,75,75,75,75,75,75,75,75,75,75,68,68,68],"card_choices":[{"not_picked":["Warcry","Rupture"],"picked":"Twin Strike","floor":1.0},{"not_picked":["Thunderclap","Cleave"],"picked":"Sword Boomerang","floor":3.0},{"not_picked":["Hemokinesis","Thunderclap","Clash"],"picked":"SKIP","floor":4.0},{"not_picked":["Hemokinesis","Thunderclap","Clash"],"picked":"SKIP","floor":4.0},{"not_picked":["Perfected Strike","Dual Wield"],"picked":"Carnage","floor":8},{"not_picked":["Headbutt","Twin Strike"],"picked":"True Grit","floor":10},{"not_picked":["Sword Boomerang","Pummel"],"picked":"Fiend Fire","floor":13}],"player_experience":611168,"relics_obtained":[{"floor":9,"key":"Bottled Lightning"},{"floor":10,"key":"Self Forming Clay"},{"floor":13,"key":"Omamori"}],"event_choices":[{"damage_healed":0.0,"max_hp_gain":0.0,"max_hp_loss":0.0,"gold_gain":0.0,"event_name":"Match and Keep!","player_choice":"1 cards matched","floor":2.0,"gold_loss":0.0,"damage_taken":0.0,"cards_obtained":["Impervious"]},{"cards_removed":["Strike_R"],"damage_healed":0.0,"max_hp_gain":0.0,"max_hp_loss":0.0,"gold_gain":0.0,"event_name":"The Cleric","player_choice":"Card Removal","floor":5.0,"gold_loss":75.0,"damage_taken":0.0},{"damage_healed":0,"gold_gain":0,"player_choice":"Lose Max HP","damage_taken":0,"relics_obtained":["Golden Idol"],"max_hp_gain":0,"max_hp_loss":7,"event_name":"Golden Idol","floor":12,"gold_loss":0}],"is_beta":false,"boss_relics":[],"items_purged_floors":[],"is_endless":false,"potions_floor_spawned":[3],"killed_by":"Exordium Thugs","ascension_level":20}