{"gold_per_floor":[112,112,130,145,52,81,81,110,136,136,152,152,152,166,166,265,265,277,192,46,62,35,64,64,64],"floor_reached":25,"playtime":799,"items_purged":[],"score":263,"play_id":"2c736d7b-a105-4cb9-b1a4-625a88d742f8","local_time":"20180703034350","is_ascension_mode":true,"campfire_choices":[{"floor":7,"key":"REST"},{"floor":10,"key":"REST"},{"data":"Immolate","floor":12,"key":"SMITH"},{"data":"Rampage","floor":15,"key":"SMITH"}],"neow_cost":"NONE","seed_source_timestamp":100375542463916,"circlet_count":0,"master_deck":["Strike_R","Strike_R","Defend_R","Defend_R","Bash","Sword Boomerang","Hemokinesis","Iron Wave","Pummel","Flex","Immolate+1","Power Through","Wild Strike","Rampage+1","Bludgeon","Seeing Red+1","Armaments+1","True Grit+1","Pummel+1","Cleave","Dual Wield","Shrug It Off","Flex","Perfected Strike","Shockwave"],"relics":["Burning Blood","Art of War","Orichalcum","Blood Vial","Astrolabe","Regal Pillow","Bag of Marbles"],"potions_floor_usage":[6,8,16,18],"damage_taken":[{"damage":0,"enemies":"Small Slimes","floor":1,"turns":3},{"damage":7,"enemies":"Jaw Worm","floor":3,"turns":3},{"damage":7,"enemies":"Cultist","floor":4,"turns":3},{"damage":35,"enemies":"3 Sentries","floor":6,"turns":8},{"damage":33,"enemies":"Lagavulin","floor":8,"turns":5},{"damage":1,"enemies":"3 Louse","floor":11,"turns":3},{"damage":8,"enemies":"Exordium Thugs","floor":14,"turns":2},{"damage":63,"enemies":"The Guardian","floor":16,"turns":12},{"damage":23,"enemies":"Shell Parasite","floor":18,"turns":4},{"damage":12,"enemies":"3 Byrds","floor":21,"turns":3},{"damage":60,"enemies":"Slavers","floor":23,"turns":5},{"damage":23,"enemies":"Gremlin Leader","floor":25,"turns":4}],"seed_played":"7675807761626446014","potions_obtained":[{"floor":4,"key":"SneckoOil"},{"floor":6,"key":"SneckoOil"},{"floor":8,"key":"SpeedPotion"},{"floor":16,"key":"Dexterity Potion"}],"is_trial":false,"path_per_floor":["M","?","M","M","$","E","R","E","T","R","M","R","?","M","R","B",null,"M","?","$","M","$","E","?"],"character_chosen":"IRONCLAD","items_purchased":["Pummel","Flex","Cleave","Dual Wield","Shrug It Off","Perfected Strike"],"campfire_rested":2,"item_purchase_floors":[5,5,20,20,20,22],"current_hp_per_floor":[88,81,80,79,79,50,76,49,49,75,82,82,82,82,82,27,88,71,71,71,67,67,15,15,0],"gold":64,"neow_bonus":"TEN_PERCENT_HP_BONUS","is_prod":false,"is_daily":false,"chose_seed":false,"campfire_upgraded":2,"win_rate":0,"timestamp":1530603830,"path_taken":["M","?","M","M","?","E","R","E","T","R","M","R","?","?","R","BOSS","M","?","$","M","$","E","?","E"],"build_version":"2018-06-29","purchased_purges":0,"victory":false,"max_hp_per_floor":[88,88,88,88,88,88,88,88,88,88,88,88,88,88,88,88,88,88,88,88,88,88,88,88,88],"card_choices":[{"not_picked":["Clothesline","Burning Pact"],"picked":"Sword Boomerang","floor":1},{"not_picked":["Headbutt","Evolve"],"picked":"Hemokinesis","floor":3},{"not_picked":["Metallicize","Burning Pact"],"picked":"Iron Wave","floor":4},{"not_picked":["Shockwave","Headbutt"],"picked":"Immolate","floor":6},{"not_picked":["Clothesline","Rupture"],"picked":"Power Through","floor":8},{"not_picked":["Thunderclap","Second Wind"],"picked":"Wild Strike","floor":11},{"not_picked":["Iron Wave","Reckless Charge"],"picked":"Rampage","floor":14},{"not_picked":["Offering","Brutality"],"picked":"Bludgeon","floor":16},{"not_picked":["Armaments+1","Spot Weakness+1"],"picked":"Pummel+1","floor":18},{"not_picked":["Warcry","Armaments"],"picked":"Flex","floor":21},{"not_picked":["Clash","Burning Pact"],"picked":"Shockwave","floor":23}],"player_experience":377736,"relics_obtained":[{"floor":6,"key":"Art of War"},{"floor":8,"key":"Orichalcum"},{"floor":9,"key":"Blood Vial"},{"floor":23,"key":"Bag of Marbles"}],"event_choices":[{"event_name":"Golden Wing","player_choice":"Card Removal","floor":2,"damage_taken":0},{"event_name":"Bonfire Elementals","player_choice":"BASIC","floor":13,"damage_taken":0},{"event_name":"Addict","player_choice":"Obtained Relic","floor":19,"damage_taken":0},{"event_name":"Cursed Tome","player_choice":"Ignored","floor":24,"damage_taken":0}],"boss_relics":[{"not_picked":["Philosopher\u0027s Stone","Busted Crown"],"picked":"Astrolabe"}],"items_purged_floors":[],"is_endless":false,"potions_floor_spawned":[4,6,8,16],"killed_by":"Gremlin Leader","ascension_level":3}