{"gold_per_floor":[110,110,120,139,154,154,154,165,165,197,222,222,253,272,272,347,347,357,203,203,223,223,223],"floor_reached":23,"playtime":983,"items_purged":["Strike_G"],"score":402,"play_id":"c9c3b276-6308-4a8f-baee-1e5d4efbbcc4","local_time":"20190529203053","is_ascension_mode":true,"campfire_choices":[{"data":"Dash","floor":6.0,"key":"SMITH"},{"data":"Neutralize","floor":12.0,"key":"SMITH"},{"data":"Footwork","floor":15,"key":"SMITH"}],"neow_cost":"NONE","seed_source_timestamp":1272528294809405,"circlet_count":0,"master_deck":["AscendersBane","Defend_G","Defend_G","Defend_G","Defend_G","Defend_G","Strike_G","Strike_G","Strike_G","Strike_G","Survivor","Neutralize+1","Dash+1","Backflip","Poisoned Stab","Infinite Blades","Dagger Spray+1","Leg Sweep","Footwork+1","After Image","PiercingWail","Well Laid Plans","Backflip","Caltrops","Ghostly","Ghostly","Ghostly"],"special_seed":0,"relics":["Ring of the Snake","Mummified Hand","Molten Egg 2","Dream Catcher","Blue Candle","Orrery"],"potions_floor_usage":[13,16,23],"damage_taken":[{"damage":3.0,"enemies":"Cultist","floor":1.0,"turns":4.0},{"damage":0.0,"enemies":"2 Louse","floor":3.0,"turns":2.0},{"damage":0.0,"enemies":"Jaw Worm","floor":4.0,"turns":5.0},{"damage":6.0,"enemies":"Exordium Wildlife","floor":5.0,"turns":5.0},{"damage":9.0,"enemies":"Lots of Slimes","floor":8.0,"turns":6.0},{"damage":20.0,"enemies":"3 Sentries","floor":10.0,"turns":8.0},{"damage":10,"enemies":"Lagavulin","floor":13,"turns":9},{"damage":0,"enemies":"3 Louse","floor":14,"turns":4},{"damage":4,"enemies":"Slime Boss","floor":16,"turns":11},{"damage":3,"enemies":"Spheric Guardian","floor":18,"turns":9},{"damage":6,"enemies":"Chosen","floor":21,"turns":9},{"damage":46,"enemies":"Gremlin Leader","floor":23,"turns":9}],"seed_played":"-608372676328493029","potions_obtained":[{"floor":1.0,"key":"Explosive Potion"},{"floor":3.0,"key":"EssenceOfSteel"},{"floor":13,"key":"Strength Potion"},{"floor":21,"key":"GamblersBrew"},{"floor":22,"key":"AttackPotion"}],"is_trial":false,"path_per_floor":["M","?","M","M","M","R","?","M","T","E","T","R","E","M","R","B",null,"M","$","?","M","?","E"],"character_chosen":"THE_SILENT","items_purchased":["Caltrops"],"campfire_rested":0,"item_purchase_floors":[19],"current_hp_per_floor":[62,67,67,67,61,61,61,52,52,32,32,32,22,22,22,18,62,59,59,38,32,32,0],"gold":223,"neow_bonus":"TEN_PERCENT_HP_BONUS","is_prod":false,"is_daily":false,"chose_seed":false,"campfire_upgraded":3,"win_rate":0,"timestamp":1559187053,"path_taken":["M","?","M","M","M","R","?","M","T","E","?","R","E","M","R","BOSS","M","$","?","M","?","E"],"build_version":"2019-01-23","purchased_purges":1,"victory":false,"max_hp_per_floor":[72,77,77,77,77,77,77,77,77,77,77,77,77,77,77,77,77,77,77,38,38,38,38],"card_choices":[{"not_picked":["Cloak And Dagger","Outmaneuver"],"picked":"Dash","floor":1.0},{"not_picked":["Distraction","Endless Agony"],"picked":"Backflip","floor":3.0},{"not_picked":["Slice","Quick Slash"],"picked":"Poisoned Stab","floor":4.0},{"not_picked":["Reflex","Bane","Acrobatics"],"picked":"SKIP","floor":5.0},{"not_picked":["Dagger Spray","PiercingWail"],"picked":"Infinite Blades","floor":8.0},{"not_picked":["Doppelganger","Prepared"],"picked":"Dagger Spray","floor":10.0},{"not_picked":["Prepared","Outmaneuver"],"picked":"Leg Sweep","floor":13},{"not_picked":["Bouncing Flask","Die Die Die+1"],"picked":"Footwork","floor":14},{"not_picked":["Die Die Die+1","Venomology"],"picked":"After Image","floor":16},{"not_picked":["Acrobatics","Poisoned Stab+1"],"picked":"PiercingWail","floor":17},{"not_picked":["Expertise","Bane+1"],"picked":"Well Laid Plans","floor":17},{"not_picked":["Flying Knee+1","Dagger Throw+1"],"picked":"Backflip","floor":18},{"not_picked":["Dash+1","Calculated Gamble","Phantasmal Killer"],"picked":"SKIP","floor":21}],"player_experience":749719,"relics_obtained":[{"floor":9.0,"key":"Mummified Hand"},{"floor":10.0,"key":"Molten Egg 2"},{"floor":11.0,"key":"Dream Catcher"},{"floor":13,"key":"Blue Candle"}],"event_choices":[{"damage_healed":0.0,"max_hp_gain":5.0,"max_hp_loss":0.0,"gold_gain":0.0,"event_name":"Big Fish","player_choice":"Donut","floor":2.0,"gold_loss":0.0,"damage_taken":0.0},{"damage_healed":0.0,"max_hp_gain":0.0,"max_hp_loss":0.0,"gold_gain":0.0,"event_name":"Liars Game","player_choice":"Ignored","floor":7.0,"gold_loss":0.0,"damage_taken":0.0},{"damage_healed":0,"gold_gain":0,"player_choice":"Became a Ghost","damage_taken":0,"max_hp_gain":0,"max_hp_loss":39,"event_name":"Ghosts","floor":20,"gold_loss":0,"cards_obtained":["Ghostly","Ghostly","Ghostly"]},{"damage_healed":0,"gold_gain":0,"player_choice":"Got Potions","damage_taken":0,"max_hp_gain":0,"max_hp_loss":0,"event_name":"Lab","floor":22,"gold_loss":0}],"is_beta":false,"boss_relics":[{"not_picked":["Busted Crown","Tiny House"],"picked":"Orrery"}],"items_purged_floors":[19],"is_endless":false,"potions_floor_spawned":[1,3,8,13,21],"killed_by":"Gremlin Leader","ascension_level":20}