{"gold_per_floor":[109,13,13,188,188,188,188,138,138,156,180,255,64,82,82,82],"floor_reached":16,"playtime":474,"items_purged":[],"score":114,"play_id":"f73c11a1-35b9-479c-8395-357cb0783e98","local_time":"20190606175957","is_ascension_mode":true,"campfire_choices":[{"data":"Bash","floor":6,"key":"SMITH"},{"data":"Outmaneuver","floor":15,"key":"SMITH"}],"neow_cost":"CURSE","seed_source_timestamp":1383558371936700,"circlet_count":0,"master_deck":["Strike_R","Strike_R","Strike_R","Strike_R","Strike_R","Defend_R","Defend_R","Defend_R","Defend_R","Bash+1","Thunderclap","Flash of Steel","Uppercut","Shrug It Off","Outmaneuver+1"],"relics":["Burning Blood","WingedGreaves","Omamori","Golden Idol","Champion Belt","PrismaticShard"],"potions_floor_usage":[10,16],"damage_taken":[{"damage":8,"enemies":"Cultist","floor":1,"turns":3},{"damage":0,"enemies":"Small Slimes","floor":10,"turns":2},{"damage":4,"enemies":"Jaw Worm","floor":11,"turns":3},{"damage":4,"enemies":"3 Louse","floor":14,"turns":4},{"damage":89,"enemies":"Slime Boss","floor":16,"turns":14}],"seed_played":"4048690813034982532","potions_obtained":[{"floor":1,"key":"Strength Potion"},{"floor":14,"key":"BloodPotion"}],"is_trial":false,"path_per_floor":["M","$","?","?","T","R","?","?","T","M","M","?","$","M","R","B"],"character_chosen":"IRONCLAD","items_purchased":["Flash of Steel","PrismaticShard"],"campfire_rested":0,"item_purchase_floors":[2,13],"current_hp_per_floor":[70,70,63,63,63,63,63,63,63,69,71,60,60,62,62,0],"gold":82,"neow_bonus":"ONE_RARE_RELIC","is_prod":false,"is_daily":false,"chose_seed":false,"campfire_upgraded":2,"win_rate":0,"timestamp":1559858397,"path_taken":["M","$","?","?","?","R","?","?","T","M","M","?","?","?","R","BOSS"],"build_version":"2019-06-05","purchased_purges":0,"victory":false,"max_hp_per_floor":[80,80,80,80,80,80,80,80,80,80,80,80,80,80,80,80],"card_choices":[{"not_picked":["Havoc","Body Slam"],"picked":"Thunderclap","floor":1},{"not_picked":["Combust","True Grit"],"picked":"Uppercut","floor":10},{"not_picked":["Warcry","Corruption"],"picked":"Shrug It Off","floor":11},{"not_picked":["Concentrate","Thunderclap"],"picked":"Outmaneuver","floor":14}],"player_experience":1002220,"relics_obtained":[{"floor":5,"key":"Omamori"},{"floor":9,"key":"Champion Belt"}],"event_choices":[{"cards_removed":["Decay"],"damage_healed":0,"gold_gain":0,"player_choice":"Card Removal","damage_taken":7,"max_hp_gain":0,"max_hp_loss":0,"event_name":"Golden Wing","floor":3,"gold_loss":0},{"damage_healed":0,"gold_gain":175,"player_choice":"AGREE","damage_taken":0,"max_hp_gain":0,"max_hp_loss":0,"event_name":"Liars Game","floor":4,"gold_loss":0,"cards_obtained":["Doubt"]},{"damage_healed":0,"gold_gain":0,"player_choice":"Take Wound","damage_taken":0,"relics_obtained":["Golden Idol"],"max_hp_gain":0,"max_hp_loss":0,"event_name":"Golden Idol","floor":7,"gold_loss":0,"cards_obtained":["Injury"]},{"cards_removed":["Doubt"],"damage_healed":0,"gold_gain":0,"player_choice":"Card Removal","damage_taken":0,"max_hp_gain":0,"max_hp_loss":0,"event_name":"The Cleric","floor":8,"gold_loss":50},{"damage_healed":0,"gold_gain":75,"player_choice":"Gather Gold","damage_taken":11,"max_hp_gain":0,"max_hp_loss":0,"event_name":"World of Goop","floor":12,"gold_loss":0}],"is_beta":true,"boss_relics":[],"items_purged_floors":[],"is_endless":false,"potions_floor_spawned":[1,14],"killed_by":"Slime Boss","ascension_level":6}