{"path_per_floor":["M","?","M","$","?","E","?","R","T","T","?","M","$","M","R","B",null,"M","?","M","?","?","R","$","M","T","?","?","R","?"],"character_chosen":"DEFECT","items_purchased":["Juzu Bracelet"],"gold_per_floor":[16,16,36,36,95,130,130,130,155,155,155,171,57,73,73,175,175,185,185,200,200,125,125,65,76,76,0,100,100,100,100],"floor_reached":31,"campfire_rested":2,"playtime":1051,"current_hp_per_floor":[89,89,87,87,87,67,67,67,67,67,42,36,36,36,62,1,89,69,89,76,76,76,76,76,20,20,20,20,46,46,0],"items_purged":["Strike_B"],"gold":100,"score":254,"play_id":"3df5f97e-7f2c-43a5-8d28-b4ff9a52c496","local_time":"20180518101131","is_prod":false,"is_daily":false,"chose_seed":false,"is_ascension_mode":false,"campfire_upgraded":1,"timestamp":1526652691,"campfire_choices":[{"data":"Dualcast","floor":8,"key":"SMITH"},{"floor":15,"key":"REST"},{"data":"1","floor":23,"key":"LIFT"},{"floor":29,"key":"REST"}],"path_taken":["M","?","?","?","?","E","?","R","T","?","?","?","$","M","R","BOSS","M","?","M","?","?","R","?","M","T","?","?","R","?","E"],"build_version":"2018-05-17","seed_source_timestamp":414613486948969,"purchased_purges":1,"victory":false,"master_deck":["Strike_B","Strike_B","Defend_B","Defend_B","Defend_B","Defend_B","Zap","Dualcast+1","Darkness","Streamline+1","Amplify","Injury","Streamline","Doom and Gloom","Buffer","Conserve Battery","BootSequence","Aggregate"],"max_hp_per_floor":[89,89,89,89,89,89,89,89,89,89,89,89,89,89,89,89,89,89,89,89,89,89,89,89,89,89,89,89,89,89,89],"relics":["Cracked Core","Bag of Marbles","The Courier","Girya","Juzu Bracelet","Inserter","Ornamental Fan","Nloth\u0027s Gift"],"card_choices":[{"not_picked":["Stack","Capacitor"],"picked":"Darkness","floor":1},{"not_picked":["BootSequence","Skim"],"picked":"Streamline","floor":3},{"not_picked":["Stack","Fusion"],"picked":"Amplify","floor":6},{"not_picked":["Axe Kick","Rebound"],"picked":"Streamline","floor":12},{"not_picked":["Stack","Skim"],"picked":"Doom and Gloom","floor":14},{"not_picked":["Hyperbeam","Creative AI"],"picked":"Buffer","floor":16},{"not_picked":["Coolheaded","Reinforced Body"],"picked":"Conserve Battery","floor":18},{"not_picked":["Skim","Sweeping Beam+1"],"picked":"BootSequence","floor":20},{"not_picked":["Leap","Coolheaded"],"picked":"Aggregate","floor":25}],"player_experience":290814,"potions_floor_usage":[6,14,16,20,25,25,25,31],"damage_taken":[{"damage":0,"enemies":"2 Louse","floor":1,"turns":3},{"damage":2,"enemies":"Small Slimes","floor":3,"turns":3},{"damage":20,"enemies":"Gremlin Nob","floor":6,"turns":4},{"damage":6,"enemies":"Cultist","floor":12,"turns":3},{"damage":0,"enemies":"Lots of Slimes","floor":14,"turns":3},{"damage":61,"enemies":"Hexaghost","floor":16,"turns":9},{"damage":20,"enemies":"Spheric Guardian","floor":18,"turns":4},{"damage":26,"enemies":"Shell Parasite","floor":20,"turns":8},{"damage":56,"enemies":"Chosen and Byrds","floor":25,"turns":9},{"damage":49,"enemies":"Slavers","floor":31,"turns":4}],"relics_obtained":[{"floor":6,"key":"Bag of Marbles"},{"floor":9,"key":"Lantern"},{"floor":10,"key":"The Courier"},{"floor":26,"key":"Ornamental Fan"}],"event_choices":[{"event_name":"The Cleric","player_choice":"Leave","floor":2,"damage_taken":0},{"event_name":"Golden Wing","player_choice":"Gained Gold","floor":5,"damage_taken":0},{"event_name":"Accursed Blacksmith","player_choice":"Forge","floor":7,"damage_taken":0},{"event_name":"Scrap Ooze","player_choice":"success","floor":11,"damage_taken":25},{"event_name":"Wheel of Change","player_choice":"Full Heal","floor":19,"damage_taken":0},{"event_name":"The Lab","player_choice":"Got Potions","floor":21,"damage_taken":0},{"event_name":"Beggar","player_choice":"Gave Gold","floor":22,"damage_taken":0},{"event_name":"Masked Bandits","player_choice":"Paid Bandits 76 gold","floor":27,"damage_taken":0},{"event_name":"Golden Shrine","player_choice":"Pray","floor":28,"damage_taken":0},{"event_name":"N\u0027loth","player_choice":"Traded a Lantern","floor":30,"damage_taken":0}],"boss_relics":[{"not_picked":["Snecko Eye","Tiny House"],"picked":"Inserter"}],"potions_floor_spawned":[3,12,14,16,25],"seed_played":"-4518357081496552038","killed_by":"Slavers","ascension_level":0,"potions_obtained":[{"floor":3,"key":"Strength Potion"},{"floor":12,"key":"FocusPotion"},{"floor":14,"key":"Energy Potion"},{"floor":16,"key":"Regen Potion"},{"floor":21,"key":"SteroidPotion"},{"floor":21,"key":"SpeedPotion"},{"floor":21,"key":"SteroidPotion"},{"floor":25,"key":"Dexterity Potion"}],"is_trial":false}