{"gold_per_floor":[110,124,124,143,143,175,175,203,203,203,253,287,287,302,302,379,379,379,39,39,39,39,39,39,39,39,39,39,39,39,39,39,39,39,39,39,39,39,39,39,39,39,39,39,39,39,39,39,39,39,39,39,39,39,39,39],"floor_reached":57,"playtime":3474,"items_purged":["Strike_B"],"score":2775,"play_id":"8b135e9f-6fcd-4d42-9f39-ddb7fd2dfd5a","local_time":"20190527112341","is_ascension_mode":true,"campfire_choices":[{"data":"Ball Lightning","floor":7.0,"key":"SMITH"},{"data":"Hologram","floor":10.0,"key":"SMITH"},{"data":"Echo Form","floor":13.0,"key":"SMITH"},{"data":"Coolheaded","floor":15.0,"key":"SMITH"},{"floor":23.0,"key":"REST"},{"data":"Buffer","floor":25.0,"key":"SMITH"},{"floor":32.0,"key":"REST"},{"floor":41.0,"key":"RECALL"},{"floor":49.0,"key":"REST"},{"data":"Loop","floor":53.0,"key":"SMITH"}],"neow_cost":"NONE","seed_source_timestamp":1064004549922067,"circlet_count":0,"master_deck":["AscendersBane","Strike_B","Strike_B","Defend_B","Defend_B","Defend_B","Defend_B","Zap+1","Dualcast","Ball Lightning+1","Echo Form+1","Hologram+1","Coolheaded+1","Buffer+1","Genetic Algorithm","Coolheaded","Doom and Gloom","BootSequence+1","White Noise+1","White Noise+1","Glacier+1","Loop+1","Multi-Cast+1","Tempest+1","Glacier+1"],"special_seed":0,"relics":["Cracked Core","PreservedInsect","Meat on the Bone","Girya","Happy Flower","Bottled Tornado","Ectoplasm","Mercury Hourglass","Toxic Egg 2","Turnip","Oddly Smooth Stone","Kunai","Snecko Eye","Shuriken","Ornamental Fan","Mango","DataDisk","Torii"],"potions_floor_usage":[56,56,56,56],"damage_taken":[{"damage":8.0,"enemies":"2 Louse","floor":1.0,"turns":2.0},{"damage":0.0,"enemies":"Small Slimes","floor":2.0,"turns":3.0},{"damage":0.0,"enemies":"Cultist","floor":4.0,"turns":3.0},{"damage":11.0,"enemies":"3 Sentries","floor":6.0,"turns":5.0},{"damage":11.0,"enemies":"Lagavulin","floor":8.0,"turns":6.0},{"damage":4.0,"enemies":"Gremlin Nob","floor":12.0,"turns":3.0},{"damage":6.0,"enemies":"3 Louse","floor":14.0,"turns":3.0},{"damage":14.0,"enemies":"The Guardian","floor":16.0,"turns":10.0},{"damage":12.0,"enemies":"Shell Parasite","floor":18.0,"turns":7.0},{"damage":13.0,"enemies":"3 Byrds","floor":20.0,"turns":5.0},{"damage":2.0,"enemies":"Sentry and Sphere","floor":21.0,"turns":6.0},{"damage":24.0,"enemies":"Shelled Parasite and Fungi","floor":22.0,"turns":5.0},{"damage":28.0,"enemies":"Book of Stabbing","floor":24.0,"turns":4.0},{"damage":12.0,"enemies":"Gremlin Leader","floor":27.0,"turns":5.0},{"damage":16.0,"enemies":"Snecko","floor":28.0,"turns":5.0},{"damage":0.0,"enemies":"Centurion and Healer","floor":29.0,"turns":7.0},{"damage":13.0,"enemies":"Cultist and Chosen","floor":30.0,"turns":7.0},{"damage":10.0,"enemies":"Champ","floor":33.0,"turns":14.0},{"damage":27.0,"enemies":"3 Shapes","floor":35.0,"turns":4.0},{"damage":0.0,"enemies":"Orb Walker","floor":37.0,"turns":5.0},{"damage":0.0,"enemies":"Maw","floor":38.0,"turns":8.0},{"damage":13.0,"enemies":"Reptomancer","floor":40.0,"turns":7.0},{"damage":1.0,"enemies":"Nemesis","floor":42.0,"turns":7.0},{"damage":42.0,"enemies":"2 Orb Walkers","floor":45.0,"turns":6.0},{"damage":1.0,"enemies":"Reptomancer","floor":47.0,"turns":5.0},{"damage":0.0,"enemies":"Spire Growth","floor":48.0,"turns":7.0},{"damage":17.0,"enemies":"Donu and Deca","floor":50.0,"turns":16.0},{"damage":34.0,"enemies":"Time Eater","floor":51.0,"turns":13.0},{"damage":19.0,"enemies":"Shield and Spear","floor":55.0,"turns":9.0},{"damage":52,"enemies":"The Heart","floor":56,"turns":13}],"seed_played":"-8179670425165083467","potions_obtained":[{"floor":2.0,"key":"Swift Potion"},{"floor":8.0,"key":"SpeedPotion"},{"floor":14.0,"key":"Ancient Potion"},{"floor":20.0,"key":"Explosive Potion"},{"floor":21.0,"key":"LiquidBronze"},{"floor":24.0,"key":"EntropicBrew"},{"floor":33.0,"key":"Energy Potion"},{"floor":42.0,"key":"FocusPotion"}],"is_trial":false,"path_per_floor":["M","M","?","M","?","E","R","E","T","R","?","E","R","M","R","B",null,"M","$","M","M","M","R","E","R","T","E","M","M","M","T","R","B",null,"M","?","M","M","?","E","R","E","T","$","?","$","E","M","R","B","B",null,"R","$","E","B",null],"character_chosen":"DEFECT","items_purchased":["Mercury Hourglass"],"campfire_rested":3,"item_purchase_floors":[19],"current_hp_per_floor":[56,56,49,49,44,33,33,34,34,34,27,35,35,41,41,39,63,51,51,38,36,24,45,29,29,29,29,25,37,36,36,57,47,65,38,71,71,71,71,58,58,57,57,57,41,41,52,52,77,60,38,73,73,73,54,14],"gold":39,"neow_bonus":"UPGRADE_CARD","is_prod":false,"is_daily":false,"chose_seed":false,"campfire_upgraded":6,"win_rate":0,"timestamp":1558981421,"path_taken":["M","M","?","M","?","E","R","E","T","R","?","E","R","M","R","BOSS","M","$","M","M","M","R","E","R","T","E","M","M","M","?","R","BOSS","M","?","M","?","?","E","R","E","T","$","?","?","E","M","R","BOSS","BOSS","R","$","E","BOSS"],"build_version":"2019-01-23","purchased_purges":1,"victory":true,"max_hp_per_floor":[71,71,71,71,71,71,71,71,71,71,71,71,71,71,71,71,71,71,71,71,71,71,71,71,71,71,71,71,71,71,71,71,71,71,71,71,71,71,71,71,71,71,71,71,85,85,85,85,85,85,85,85,85,85,85,85],"card_choices":[{"not_picked":["Compile Driver","Conserve Battery"],"picked":"Cold Snap","floor":1.0},{"not_picked":["Hologram","Stack"],"picked":"Ball Lightning","floor":2.0},{"not_picked":["Rebound","Stack","Blizzard"],"picked":"SKIP","floor":4.0},{"not_picked":["Melter","Leap"],"picked":"Echo Form","floor":6.0},{"not_picked":["Tempest","Turbo"],"picked":"Hologram","floor":8.0},{"not_picked":["All For One","Streamline","Hologram"],"picked":"SKIP","floor":12.0},{"not_picked":["Scrape","Fusion"],"picked":"Coolheaded","floor":14.0},{"not_picked":["Creative AI","Meteor Strike"],"picked":"Buffer","floor":16.0},{"not_picked":["Gash+1","Steam"],"picked":"Genetic Algorithm","floor":18.0},{"not_picked":["Rebound","Sweeping Beam"],"picked":"Coolheaded","floor":20.0},{"not_picked":["Sweeping Beam","Streamline"],"picked":"Doom and Gloom","floor":21.0},{"not_picked":["Fusion","Go for the Eyes","Barrage"],"picked":"SKIP","floor":22.0},{"not_picked":["Chaos","Doom and Gloom"],"picked":"BootSequence","floor":24.0},{"not_picked":["Go for the Eyes","Fission+1"],"picked":"White Noise+1","floor":27.0},{"not_picked":["Redo+1","Rebound"],"picked":"White Noise+1","floor":28.0},{"not_picked":["Double Energy+1","Beam Cell"],"picked":"Glacier+1","floor":29.0},{"not_picked":["Cold Snap","Chaos+1"],"picked":"Loop","floor":30.0},{"not_picked":["Electrodynamics","Reboot+1"],"picked":"Multi-Cast+1","floor":33.0},{"not_picked":["Beam Cell","Turbo+1"],"picked":"Undo+1","floor":35.0},{"not_picked":["Gash","Double Energy+1","Ball Lightning"],"picked":"SKIP","floor":37.0},{"not_picked":["Aggregate+1","Conserve Battery+1"],"picked":"Tempest+1","floor":38.0},{"not_picked":["Machine Learning","Cold Snap","Scrape"],"picked":"SKIP","floor":40.0},{"not_picked":["Compile Driver","Steam+1","Sweeping Beam+1"],"picked":"SKIP","floor":42.0},{"not_picked":["Conserve Battery+1","Chaos+1"],"picked":"Glacier+1","floor":45.0},{"not_picked":["Gash","Turbo+1","Cold Snap+1"],"picked":"SKIP","floor":47.0},{"not_picked":["Compile Driver+1","Doom and Gloom","Cold Snap"],"picked":"SKIP","floor":48.0},{"not_picked":["Gash","Skim+1","Thunder Strike"],"picked":"SKIP","floor":55.0}],"player_experience":737871,"relics_obtained":[{"floor":6.0,"key":"Meat on the Bone"},{"floor":8.0,"key":"Girya"},{"floor":9.0,"key":"Happy Flower"},{"floor":12.0,"key":"Bottled Tornado"},{"floor":24.0,"key":"Toxic Egg 2"},{"floor":26.0,"key":"Turnip"},{"floor":27.0,"key":"Oddly Smooth Stone"},{"floor":31.0,"key":"Kunai"},{"floor":40.0,"key":"Shuriken"},{"floor":42.0,"key":"Ornamental Fan"},{"floor":45.0,"key":"Mango"},{"floor":47.0,"key":"DataDisk"},{"floor":55.0,"key":"Torii"}],"event_choices":[{"cards_removed":["Strike_B"],"damage_healed":0.0,"max_hp_gain":0.0,"max_hp_loss":0.0,"gold_gain":0.0,"event_name":"Golden Wing","player_choice":"Card Removal","floor":3.0,"gold_loss":0.0,"damage_taken":7.0},{"damage_healed":0.0,"max_hp_gain":0.0,"max_hp_loss":0.0,"gold_gain":0.0,"event_name":"Scrap Ooze","player_choice":"Success","floor":5.0,"gold_loss":0.0,"damage_taken":5.0,"relics_obtained":["PreservedInsect"]},{"damage_healed":0.0,"max_hp_gain":0.0,"max_hp_loss":0.0,"gold_gain":50.0,"event_name":"FaceTrader","player_choice":"Touch","floor":11.0,"gold_loss":0.0,"damage_taken":7.0},{"cards_removed":["Undo"],"damage_healed":33.0,"max_hp_gain":0.0,"max_hp_loss":0.0,"gold_gain":0.0,"event_name":"Bonfire Elementals","player_choice":"Offered Uncommon","floor":36.0,"gold_loss":0.0,"damage_taken":0.0},{"cards_removed":["Cold Snap"],"damage_healed":0.0,"max_hp_gain":0.0,"max_hp_loss":0.0,"gold_gain":0.0,"event_name":"Falling","player_choice":"Removed Attack","floor":39.0,"gold_loss":0.0,"damage_taken":0.0},{"damage_healed":0.0,"max_hp_gain":0.0,"max_hp_loss":0.0,"gold_gain":0.0,"event_name":"Mysterious Sphere","player_choice":"Fight","floor":45.0,"gold_loss":0.0,"damage_taken":0.0}],"is_beta":false,"boss_relics":[{"not_picked":["Lizard Tail","White Beast Statue"],"picked":"Ectoplasm"},{"not_picked":["Philosopher\u0027s Stone","Runic Dome"],"picked":"Snecko Eye"}],"items_purged_floors":[19],"is_endless":false,"potions_floor_spawned":[2,8,14,20,21,24,33,37,38,42],"ascension_level":20}