{"gold_per_floor":[117,132,132,132,82,123,123,123,123,123,163,177,177,177],"floor_reached":14,"playtime":736,"items_purged":[],"score":115,"play_id":"c0600a7d-4469-4654-afe5-9749665687f9","local_time":"20181017084057","is_ascension_mode":true,"campfire_choices":[{"floor":7,"key":"REST"},{"floor":10,"key":"REST"}],"neow_cost":"TEN_PERCENT_HP_LOSS","seed_source_timestamp":523477758054200,"circlet_count":0,"master_deck":["Strike_B","Strike_B","Strike_B","Defend_B","Defend_B","Defend_B","Zap","Dualcast","Rainbow","Coolheaded","Capacitor","Reprogram","Conserve Battery","Doom and Gloom"],"relics":["Cracked Core","Golden Idol","CultistMask","Ancient Tea Set","Shuriken","Centennial Puzzle"],"potions_floor_usage":[6,14],"damage_taken":[{"damage":4,"enemies":"Cultist","floor":1,"turns":3},{"damage":3,"enemies":"2 Louse","floor":2,"turns":3},{"damage":27,"enemies":"Lagavulin","floor":6,"turns":8},{"damage":53,"enemies":"Gremlin Nob","floor":11,"turns":6},{"damage":3,"enemies":"Jaw Worm","floor":12,"turns":4},{"damage":2,"enemies":"2 Fungi Beasts","floor":14,"turns":2}],"seed_played":"7299769955238676448","potions_obtained":[{"floor":1,"key":"EssenceOfSteel"},{"floor":11,"key":"SpeedPotion"}],"is_trial":false,"path_per_floor":["M","M","?","?","?","E","R","?","T","R","E","M","?"],"character_chosen":"DEFECT","items_purchased":[],"campfire_rested":2,"item_purchase_floors":[],"current_hp_per_floor":[64,61,44,44,44,17,37,37,37,57,4,1,1,0],"gold":177,"neow_bonus":"THREE_RARE_CARDS","is_prod":false,"is_daily":false,"chose_seed":false,"campfire_upgraded":0,"win_rate":0,"timestamp":1539754857,"path_taken":["M","?","?","?","?","E","R","?","T","R","E","?","?","M"],"build_version":"2018-10-11","purchased_purges":0,"victory":false,"max_hp_per_floor":[68,68,68,68,68,68,68,68,68,68,68,68,68,68],"card_choices":[{"not_picked":["Fission","Biased Cognition"],"picked":"Rainbow","floor":0},{"not_picked":["Aggregate","Streamline","Turbo"],"picked":"SKIP","floor":1},{"not_picked":["Hologram","Darkness"],"picked":"Coolheaded","floor":2},{"not_picked":["Conserve Battery","Leap"],"picked":"Capacitor","floor":6},{"not_picked":["Coolheaded","Steam"],"picked":"Conserve Battery","floor":11},{"not_picked":["Tempest","Sunder"],"picked":"Doom and Gloom","floor":12}],"player_experience":437950,"relics_obtained":[{"floor":6,"key":"Ancient Tea Set"},{"floor":9,"key":"Shuriken"},{"floor":11,"key":"Centennial Puzzle"}],"event_choices":[{"event_name":"Golden Idol","player_choice":"Take Damage","floor":3,"damage_taken":0},{"event_name":"FaceTrader","player_choice":"Trade","floor":4,"damage_taken":0},{"event_name":"The Cleric","player_choice":"Card Removal","floor":5,"damage_taken":0},{"event_name":"Transmorgrifier","player_choice":"Transform","floor":8,"damage_taken":0},{"event_name":"Scrap Ooze","player_choice":"unsuccessful","floor":13,"damage_taken":0}],"is_beta":false,"boss_relics":[],"items_purged_floors":[],"is_endless":false,"potions_floor_spawned":[1,11],"killed_by":"2 Fungi Beasts","ascension_level":4}