{"gold_per_floor":[118,118,69,88,88,88,120,120,144,144,319,332,346,376,376,376],"floor_reached":16,"playtime":396,"items_purged":[],"score":151,"play_id":"9c3a4400-7a5b-404c-ab04-f7628bd8c273","local_time":"20180830105857","is_ascension_mode":true,"campfire_choices":[{"data":"Pommel Strike","floor":6,"key":"SMITH"},{"floor":8,"key":"REST"},{"floor":10,"key":"REST"},{"floor":15,"key":"REST"}],"neow_cost":"TEN_PERCENT_HP_LOSS","seed_source_timestamp":274706681392296,"circlet_count":0,"master_deck":["Strike_R","Strike_R","Strike_R","Strike_R+1","Defend_R","Defend_R+1","Defend_R","Thunderclap","Pommel Strike+1","Doubt","Cleave","Bloodletting"],"relics":["Burning Blood","Matryoshka","Oddly Smooth Stone","Pen Nib","StoneCalendar"],"potions_floor_usage":[12,13,14],"damage_taken":[{"damage":7,"enemies":"Small Slimes","floor":1,"turns":4},{"damage":2,"enemies":"Jaw Worm","floor":4,"turns":5},{"damage":32,"enemies":"Lagavulin","floor":7,"turns":5},{"damage":0,"enemies":"Cultist","floor":12,"turns":2},{"damage":0,"enemies":"Exordium Thugs","floor":13,"turns":2},{"damage":38,"enemies":"Gremlin Nob","floor":14,"turns":5},{"damage":71,"enemies":"Slime Boss","floor":16,"turns":6}],"seed_played":"8860892773860003672","potions_obtained":[{"floor":1,"key":"Explosive Potion"},{"floor":12,"key":"AttackPotion"},{"floor":13,"key":"Dexterity Potion"}],"is_trial":false,"path_per_floor":["M","?","$","M","?","R","E","R","T","R","?","M","M","E","R"],"character_chosen":"IRONCLAD","items_purchased":["Thunderclap"],"campfire_rested":3,"item_purchase_floors":[3],"current_hp_per_floor":[71,64,64,68,54,54,28,49,49,70,70,72,72,40,61,0],"gold":376,"neow_bonus":"REMOVE_TWO","is_prod":false,"is_daily":false,"chose_seed":false,"campfire_upgraded":1,"win_rate":0,"timestamp":1535615937,"path_taken":["M","?","?","?","?","R","E","R","T","R","?","?","M","E","R","BOSS"],"build_version":"2018-08-23v2","purchased_purges":0,"victory":false,"max_hp_per_floor":[72,72,72,72,72,72,72,72,72,72,72,72,72,72,72,72],"card_choices":[{"not_picked":["Iron Wave","Rupture","Armaments"],"picked":"SKIP","floor":1},{"not_picked":["Ghostly Armor","Armaments"],"picked":"Pommel Strike","floor":4},{"not_picked":["Thunderclap","Hemokinesis","True Grit"],"picked":"SKIP","floor":7},{"not_picked":["Armaments","Body Slam"],"picked":"Cleave","floor":12},{"not_picked":["Battle Trance","Anger"],"picked":"Bloodletting","floor":13},{"not_picked":["Anger","Body Slam","Dual Wield"],"picked":"SKIP","floor":14}],"player_experience":351165,"relics_obtained":[{"floor":7,"key":"Matryoshka"},{"floor":9,"key":"Oddly Smooth Stone"},{"floor":9,"key":"Pen Nib"},{"floor":14,"key":"StoneCalendar"}],"event_choices":[{"event_name":"Golden Wing","player_choice":"Card Removal","floor":2,"damage_taken":0},{"event_name":"Shining Light","player_choice":"Entered Light","floor":5,"damage_taken":0},{"event_name":"Liars Game","player_choice":"agreed","floor":11,"damage_taken":0}],"is_beta":false,"boss_relics":[],"items_purged_floors":[],"is_endless":false,"potions_floor_spawned":[1,12,13],"killed_by":"Slime Boss","ascension_level":8}