{"path_per_floor":["M","$","?","M","M","R","E","?","T","R","M","R","M","M","R","B",null,"M","?","T","M"],"character_chosen":"IRONCLAD","items_purchased":[],"gold_per_floor":[119,44,219,236,254,254,289,289,369,369,382,382,402,415,415,517,517,532,532,557,532,532],"floor_reached":22,"campfire_rested":1,"playtime":1205,"current_hp_per_floor":[80,80,80,63,66,66,36,36,36,36,34,34,40,34,58,41,80,67,52,59,43,0],"items_purged":["Defend_R"],"gold":532,"score":205,"play_id":"d8b313aa-d5db-4b23-b1ac-05d9d7df84f5","local_time":"20180330082406","is_prod":false,"is_daily":false,"is_ascension_mode":true,"campfire_upgraded":3,"timestamp":1522387446,"path_taken":["M","$","?","M","M","R","E","?","T","R","M","R","M","M","R","BOSS","M","?","?","M","?"],"build_version":"2018-03-29","purchased_purges":1,"victory":false,"master_deck":["Strike_R","Strike_R","Strike_R","Strike_R","Strike_R","Defend_R","Defend_R","Bash","Shrug It Off+1","Doubt","Flex+1","Infernal Blade+1","Intimidate","Metallicize","Limit Break","Shockwave"],"max_hp_per_floor":[80,80,80,80,80,80,80,80,80,80,80,80,80,80,80,80,80,80,85,92,92,92],"relics":["Burning Blood","Pantograph","Bottled Lightning","Sozu","Strawberry"],"card_choices":[{"not_picked":["Heavy Blade","Blood for Blood"],"picked":"Shrug It Off","floor":0},{"not_picked":["Thunderclap","Anger"],"picked":"Flex","floor":5},{"not_picked":["Flex","Disarm"],"picked":"Infernal Blade","floor":7},{"not_picked":["Warcry","Anger"],"picked":"Intimidate","floor":13},{"not_picked":["Juggernaut","Battle Trance"],"picked":"Metallicize","floor":14},{"not_picked":["Exhume","Berserk"],"picked":"Limit Break","floor":16},{"not_picked":["Shrug It Off","Warcry"],"picked":"Shockwave","floor":21}],"player_experience":146118,"potions_floor_usage":[7,13,13,16,18],"damage_taken":[{"damage":2,"enemies":"2 Louse","floor":1,"turns":3},{"damage":23,"enemies":"Jaw Worm","floor":4,"turns":7},{"damage":3,"enemies":"Cultist","floor":5,"turns":4},{"damage":36,"enemies":"Lagavulin","floor":7,"turns":7},{"damage":8,"enemies":"Blue Slaver","floor":11,"turns":2},{"damage":0,"enemies":"3 Louse","floor":13,"turns":2},{"damage":12,"enemies":"Exordium Thugs","floor":14,"turns":3},{"damage":45,"enemies":"Slime Boss","floor":16,"turns":17},{"damage":19,"enemies":"Shell Parasite","floor":18,"turns":5},{"damage":22,"enemies":"2 Thieves","floor":21,"turns":5},{"damage":59,"enemies":"3 Cultists","floor":22,"turns":6}],"event_choices":[{"event_name":"Liars Game","player_choice":"agreed","floor":3,"damage_taken":0},{"event_name":"Wheel of Change","player_choice":"Card Removal","floor":8,"damage_taken":0},{"event_name":"Forgotten Altar","player_choice":"Shed Blood","floor":19,"damage_taken":0}],"boss_relics":[{"not_picked":["Philosopher\u0027s Stone","Runic Pyramid"],"picked":"Sozu"}],"potions_floor_spawned":[4,5,11,14,16],"seed_played":"-4949391053428755229","killed_by":"3 Cultists","ascension_level":2,"is_trial":false}