{"path_per_floor":["M","?","?","M","M","R","E","M","T","?","M","M","$","M","R","B",null,"M","?","$","M","T","E","?","R","T","R","E","M","M","$","R"],"character_chosen":"DEFECT","items_purchased":["Genetic Algorithm","Bandage Up","Singing Bowl"],"gold_per_floor":[114,114,64,84,100,100,130,148,174,174,193,209,134,144,144,244,244,257,282,145,156,156,190,190,190,190,190,219,235,246,8,8,8],"floor_reached":33,"campfire_rested":4,"playtime":1625,"item_purchase_floors":[20,31,31],"current_hp_per_floor":[61,61,61,60,56,56,44,43,43,43,40,34,34,34,58,32,80,57,57,57,25,25,9,9,33,33,57,41,38,6,6,32,0],"items_purged":["Strike_B","Defend_B"],"gold":8,"score":316,"play_id":"0105f722-7663-4a8e-a1b5-2dcdbbc3f75a","local_time":"20180621132043","is_prod":false,"is_daily":false,"chose_seed":false,"is_ascension_mode":true,"campfire_upgraded":1,"win_rate":0,"timestamp":1529576443,"campfire_choices":[{"data":"Zap","floor":6,"key":"SMITH"},{"floor":15,"key":"REST"},{"floor":25,"key":"REST"},{"floor":27,"key":"REST"},{"floor":32,"key":"REST"}],"path_taken":["M","?","?","M","M","R","E","?","T","?","M","?","$","M","R","BOSS","M","?","?","M","?","E","?","R","T","R","E","M","?","$","R","BOSS"],"build_version":"2018-06-14v2","seed_source_timestamp":539881427298276,"purchased_purges":2,"victory":false,"master_deck":["Strike_B","Defend_B","Defend_B","Defend_B","Zap+1","Dualcast","Force Field","Go for the Eyes","All For One","Conserve Battery","Sweeping Beam","Gash","Echo Form","Beam Cell","Lockon+1","Genetic Algorithm","Go for the Eyes+1","Beam Cell+1","Bandage Up"],"max_hp_per_floor":[75,75,75,75,75,75,75,75,75,75,80,80,80,80,80,80,80,80,80,80,80,80,80,80,80,80,80,80,80,80,80,82,82],"relics":["Cracked Core","DataDisk","Anchor","Philosopher\u0027s Stone","Red Mask","Symbiotic Virus","Dream Catcher","Potion Belt","Oddly Smooth Stone","Singing Bowl"],"card_choices":[{"not_picked":["Coolheaded","Compile Driver","Turbo"],"picked":"SKIP","floor":1},{"not_picked":["Consume","Stack"],"picked":"Force Field","floor":4},{"not_picked":["Coolheaded","Turbo"],"picked":"Go for the Eyes","floor":5},{"not_picked":["Scrape","Recycle"],"picked":"All For One","floor":7},{"not_picked":["Reinforced Body","Stack"],"picked":"Conserve Battery","floor":8},{"not_picked":["BootSequence","Glacier"],"picked":"Sweeping Beam","floor":11},{"not_picked":["Conserve Battery","Leap"],"picked":"Gash","floor":12},{"not_picked":["Redo","Capacitor","Recycle"],"picked":"SKIP","floor":14},{"not_picked":["Fission","All For One"],"picked":"Echo Form","floor":16},{"not_picked":["Compile Driver","Stack+1"],"picked":"Beam Cell","floor":18},{"not_picked":["Aggregate","Coolheaded+1"],"picked":"Lockon+1","floor":19},{"not_picked":["Stack+1","Streamline","Lockon+1"],"picked":"SKIP","floor":21},{"not_picked":["Turbo","Stack"],"picked":"Go for the Eyes+1","floor":23},{"not_picked":["Core Surge","Leap+1"],"picked":"Beam Cell+1","floor":25},{"not_picked":["Coolheaded+1","Steam","Auto Shields"],"picked":"SKIP","floor":28},{"not_picked":["Beam Cell","Storm","Rip and Tear"],"picked":"SKIP","floor":29},{"not_picked":["Stack","Rip and Tear","Hologram"],"picked":"SKIP","floor":30},{"not_picked":["Stack+1","Sweeping Beam","Chill"],"picked":"Singing Bowl","floor":32}],"player_experience":284947,"potions_floor_usage":[7,7,11,11,14,14,19,21,28,29],"damage_taken":[{"damage":14,"enemies":"Small Slimes","floor":1,"turns":2},{"damage":1,"enemies":"Cultist","floor":4,"turns":4},{"damage":4,"enemies":"Jaw Worm","floor":5,"turns":4},{"damage":12,"enemies":"Lagavulin","floor":7,"turns":7},{"damage":1,"enemies":"2 Fungi Beasts","floor":8,"turns":3},{"damage":8,"enemies":"Large Slime","floor":11,"turns":7},{"damage":6,"enemies":"Exordium Thugs","floor":12,"turns":4},{"damage":0,"enemies":"Gremlin Gang","floor":14,"turns":3},{"damage":26,"enemies":"Slime Boss","floor":16,"turns":9},{"damage":23,"enemies":"Spheric Guardian","floor":18,"turns":4},{"damage":0,"floor":19,"turns":2},{"damage":32,"enemies":"Shell Parasite","floor":21,"turns":5},{"damage":16,"enemies":"Book of Stabbing","floor":23,"turns":4},{"damage":16,"enemies":"Slavers","floor":28,"turns":5},{"damage":3,"enemies":"Snake Plant","floor":29,"turns":3},{"damage":32,"enemies":"3 Cultists","floor":30,"turns":6},{"damage":48,"enemies":"Collector","floor":33,"turns":6}],"relics_obtained":[{"floor":7,"key":"DataDisk"},{"floor":9,"key":"Anchor"},{"floor":19,"key":"Red Mask"},{"floor":22,"key":"Symbiotic Virus"},{"floor":23,"key":"Dream Catcher"},{"floor":26,"key":"Potion Belt"},{"floor":28,"key":"Oddly Smooth Stone"}],"event_choices":[{"event_name":"Bonfire Elementals","player_choice":"BASIC","floor":2,"damage_taken":0},{"event_name":"The Cleric","player_choice":"Card Removal","floor":3,"damage_taken":0},{"event_name":"The Lab","player_choice":"Got Potions","floor":10,"damage_taken":0},{"event_name":"Masked Bandits","player_choice":"Fought over 257 gold","floor":19,"damage_taken":0},{"event_name":"Ghosts","player_choice":"Ignored","floor":24,"damage_taken":0}],"boss_relics":[{"not_picked":["Orrery","White Beast Statue"],"picked":"Philosopher\u0027s Stone"}],"items_purged_floors":[13,20],"is_endless":false,"potions_floor_spawned":[4,5,11,12,16,23,28],"seed_played":"-7430745258512269965","killed_by":"Collector","ascension_level":2,"potions_obtained":[{"floor":4,"key":"FocusPotion"},{"floor":5,"key":"SpeedPotion"},{"floor":10,"key":"LiquidBronze"},{"floor":10,"key":"Fruit Juice"},{"floor":10,"key":"GamblersBrew"},{"floor":11,"key":"EssenceOfSteel"},{"floor":12,"key":"SteroidPotion"},{"floor":16,"key":"Dexterity Potion"},{"floor":23,"key":"SkillPotion"},{"floor":28,"key":"AttackPotion"}],"is_trial":false}