{"gold_per_floor":[114,39,54,69,84,84,84,84,84,92,107,122,174,204,204,304,304,319,334,334,334,349,349,364,364,389,419,18,33,48,48,48,148,148,163,178,193,208,38,38,68,83,108,108,108,123,83,98,98,98],"floor_reached":50,"playtime":5300,"items_purged":["Strike_B","Clumsy","Strike_B"],"score":548,"play_id":"9bf05082-ce53-449d-afff-fd0dd70d79ca","local_time":"20180718015815","daily_mods":["Heirloom","Uncertain Future","Binary"],"is_ascension_mode":false,"campfire_choices":[{"data":"Recycle","floor":6.0,"key":"SMITH"},{"data":"Gash","floor":8.0,"key":"SMITH"},{"floor":15.0,"key":"REST"},{"floor":23.0,"key":"REST"},{"data":"Reprogram","floor":25.0,"key":"SMITH"},{"floor":32.0,"key":"REST"},{"floor":40,"key":"REST"},{"data":"Gash","floor":45,"key":"SMITH"},{"data":"Gash","floor":49,"key":"SMITH"}],"neow_cost":"","seed_source_timestamp":0,"circlet_count":0,"master_deck":["Strike_B","Defend_B","Defend_B","Defend_B","Defend_B","Zap","Dualcast","Recycle+1","Gash+1","Gash+1","Gash+1","Skim","Reprogram+1","Conserve Battery","FTL","Seek+1","Meteor Strike","Loop","Leap+1","Streamline+1","Gash+1","Redo+1","Seek+1","All For One","Redo+1","Doubt","Gash+1"],"special_seed":17730,"relics":["Cracked Core","Unceasing Top","Whetstone","Odd Mushroom","Bronze Scales","Toxic Egg 2","Nuclear Battery","Anchor","Vajra","Bottled Lightning","Black Star","Juzu Bracelet","Boot","Centennial Puzzle"],"potions_floor_usage":[38,38,46,46,48,50,50],"damage_taken":[{"damage":3.0,"enemies":"Small Slimes","floor":1.0,"turns":3.0},{"damage":7.0,"enemies":"2 Louse","floor":3.0,"turns":3.0},{"damage":1.0,"enemies":"Jaw Worm","floor":4.0,"turns":3.0},{"damage":7.0,"enemies":"Blue Slaver","floor":5.0,"turns":3.0},{"damage":14.0,"floor":10.0,"turns":3.0},{"damage":0.0,"enemies":"Large Slime","floor":11.0,"turns":3.0},{"damage":5.0,"enemies":"3 Louse","floor":12.0,"turns":4.0},{"damage":12.0,"enemies":"3 Sentries","floor":13.0,"turns":4.0},{"damage":7.0,"enemies":"3 Sentries","floor":14.0,"turns":5.0},{"damage":28.0,"enemies":"The Guardian","floor":16.0,"turns":7.0},{"damage":0.0,"enemies":"Shell Parasite","floor":18.0,"turns":3.0},{"damage":13.0,"enemies":"2 Thieves","floor":19.0,"turns":3.0},{"damage":18.0,"enemies":"Snake Plant","floor":22.0,"turns":3.0},{"damage":9.0,"enemies":"3 Cultists","floor":24.0,"turns":5.0},{"damage":38.0,"enemies":"Gremlin Leader","floor":27.0,"turns":6.0},{"damage":6.0,"enemies":"Snecko","floor":29.0,"turns":4.0},{"damage":0.0,"enemies":"Centurion and Healer","floor":30.0,"turns":3.0},{"damage":3.0,"enemies":"Champ","floor":33.0,"turns":4.0},{"damage":13.0,"enemies":"3 Darklings","floor":35.0,"turns":2.0},{"damage":0.0,"enemies":"Orb Walker","floor":36.0,"turns":1.0},{"damage":13,"enemies":"4 Shapes","floor":37,"turns":2},{"damage":16,"enemies":"Spire Growth","floor":38,"turns":3},{"damage":47,"enemies":"Nemesis","floor":41,"turns":7},{"damage":0,"enemies":"Transient","floor":42,"turns":5},{"damage":5,"enemies":"Sphere and 2 Shapes","floor":46,"turns":3},{"damage":0,"enemies":"4 Shapes","floor":48,"turns":4},{"damage":84,"enemies":"Time Eater","floor":50,"turns":5}],"seed_played":"-3893125077617489196","potions_obtained":[{"floor":1.0,"key":"Regen Potion"},{"floor":5.0,"key":"Block Potion"},{"floor":10.0,"key":"GamblersBrew"},{"floor":12.0,"key":"Poison Potion"},{"floor":13.0,"key":"SkillPotion"},{"floor":24.0,"key":"SpeedPotion"},{"floor":27.0,"key":"FearPotion"},{"floor":30.0,"key":"Regen Potion"},{"floor":33.0,"key":"FearPotion"},{"floor":37,"key":"LiquidBronze"},{"floor":38,"key":"Explosive Potion"},{"floor":42,"key":"AttackPotion"},{"floor":47,"key":"SpeedPotion"},{"floor":47,"key":"SteroidPotion"},{"floor":47,"key":"Explosive Potion"}],"is_trial":false,"path_per_floor":["M","$","M","M","M","R","?","R","T","?","M","M","?","E","R","B",null,"M","M","?","?","M","R","M","R","T","E","$","M","M","?","R","B",null,"M","M","M","M","$","R","E","M","T","?","R","M","?","M","R"],"character_chosen":"DEFECT","items_purchased":["Bottled Lightning","Gash","Redo+1"],"campfire_rested":4,"item_purchase_floors":[28,28,39],"current_hp_per_floor":[72,72,65,64,62,62,62,62,62,48,48,43,31,24,46,18,75,75,62,48,48,30,54,45,45,45,7,7,1,1,1,25,34,80,67,67,54,38,38,62,15,15,15,80,80,75,75,75,75,0],"gold":98,"neow_bonus":"","is_prod":false,"is_daily":true,"chose_seed":false,"campfire_upgraded":5,"win_rate":0.0,"timestamp":1531897095,"path_taken":["M","$","M","M","M","R","?","R","T","?","M","M","?","E","R","BOSS","M","M","?","?","M","R","M","R","T","E","$","M","M","?","R","BOSS","M","M","M","?","$","R","E","M","T","?","R","M","?","M","R","BOSS"],"build_version":"2018-07-12","purchased_purges":3,"victory":false,"max_hp_per_floor":[75,75,75,75,75,75,75,75,75,75,75,75,75,75,75,75,75,75,75,80,80,80,80,80,80,80,80,80,80,80,80,80,80,80,80,80,80,80,80,80,80,80,80,80,80,80,80,80,80,80],"card_choices":[{"not_picked":["Darkness"],"picked":"Recycle","floor":1.0},{"not_picked":["Heatsinks"],"picked":"Gash","floor":3.0},{"not_picked":["BootSequence"],"picked":"Gash","floor":4.0},{"not_picked":["Steam"],"picked":"Gash","floor":5.0},{"not_picked":["Self Repair"],"picked":"Skim","floor":10.0},{"not_picked":["Double Energy"],"picked":"Reprogram","floor":11.0},{"not_picked":["Redo"],"picked":"Conserve Battery","floor":12.0},{"not_picked":["Coolheaded"],"picked":"FTL","floor":13.0},{"not_picked":["Beam Cell"],"picked":"Seek","floor":14.0},{"not_picked":["Buffer"],"picked":"Meteor Strike","floor":16.0},{"not_picked":["Turbo+1"],"picked":"Loop","floor":18.0},{"not_picked":["Cold Snap","Sweeping Beam"],"picked":"SKIP","floor":19.0},{"not_picked":["Leap+1"],"picked":"Streamline+1","floor":22.0},{"not_picked":["Recycle+1","Darkness+1"],"picked":"SKIP","floor":24.0},{"not_picked":["Consume+1","Recycle+1"],"picked":"SKIP","floor":27.0},{"not_picked":["Static Discharge"],"picked":"Redo+1","floor":29.0},{"not_picked":["Blizzard","Sweeping Beam"],"picked":"SKIP","floor":30.0},{"not_picked":["Machine Learning"],"picked":"All For One","floor":33.0},{"not_picked":["Ball Lightning","Darkness+1"],"picked":"SKIP","floor":35.0},{"not_picked":["Leap+1","Steam+1"],"picked":"SKIP","floor":36},{"not_picked":["Cold Snap+1","Rebound"],"picked":"SKIP","floor":37},{"not_picked":["Cold Snap","Sweeping Beam"],"picked":"SKIP","floor":38},{"not_picked":["Auto Shields+1","Genetic Algorithm+1"],"picked":"SKIP","floor":41},{"not_picked":["Meteor Strike","Conserve Battery+1"],"picked":"SKIP","floor":42},{"not_picked":["Hologram+1","Sweeping Beam+1"],"picked":"SKIP","floor":46},{"not_picked":["Stack+1"],"picked":"Gash","floor":48}],"player_experience":61769,"relics_obtained":[{"floor":9.0,"key":"Whetstone"},{"floor":10.0,"key":"Odd Mushroom"},{"floor":13.0,"key":"Bronze Scales"},{"floor":14.0,"key":"Toxic Egg 2"},{"floor":26.0,"key":"Anchor"},{"floor":27.0,"key":"Vajra"},{"floor":41,"key":"Juzu Bracelet"},{"floor":41,"key":"Boot"},{"floor":43,"key":"Centennial Puzzle"}],"event_choices":[{"event_name":"Living Wall","player_choice":"Forget","floor":7.0,"damage_taken":0.0},{"event_name":"Mushrooms","player_choice":"Fought Mushrooms","floor":10.0,"damage_taken":0.0},{"event_name":"Dead Adventurer","player_choice":"Searched \u00271\u0027 times","floor":13.0,"damage_taken":0.0},{"event_name":"Forgotten Altar","player_choice":"Shed Blood","floor":20.0,"damage_taken":0.0},{"event_name":"Match and Keep!","player_choice":"2 cards matched","floor":21.0,"damage_taken":0.0},{"event_name":"Match and Keep!","player_choice":"2 cards matched","floor":21.0,"damage_taken":0.0},{"event_name":"Duplicator","player_choice":"One dupe","floor":31.0,"damage_taken":0.0},{"event_name":"MindBloom","player_choice":"Heal","floor":44,"damage_taken":0},{"event_name":"The Woman in Blue","player_choice":"Bought 3 Potions","floor":47,"damage_taken":0}],"boss_relics":[{"not_picked":["Runic Pyramid","Coffee Dripper"],"picked":"Nuclear Battery"},{"not_picked":["Velvet Choker","Inserter"],"picked":"Black Star"}],"items_purged_floors":[2,28,39],"is_endless":false,"potions_floor_spawned":[1,5,10,12,13,24,27,30,33,37,38,42],"killed_by":"Time Eater","ascension_level":0}