{"gold_per_floor":[113,113,38,57,232,232,266,266,290,163,163,176,176,195,195,299,299,315,5,19,30,30,30,56,56,56,72,22,22,48,48,48,144,144,164,164,164,179,526,526,545,570,644,655,655,270,303,23,23,23],"floor_reached":50,"playtime":2113,"items_purged":["Strike_G","Defend_G","Pain","Strike_G","Doubt","Defend_G"],"score":734,"play_id":"d65ba0f6-2322-42a1-a908-9aca3688f603","local_time":"20190711193915","is_ascension_mode":false,"campfire_choices":[{"data":"All Out Attack","floor":6,"key":"SMITH"},{"data":"Bouncing Flask","floor":13,"key":"SMITH"},{"floor":15,"key":"RECALL"},{"data":"Footwork","floor":23,"key":"SMITH"},{"data":"Backflip","floor":25,"key":"SMITH"},{"data":"Corpse Explosion","floor":32,"key":"SMITH"},{"data":"Adrenaline","floor":40,"key":"SMITH"},{"floor":49,"key":"REST"}],"neow_cost":"NONE","seed_source_timestamp":18933351199784,"circlet_count":0,"master_deck":["Defend_G","Defend_G","Survivor","Neutralize+1","All Out Attack+1","Backstab","PiercingWail","Bouncing Flask+1","Escape Plan","Corpse Explosion+1","Backflip+1","Terror+1","Footwork+1","Backflip","Acrobatics","Ghostly","Ghostly","Ghostly+1","Ghostly","Ghostly","Adrenaline+1","Expertise+1","Slice+1","Sucker Punch+1","Madness+1","Madness","Catalyst+1","Blur+1","Setup+1","Backflip+1","Caltrops","Discovery"],"relics":["Ring of the Snake","NeowsBlessing","FossilizedHelix","Smiling Mask","WarpedTongs","Sozu","Mummified Hand","Boot","Snake Skull","Kunai","Astrolabe","Old Coin","PreservedInsect","Darkstone Periapt","Letter Opener","Mercury Hourglass","Pear","War Paint"],"potions_floor_usage":[16,21],"damage_taken":[{"damage":0,"enemies":"2 Louse","floor":1,"turns":1},{"damage":0,"enemies":"Cultist","floor":4,"turns":1},{"damage":0,"enemies":"3 Sentries","floor":7,"turns":1},{"damage":0,"enemies":"Small Slimes","floor":12,"turns":3},{"damage":4,"enemies":"Blue Slaver","floor":14,"turns":3},{"damage":42,"enemies":"Hexaghost","floor":16,"turns":10},{"damage":1,"enemies":"3 Byrds","floor":18,"turns":2},{"damage":0,"enemies":"Shell Parasite","floor":20,"turns":5},{"damage":0,"enemies":"Snake Plant","floor":21,"turns":4},{"damage":0,"enemies":"Gremlin Leader","floor":24,"turns":6},{"damage":0,"enemies":"Sentry and Sphere","floor":27,"turns":6},{"damage":1,"enemies":"Slavers","floor":30,"turns":4},{"damage":0,"enemies":"Collector","floor":33,"turns":9},{"damage":0,"enemies":"3 Shapes","floor":35,"turns":2},{"damage":8,"enemies":"3 Darklings","floor":38,"turns":3},{"damage":3,"enemies":"2 Orb Walkers","floor":39,"turns":4},{"damage":0,"enemies":"Sphere and 2 Shapes","floor":41,"turns":4},{"damage":12,"enemies":"Reptomancer","floor":42,"turns":8},{"damage":0,"enemies":"Maw","floor":44,"turns":7},{"damage":0,"enemies":"Nemesis","floor":47,"turns":7},{"damage":44,"enemies":"Time Eater","floor":50,"turns":11}],"seed_played":"9018782729910340751","potions_obtained":[{"floor":1,"key":"PowerPotion"},{"floor":16,"key":"SpeedPotion"}],"is_trial":false,"path_per_floor":["M","?","$","M","?","R","E","?","T","$","?","M","R","M","R","B",null,"M","$","M","M","?","R","E","R","T","M","$","?","E","T","R","B",null,"M","?","?","M","?","R","M","E","T","M","T","$","E","$","R","B"],"character_chosen":"THE_SILENT","items_purchased":["Bouncing Flask","Mummified Hand","Caltrops","Mercury Hourglass","War Paint","Discovery"],"campfire_rested":1,"item_purchase_floors":[10,19,46,46,48,48],"current_hp_per_floor":[70,70,70,70,70,70,70,70,70,70,70,70,70,66,66,24,70,69,69,69,69,70,70,70,70,70,70,70,35,34,34,34,34,35,35,35,31,23,20,20,20,8,8,8,8,8,18,18,31,0],"gold":23,"neow_bonus":"THREE_ENEMY_KILL","is_prod":false,"is_daily":false,"chose_seed":false,"campfire_upgraded":6,"win_rate":0,"timestamp":1562866755,"path_taken":["M","?","$","?","?","R","E","?","T","$","?","?","R","M","R","BOSS","M","$","M","M","?","R","E","R","T","M","$","?","E","?","R","BOSS","M","?","?","M","?","R","?","E","T","?","?","$","E","$","R","BOSS"],"build_version":"2019-07-05","purchased_purges":6,"victory":false,"max_hp_per_floor":[70,70,70,70,70,70,70,70,70,70,70,70,70,70,70,70,70,70,70,70,70,70,70,70,70,70,70,70,35,35,35,35,35,35,35,35,35,35,35,35,35,35,35,35,35,35,45,45,45,45],"card_choices":[{"not_picked":["Flying Knee","Quick Slash"],"picked":"All Out Attack","floor":1},{"not_picked":["PiercingWail","Quick Slash"],"picked":"Backstab","floor":4},{"not_picked":["Quick Slash","Distraction"],"picked":"PiercingWail","floor":7},{"not_picked":["Sucker Punch","Dagger Throw"],"picked":"Escape Plan","floor":12},{"not_picked":["Dagger Spray","Accuracy","Dagger Throw"],"picked":"SKIP","floor":14},{"not_picked":["Envenom","Venomology"],"picked":"Corpse Explosion","floor":16},{"not_picked":["Dodge and Roll","Dash+1"],"picked":"Backflip","floor":18},{"not_picked":["Accuracy","Poisoned Stab+1"],"picked":"Terror+1","floor":20},{"not_picked":["Quick Slash","Backflip+1"],"picked":"Footwork","floor":21},{"not_picked":["Venomology","Cloak And Dagger+1"],"picked":"Backflip","floor":24},{"not_picked":["Crippling Poison","Distraction+1"],"picked":"Acrobatics","floor":27},{"not_picked":["Riddle With Holes","Eviscerate","Dagger Throw"],"picked":"SKIP","floor":30},{"not_picked":["Phantasmal Killer","Venomology"],"picked":"Adrenaline","floor":33},{"not_picked":["Slice+1","Masterful Stab","Deadly Poison"],"picked":"SKIP","floor":35},{"not_picked":["Bane+1","Quick Slash"],"picked":"Catalyst+1","floor":38},{"not_picked":["Quick Slash","Flying Knee+1"],"picked":"Blur+1","floor":39},{"not_picked":["Skewer+1","Dagger Throw+1"],"picked":"Setup+1","floor":41},{"not_picked":["Leg Sweep+1","Dagger Spray"],"picked":"Backflip+1","floor":42},{"not_picked":["Venomology","Deflect","PiercingWail"],"picked":"SKIP","floor":44},{"not_picked":["Blade Dance+1","Deadly Poison","Expertise"],"picked":"SKIP","floor":47}],"player_experience":84897,"relics_obtained":[{"floor":7,"key":"FossilizedHelix"},{"floor":9,"key":"Smiling Mask"},{"floor":24,"key":"Boot"},{"floor":30,"key":"Snake Skull"},{"floor":31,"key":"Kunai"},{"floor":39,"key":"Old Coin"},{"floor":42,"key":"PreservedInsect"},{"floor":43,"key":"Darkstone Periapt"},{"floor":45,"key":"Letter Opener"},{"floor":47,"key":"Pear"}],"event_choices":[{"damage_healed":0,"gold_gain":0,"player_choice":"Upgraded","damage_taken":0,"max_hp_gain":0,"max_hp_loss":0,"event_name":"Upgrade Shrine","floor":2,"gold_loss":0,"cards_upgraded":["Neutralize"]},{"damage_healed":0,"gold_gain":175,"player_choice":"AGREE","damage_taken":0,"max_hp_gain":0,"max_hp_loss":0,"event_name":"Liars Game","floor":5,"gold_loss":0,"cards_obtained":["Doubt"]},{"cards_removed":["Strike_G"],"damage_healed":0,"gold_gain":0,"player_choice":"Forget","damage_taken":0,"max_hp_gain":0,"max_hp_loss":0,"event_name":"Living Wall","floor":8,"gold_loss":0},{"damage_healed":0,"gold_gain":0,"player_choice":"Rummage","damage_taken":0,"relics_obtained":["WarpedTongs"],"max_hp_gain":0,"max_hp_loss":0,"event_name":"Accursed Blacksmith","floor":11,"gold_loss":0,"cards_obtained":["Pain"]},{"damage_healed":1,"gold_gain":0,"player_choice":"Full Heal","damage_taken":0,"max_hp_gain":0,"max_hp_loss":0,"event_name":"Wheel of Change","floor":22,"gold_loss":0},{"damage_healed":0,"gold_gain":0,"player_choice":"Became a Ghost","damage_taken":0,"max_hp_gain":0,"max_hp_loss":35,"event_name":"Ghosts","floor":29,"gold_loss":0,"cards_obtained":["Ghostly","Ghostly","Ghostly","Ghostly","Ghostly"]},{"damage_healed":0,"gold_gain":0,"player_choice":"Ignored","damage_taken":0,"max_hp_gain":0,"max_hp_loss":0,"event_name":"Tomb of Lord Red Mask","floor":36,"gold_loss":0},{"damage_healed":0,"gold_gain":0,"player_choice":"Embrace Madness","damage_taken":4,"max_hp_gain":0,"max_hp_loss":0,"event_name":"Winding Halls","floor":37,"gold_loss":0,"cards_obtained":["Madness","Madness"]},{"damage_healed":0,"gold_gain":0,"player_choice":"Fight","damage_taken":0,"max_hp_gain":0,"max_hp_loss":0,"event_name":"Mysterious Sphere","floor":39,"gold_loss":0}],"is_beta":false,"boss_relics":[{"not_picked":["Black Star","Velvet Choker"],"picked":"Sozu"},{"not_picked":["Busted Crown","White Beast Statue"],"picked":"Astrolabe"}],"items_purged_floors":[3,10,19,28,46,48],"is_endless":false,"potions_floor_spawned":[1,16,20,21,35,38,44],"killed_by":"Time Eater","ascension_level":0}