{"gold_per_floor":[117,117,42,54,67,67,84,118,118,118,129,149,114,114,114,215,215,215,215,215,215,215,215,215,215,215,215,215,215,215,215,215,215,215,215,215,215,215,215,215,215,21,21,21,21,21,21,21,21,21],"floor_reached":50,"playtime":2542,"items_purged":["Defend_B"],"score":491,"play_id":"70535d53-248f-470f-a9cc-9484fd985acd","local_time":"20190710230843","is_ascension_mode":false,"campfire_choices":[{"data":"Zap","floor":6,"key":"SMITH"},{"data":"Loop","floor":10,"key":"SMITH"},{"data":"Conserve Battery","floor":15,"key":"SMITH"},{"data":"Double Energy","floor":23,"key":"SMITH"},{"data":"RitualDagger","floor":25,"key":"SMITH"},{"data":"Coolheaded","floor":32,"key":"SMITH"},{"data":"Amplify","floor":40,"key":"SMITH"},{"floor":44,"key":"RECALL"},{"data":"Capacitor","floor":46,"key":"SMITH"},{"data":"Machine Learning","floor":49,"key":"SMITH"}],"neow_cost":"PERCENT_DAMAGE","seed_source_timestamp":35898080671291,"circlet_count":0,"master_deck":["Defend_B","Zap+1","Dualcast","Loop+1","Capacitor+1","Cold Snap","Conserve Battery+1","FTL+1","Machine Learning+1","Double Energy+1","RitualDagger+1","Bite","Bite","Bite","Bite","Bite","Hello World+1","Coolheaded+1","Auto Shields+1","Amplify+1","Chill+1","Machine Learning","Beam Cell+1","Buffer","Conserve Battery+1"],"relics":["FrozenCore","Thread and Needle","Singing Bowl","Strawberry","Ectoplasm","Bronze Scales","Mango","Smiling Mask","Pantograph"],"potions_floor_usage":[8,12,16,16,18,29,33,38,41,47],"damage_taken":[{"damage":3,"enemies":"2 Louse","floor":1,"turns":2},{"damage":0,"enemies":"Cultist","floor":4,"turns":3},{"damage":8,"enemies":"Small Slimes","floor":5,"turns":4},{"damage":10,"enemies":"Exordium Wildlife","floor":7,"turns":5},{"damage":8,"enemies":"Gremlin Nob","floor":8,"turns":4},{"damage":0,"enemies":"Large Slime","floor":11,"turns":5},{"damage":7,"enemies":"Lots of Slimes","floor":12,"turns":2},{"damage":9,"enemies":"The Guardian","floor":16,"turns":8},{"damage":0,"enemies":"Chosen","floor":18,"turns":5},{"damage":11,"enemies":"Spheric Guardian","floor":21,"turns":4},{"damage":19,"enemies":"Cultist and Chosen","floor":22,"turns":6},{"damage":8,"enemies":"Centurion and Healer","floor":27,"turns":6},{"damage":7,"enemies":"Snake Plant","floor":28,"turns":5},{"damage":41,"enemies":"Slavers","floor":29,"turns":6},{"damage":5,"enemies":"Cultist and Chosen","floor":30,"turns":5},{"damage":38,"enemies":"Collector","floor":33,"turns":12},{"damage":14,"enemies":"3 Darklings","floor":35,"turns":6},{"damage":0,"enemies":"3 Shapes","floor":36,"turns":6},{"damage":34,"enemies":"Transient","floor":38,"turns":5},{"damage":25,"enemies":"Writhing Mass","floor":39,"turns":12},{"damage":10,"enemies":"Maw","floor":41,"turns":9},{"damage":10,"enemies":"Transient","floor":47,"turns":5},{"damage":105,"enemies":"Awakened One","floor":50,"turns":7}],"seed_played":"5111653882675985112","potions_obtained":[{"floor":4,"key":"SpeedPotion"},{"floor":5,"key":"SteroidPotion"},{"floor":8,"key":"Explosive Potion"},{"floor":11,"key":"Strength Potion"},{"floor":12,"key":"PowerPotion"},{"floor":16,"key":"PowerPotion"},{"floor":18,"key":"Fire Potion"},{"floor":21,"key":"AttackPotion"},{"floor":29,"key":"SkillPotion"},{"floor":33,"key":"Regen Potion"},{"floor":39,"key":"Ancient Potion"},{"floor":41,"key":"AttackPotion"}],"is_trial":false,"path_per_floor":["M","?","$","M","M","R","M","E","T","R","M","M","?","?","R","B",null,"M","?","?","M","M","R","?","R","T","M","M","E","M","T","R","B",null,"M","M","?","M","M","R","M","$","T","R","$","R","M","$","R","B"],"character_chosen":"DEFECT","items_purchased":["Loop","Buffer"],"campfire_rested":0,"item_purchase_floors":[3,42],"current_hp_per_floor":[51,51,51,53,45,45,35,34,34,34,36,29,50,33,33,24,86,86,80,60,55,43,43,43,43,43,55,60,41,46,46,46,38,80,77,82,82,57,52,52,75,75,75,75,75,75,71,71,71,0],"gold":21,"neow_bonus":"ONE_RARE_RELIC","is_prod":false,"is_daily":false,"chose_seed":false,"campfire_upgraded":9,"win_rate":0,"timestamp":1562792923,"path_taken":["M","?","$","?","M","R","M","E","T","R","M","?","?","?","R","BOSS","M","?","?","M","M","R","?","R","T","?","M","E","M","?","R","BOSS","M","?","?","M","M","R","M","?","T","R","$","R","M","$","R","BOSS"],"build_version":"2019-07-05","purchased_purges":1,"victory":false,"max_hp_per_floor":[75,75,75,77,77,77,77,84,84,84,86,86,86,86,86,86,86,86,86,60,60,60,60,60,60,60,62,64,80,80,80,80,80,80,80,82,82,84,84,84,84,84,84,84,84,84,84,84,84,84],"card_choices":[{"not_picked":["Steam","Doom and Gloom"],"picked":"Coolheaded","floor":1},{"not_picked":["Blizzard","Sweeping Beam","Skim"],"picked":"Singing Bowl","floor":4},{"not_picked":["Redo","Static Discharge"],"picked":"Capacitor","floor":5},{"not_picked":["Stack","Glacier"],"picked":"Cold Snap","floor":7},{"not_picked":["Steam","Sweeping Beam"],"picked":"Conserve Battery","floor":8},{"not_picked":["Rebound","Tempest","Compile Driver"],"picked":"Singing Bowl","floor":11},{"not_picked":["Coolheaded","Skim"],"picked":"FTL","floor":12},{"not_picked":["Fission","Amplify"],"picked":"Machine Learning","floor":16},{"not_picked":["Go for the Eyes","Conserve Battery"],"picked":"Double Energy","floor":18},{"not_picked":["Turbo","Stack"],"picked":"Hello World+1","floor":21},{"not_picked":["Steam","Streamline"],"picked":"Coolheaded","floor":22},{"not_picked":["Sweeping Beam+1","Scrape","Redo"],"picked":"Singing Bowl","floor":27},{"not_picked":["Ball Lightning+1","Compile Driver","White Noise"],"picked":"Singing Bowl","floor":28},{"not_picked":["All For One","Darkness+1","Beam Cell"],"picked":"Singing Bowl","floor":29},{"not_picked":["Conserve Battery","Cold Snap"],"picked":"Auto Shields+1","floor":30},{"not_picked":["All For One","Rainbow"],"picked":"Amplify","floor":33},{"not_picked":["Loop","Recycle+1"],"picked":"Chill+1","floor":35},{"not_picked":["Barrage","Scrape","Turbo+1"],"picked":"Singing Bowl","floor":36},{"not_picked":["Hologram","Sweeping Beam","Capacitor"],"picked":"Singing Bowl","floor":38},{"not_picked":["Stack+1","Rebound"],"picked":"Machine Learning","floor":39},{"not_picked":["Turbo","Cold Snap"],"picked":"Beam Cell+1","floor":41},{"not_picked":["Hologram","Streamline+1"],"picked":"Conserve Battery+1","floor":47}],"player_experience":74928,"relics_obtained":[{"floor":8,"key":"Strawberry"},{"floor":26,"key":"Bronze Scales"},{"floor":29,"key":"Mango"},{"floor":31,"key":"Smiling Mask"},{"floor":43,"key":"Pantograph"}],"event_choices":[{"cards_removed":["Coolheaded"],"damage_healed":0,"gold_gain":0,"player_choice":"Gave Card","damage_taken":0,"relics_obtained":["Singing Bowl"],"max_hp_gain":0,"max_hp_loss":0,"event_name":"WeMeetAgain","floor":2,"gold_loss":0},{"damage_healed":21,"gold_gain":0,"player_choice":"Healed","damage_taken":0,"max_hp_gain":0,"max_hp_loss":0,"event_name":"The Cleric","floor":13,"gold_loss":35},{"damage_healed":0,"gold_gain":0,"player_choice":"Entered Light","damage_taken":17,"max_hp_gain":0,"max_hp_loss":0,"event_name":"Shining Light","floor":14,"gold_loss":0,"cards_upgraded":["Strike_B","FTL"]},{"damage_healed":0,"gold_gain":0,"player_choice":"Joined the Cult","damage_taken":6,"max_hp_gain":0,"max_hp_loss":0,"event_name":"Nest","floor":19,"gold_loss":0,"cards_obtained":["RitualDagger"]},{"damage_healed":0,"gold_gain":0,"player_choice":"Became a vampire","damage_taken":0,"max_hp_gain":0,"max_hp_loss":26,"event_name":"Vampires","floor":20,"gold_loss":0,"cards_obtained":["Bite","Bite","Bite","Bite","Bite"]},{"cards_removed":["Defend_B"],"damage_healed":0,"gold_gain":0,"player_choice":"Purged","damage_taken":0,"max_hp_gain":0,"max_hp_loss":0,"event_name":"Purifier","floor":24,"gold_loss":0},{"cards_removed":["Defend_B"],"damage_healed":0,"gold_gain":0,"player_choice":"Purged","damage_taken":0,"max_hp_gain":0,"max_hp_loss":0,"event_name":"Purifier","floor":37,"gold_loss":0}],"is_beta":false,"boss_relics":[{"not_picked":["White Beast Statue","Pandora\u0027s Box"],"picked":"Ectoplasm"},{"not_picked":["Inserter","Velvet Choker"],"picked":"FrozenCore"}],"items_purged_floors":[42],"is_endless":false,"potions_floor_spawned":[4,5,8,11,12,16,18,21,27,29,33,39,41],"killed_by":"Awakened One","ascension_level":0}