{"gold_per_floor":[116,116,132,132,182,211,229,241,241,241,256,291,306,152,152,231,231,247,297,297,347,363,363,373,373,373,383,149,179,179,189,189,263,263,282,0,100,119,119,119],"floor_reached":40,"playtime":1423,"items_purged":[],"score":728,"play_id":"32adcbc1-0e87-4c73-9d95-2bb38ea8c321","local_time":"20190702204224","is_ascension_mode":true,"campfire_choices":[{"data":"Entrench","floor":10,"key":"SMITH"},{"data":"Mayhem","floor":15,"key":"SMITH"},{"floor":23,"key":"REST"},{"data":"Flame Barrier","floor":25,"key":"SMITH"},{"floor":32,"key":"REST"}],"neow_cost":"NONE","seed_source_timestamp":46960750226200,"circlet_count":0,"master_deck":["AscendersBane","Strike_R","Strike_R","Strike_R","Strike_R","Defend_R","Defend_R","Defend_R","Defend_R","Bash","Pommel Strike","Pommel Strike","Entrench+1","Cleave","Flame Barrier+1","Spot Weakness","Mayhem+1","Juggernaut","Metallicize","Fiend Fire"],"relics":["Burning Blood","Bag of Marbles","Meat on the Bone","The Courier","Mercury Hourglass","Happy Flower","Busted Crown","Kunai","Pear","Sozu","Red Mask","StoneCalendar"],"potions_floor_usage":[6,8,16,22,31,37],"damage_taken":[{"damage":4,"enemies":"2 Louse","floor":1,"turns":3},{"damage":7,"enemies":"Small Slimes","floor":3,"turns":3},{"damage":40,"enemies":"Lagavulin","floor":6,"turns":5},{"damage":1,"enemies":"Cultist","floor":7,"turns":3},{"damage":11,"enemies":"Exordium Wildlife","floor":8,"turns":4},{"damage":9,"enemies":"Blue Slaver","floor":11,"turns":4},{"damage":25,"enemies":"3 Sentries","floor":12,"turns":6},{"damage":0,"enemies":"3 Louse","floor":13,"turns":1},{"damage":46,"enemies":"Hexaghost","floor":16,"turns":8},{"damage":12,"enemies":"Chosen","floor":18,"turns":3},{"damage":5,"enemies":"Shell Parasite","floor":22,"turns":4},{"damage":20,"enemies":"3 Cultists","floor":24,"turns":4},{"damage":19,"enemies":"Snecko","floor":27,"turns":5},{"damage":40,"enemies":"Book of Stabbing","floor":29,"turns":5},{"damage":17,"enemies":"Shelled Parasite and Fungi","floor":31,"turns":4},{"damage":70,"enemies":"Automaton","floor":33,"turns":10},{"damage":18,"enemies":"3 Darklings","floor":35,"turns":4},{"damage":26,"enemies":"Mind Bloom Boss Battle","floor":37,"turns":7},{"damage":13,"enemies":"Orb Walker","floor":38,"turns":4},{"damage":58,"enemies":"Giant Head","floor":40,"turns":6}],"seed_played":"5291521151385429969","potions_obtained":[{"floor":1,"key":"Dexterity Potion"},{"floor":7,"key":"Block Potion"},{"floor":13,"key":"GamblersBrew"},{"floor":16,"key":"Weak Potion"},{"floor":29,"key":"SpeedPotion"},{"floor":33,"key":"Poison Potion"}],"is_trial":false,"path_per_floor":["M","?","M","?","?","E","M","M","T","R","M","E","M","$","R","B",null,"M","?","?","?","M","R","M","R","T","M","$","E","?","M","R","B",null,"M","?","?","M","$","E"],"character_chosen":"IRONCLAD","items_purchased":["Mayhem","Metallicize","Kunai"],"campfire_rested":2,"item_purchase_floors":[14,28,28],"current_hp_per_floor":[70,59,58,58,51,29,46,53,53,53,50,43,49,49,49,21,62,56,56,35,35,48,72,58,58,58,57,57,45,45,46,73,21,73,61,61,53,58,58,0],"gold":119,"neow_bonus":"RANDOM_COMMON_RELIC","is_prod":false,"is_daily":false,"chose_seed":false,"campfire_upgraded":3,"win_rate":0,"timestamp":1562089344,"path_taken":["M","?","M","?","?","E","?","M","T","R","M","E","M","$","R","BOSS","M","?","?","?","M","R","M","R","T","?","?","E","?","M","R","BOSS","M","?","?","M","?","E"],"build_version":"2019-07-01","purchased_purges":0,"victory":false,"max_hp_per_floor":[75,75,75,75,75,75,75,75,75,75,75,75,75,75,75,75,75,75,75,80,80,80,80,80,80,80,80,80,90,90,90,90,90,90,90,90,90,90,90,90],"card_choices":[{"not_picked":["Dual Wield","Wild Strike"],"picked":"Pommel Strike","floor":1},{"not_picked":["Sword Boomerang","Perfected Strike"],"picked":"Pommel Strike","floor":3},{"not_picked":["Seeing Red","Dropkick"],"picked":"Entrench","floor":6},{"not_picked":["Heavy Blade","Warcry"],"picked":"Cleave","floor":7},{"not_picked":["Brutality","Clash"],"picked":"Flame Barrier","floor":8},{"not_picked":["Clothesline","Iron Wave","Armaments"],"picked":"SKIP","floor":11},{"not_picked":["Fire Breathing","Thunderclap","Shrug It Off"],"picked":"SKIP","floor":12},{"not_picked":["Carnage","Corruption"],"picked":"Spot Weakness","floor":13},{"not_picked":["Barricade","Exhume"],"picked":"Juggernaut","floor":16},{"not_picked":["Evolve"],"picked":"SKIP","floor":18},{"not_picked":["Ghostly Armor"],"picked":"SKIP","floor":22},{"not_picked":["Sever Soul"],"picked":"SKIP","floor":24},{"not_picked":["Headbutt"],"picked":"SKIP","floor":27},{"not_picked":["Havoc"],"picked":"SKIP","floor":29},{"not_picked":["Clothesline"],"picked":"SKIP","floor":31},{"not_picked":[],"picked":"Fiend Fire","floor":33},{"not_picked":["Clothesline"],"picked":"SKIP","floor":35},{"not_picked":["True Grit"],"picked":"SKIP","floor":38}],"player_experience":639475,"relics_obtained":[{"floor":6,"key":"The Courier"},{"floor":9,"key":"Mercury Hourglass"},{"floor":12,"key":"Happy Flower"},{"floor":29,"key":"Pear"},{"floor":37,"key":"StoneCalendar"}],"event_choices":[{"damage_healed":0,"gold_gain":0,"player_choice":"Success","damage_taken":11,"relics_obtained":["Meat on the Bone"],"max_hp_gain":0,"max_hp_loss":0,"event_name":"Scrap Ooze","floor":2,"gold_loss":0},{"cards_removed":["Strike_R"],"damage_healed":0,"gold_gain":0,"player_choice":"Forget","damage_taken":0,"max_hp_gain":0,"max_hp_loss":0,"event_name":"Living Wall","floor":4,"gold_loss":0},{"damage_healed":0,"gold_gain":50,"player_choice":"Touch","damage_taken":7,"max_hp_gain":0,"max_hp_loss":0,"event_name":"FaceTrader","floor":5,"gold_loss":0},{"damage_healed":0,"gold_gain":50,"player_choice":"Stole From Cult","damage_taken":0,"max_hp_gain":0,"max_hp_loss":0,"event_name":"Nest","floor":19,"gold_loss":0},{"damage_healed":0,"gold_gain":0,"player_choice":"Shed Blood","damage_taken":26,"max_hp_gain":5,"max_hp_loss":0,"event_name":"Forgotten Altar","floor":20,"gold_loss":0},{"damage_healed":0,"gold_gain":100,"player_choice":"Bet on Murderer","damage_taken":0,"max_hp_gain":0,"max_hp_loss":0,"event_name":"The Joust","floor":21,"gold_loss":50},{"damage_healed":0,"gold_gain":0,"player_choice":"Ignored","damage_taken":0,"max_hp_gain":0,"max_hp_loss":0,"event_name":"Ghosts","floor":30,"gold_loss":0},{"damage_healed":0,"gold_gain":0,"player_choice":"Paid","damage_taken":0,"relics_obtained":["Red Mask"],"max_hp_gain":0,"max_hp_loss":0,"event_name":"Tomb of Lord Red Mask","floor":36,"gold_loss":282},{"damage_healed":0,"gold_gain":0,"player_choice":"Fight","damage_taken":0,"max_hp_gain":0,"max_hp_loss":0,"event_name":"MindBloom","floor":37,"gold_loss":0}],"is_beta":false,"boss_relics":[{"not_picked":["Calling Bell","Fusion Hammer"],"picked":"Busted Crown"},{"not_picked":["White Beast Statue","Black Blood"],"picked":"Sozu"}],"items_purged_floors":[],"is_endless":false,"potions_floor_spawned":[1,7,13,16,29,33,35,38],"killed_by":"Giant Head","ascension_level":15}