{"gold_per_floor":[112,122,122,122,132,207,223,223,291,301,52,52],"floor_reached":12,"playtime":285,"items_purged":[],"score":112,"play_id":"878aec24-efbd-4179-82af-71b59da54360","local_time":"20190113100631","is_ascension_mode":true,"campfire_choices":[{"data":"Entrench","floor":8,"key":"SMITH"}],"neow_cost":"NONE","seed_source_timestamp":5751408880600,"circlet_count":0,"master_deck":["AscendersBane","Strike_R","Strike_R","Strike_R","Strike_R","Strike_R","Defend_R","Defend_R","Defend_R","Defend_R","Bash","Infernal Blade","Entrench+1","Regret","Clothesline","Intimidate"],"relics":["Burning Blood","NeowsBlessing","Bag of Preparation","Bag of Marbles","Frozen Egg 2","Gremlin Horn"],"potions_floor_usage":[7,10],"damage_taken":[{"damage":0,"enemies":"2 Louse","floor":1,"turns":1},{"damage":0,"enemies":"Small Slimes","floor":2,"turns":1},{"damage":0,"enemies":"Cultist","floor":5,"turns":1},{"damage":26,"enemies":"Gremlin Gang","floor":7,"turns":6},{"damage":30,"enemies":"Exordium Thugs","floor":10,"turns":6},{"damage":25,"enemies":"The Mushroom Lair","floor":12,"turns":4}],"seed_played":"2350512902396416023","potions_obtained":[{"floor":1,"key":"Strength Potion"},{"floor":5,"key":"Block Potion"}],"is_trial":false,"path_per_floor":["M","M","?","?","M","?","M","R","T","M","$","?"],"character_chosen":"IRONCLAD","items_purchased":["Gremlin Horn"],"campfire_rested":0,"item_purchase_floors":[11],"current_hp_per_floor":[78,80,73,73,79,68,48,48,48,24,24,0],"gold":52,"neow_bonus":"THREE_ENEMY_KILL","is_prod":false,"is_daily":false,"chose_seed":false,"campfire_upgraded":1,"win_rate":0,"timestamp":1547366791,"path_taken":["M","M","?","?","M","?","M","R","T","M","$","?"],"build_version":"2019-01-10","purchased_purges":0,"victory":false,"max_hp_per_floor":[80,80,80,80,80,80,80,80,80,80,80,80],"card_choices":[{"not_picked":["Twin Strike","Havoc"],"picked":"Infernal Blade","floor":1},{"not_picked":["Cleave","Body Slam"],"picked":"Entrench","floor":2},{"not_picked":["Havoc","Rupture"],"picked":"Clothesline","floor":5},{"not_picked":["Twin Strike","Thunderclap"],"picked":"Intimidate","floor":7},{"not_picked":["Battle Trance","Clothesline","Whirlwind"],"picked":"SKIP","floor":10}],"player_experience":481497,"relics_obtained":[{"floor":9,"key":"Frozen Egg 2"}],"event_choices":[{"damage_healed":0,"gold_gain":0,"player_choice":"Success","damage_taken":7,"relics_obtained":["Bag of Preparation"],"max_hp_gain":0,"max_hp_loss":0,"event_name":"Scrap Ooze","floor":3,"gold_loss":0},{"damage_healed":0,"gold_gain":0,"player_choice":"Box","damage_taken":0,"relics_obtained":["Bag of Marbles"],"max_hp_gain":0,"max_hp_loss":0,"event_name":"Big Fish","floor":4,"gold_loss":0,"cards_obtained":["Regret"]},{"damage_healed":0,"gold_gain":75,"player_choice":"Gather Gold","damage_taken":11,"max_hp_gain":0,"max_hp_loss":0,"event_name":"World of Goop","floor":6,"gold_loss":0},{"damage_healed":0,"gold_gain":0,"player_choice":"Fought Mushrooms","damage_taken":0,"max_hp_gain":0,"max_hp_loss":0,"event_name":"Mushrooms","floor":12,"gold_loss":0}],"is_beta":false,"boss_relics":[],"items_purged_floors":[],"is_endless":false,"potions_floor_spawned":[1,5],"killed_by":"The Mushroom Lair","ascension_level":12}