{"gold_per_floor":[117,134,134,150,150,150,185,185,185,213,231,2,2,18,18,18],"floor_reached":16,"playtime":691,"items_purged":["Defend_R"],"score":179,"play_id":"14bb7862-0ca6-43c3-9500-af99dce0a75a","local_time":"20180829105713","is_ascension_mode":true,"campfire_choices":[{"data":"Cleave","floor":6,"key":"SMITH"},{"floor":8,"key":"REST"},{"floor":15,"key":"REST"}],"neow_cost":"NONE","seed_source_timestamp":187908440511046,"circlet_count":0,"master_deck":["Strike_R+1","Strike_R","Strike_R","Strike_R","Strike_R","Defend_R","Defend_R","Defend_R","Bash","Bloodletting+1","Cleave+1","Impervious","Intimidate","Thunderclap"],"relics":["Burning Blood","Pear","Bag of Preparation","Darkstone Periapt","Anchor"],"potions_floor_usage":[7,16,16],"damage_taken":[{"damage":6,"enemies":"Cultist","floor":1,"turns":4},{"damage":8,"enemies":"Jaw Worm","floor":2,"turns":5},{"damage":5,"enemies":"Small Slimes","floor":4,"turns":6},{"damage":34,"enemies":"Gremlin Nob","floor":7,"turns":5},{"damage":41,"enemies":"3 Sentries","floor":10,"turns":6},{"damage":12,"enemies":"Looter","floor":11,"turns":3},{"damage":2,"enemies":"Exordium Wildlife","floor":14,"turns":2},{"damage":80,"enemies":"The Guardian","floor":16,"turns":14}],"seed_played":"1321667328572163949","potions_obtained":[{"floor":4,"key":"Weak Potion"},{"floor":11,"key":"SkillPotion"},{"floor":14,"key":"Regen Potion"}],"is_trial":false,"path_per_floor":["M","M","?","M","?","R","E","R","T","E","M","$","?","M","R"],"character_chosen":"IRONCLAD","items_purchased":["Anchor"],"campfire_rested":2,"item_purchase_floors":[12],"current_hp_per_floor":[80,78,78,79,61,61,43,72,72,37,31,31,31,35,64,0],"gold":18,"neow_bonus":"TEN_PERCENT_HP_BONUS","is_prod":false,"is_daily":false,"chose_seed":false,"campfire_upgraded":1,"win_rate":0,"timestamp":1535529433,"path_taken":["M","?","?","M","?","R","E","R","T","E","M","?","?","M","R","BOSS"],"build_version":"2018-08-23v2","purchased_purges":1,"victory":false,"max_hp_per_floor":[88,88,88,88,88,88,98,98,98,98,98,98,98,98,98,98],"card_choices":[{"not_picked":["Clothesline","Entrench","Twin Strike"],"picked":"SKIP","floor":1},{"not_picked":["Disarm","Clash"],"picked":"Bloodletting","floor":2},{"not_picked":["Iron Wave","Twin Strike"],"picked":"Cleave","floor":4},{"not_picked":["Reckless Charge","Body Slam"],"picked":"Impervious","floor":7},{"not_picked":["Spot Weakness","Metallicize"],"picked":"Intimidate","floor":10},{"not_picked":["Anger","Burning Pact"],"picked":"Thunderclap","floor":11},{"not_picked":["Havoc","Headbutt","Rage"],"picked":"SKIP","floor":14}],"player_experience":349399,"relics_obtained":[{"floor":7,"key":"Pear"},{"floor":9,"key":"Bag of Preparation"},{"floor":10,"key":"Darkstone Periapt"}],"event_choices":[{"event_name":"The Woman in Blue","player_choice":"Bought 0 Potions","floor":3,"damage_taken":0},{"event_name":"Shining Light","player_choice":"Entered Light","floor":5,"damage_taken":0},{"event_name":"The Cleric","player_choice":"Leave","floor":13,"damage_taken":0}],"is_beta":false,"boss_relics":[],"items_purged_floors":[12],"is_endless":false,"potions_floor_spawned":[4,11,14],"killed_by":"The Guardian","ascension_level":8}