{"gold_per_floor":[117,117,392,410,427,443,443,468,468,482,499,515,515,49,49,49],"floor_reached":16,"playtime":462,"items_purged":["Regret"],"score":166,"play_id":"ac625458-0c29-4302-8d3d-9e30d98c055c","local_time":"20181126143817","is_ascension_mode":true,"campfire_choices":[{"data":"Metallicize","floor":7,"key":"SMITH"},{"floor":13,"key":"REST"},{"floor":15,"key":"REST"}],"neow_cost":"NONE","seed_source_timestamp":26379268419200,"circlet_count":0,"master_deck":["AscendersBane","Strike_R+1","Strike_R","Strike_R","Strike_R","Strike_R","Defend_R","Defend_R","Defend_R","Defend_R+1","Bash","Cleave","Flex","Iron Wave","Metallicize+1","Spot Weakness","Heavy Blade","Iron Wave"],"relics":["Burning Blood","PreservedInsect","Lantern","Potion Belt","Pen Nib","Gremlin Horn"],"potions_floor_usage":[11,11],"damage_taken":[{"damage":0,"enemies":"2 Louse","floor":1,"turns":2},{"damage":12,"enemies":"Cultist","floor":4,"turns":4},{"damage":15,"enemies":"Small Slimes","floor":5,"turns":4},{"damage":15,"enemies":"Looter","floor":6,"turns":3},{"damage":20,"enemies":"Gremlin Nob","floor":8,"turns":4},{"damage":14,"enemies":"Exordium Wildlife","floor":10,"turns":6},{"damage":3,"enemies":"Red Slaver","floor":11,"turns":4},{"damage":15,"enemies":"Blue Slaver","floor":12,"turns":3},{"damage":59,"enemies":"Slime Boss","floor":16,"turns":9}],"seed_played":"6127785653228321479","potions_obtained":[{"floor":6,"key":"Dexterity Potion"},{"floor":10,"key":"Dexterity Potion"}],"is_trial":false,"path_per_floor":["M","?","?","M","M","M","R","E","T","M","M","M","R","$","R","B"],"character_chosen":"IRONCLAD","items_purchased":["Pen Nib","Gremlin Horn"],"campfire_rested":2,"item_purchase_floors":[14,14],"current_hp_per_floor":[78,62,62,56,47,38,38,24,24,16,19,10,34,34,58,0],"gold":49,"neow_bonus":"RANDOM_COMMON_RELIC","is_prod":false,"is_daily":false,"chose_seed":false,"campfire_upgraded":1,"win_rate":0,"timestamp":1543235897,"path_taken":["M","?","?","?","M","M","R","E","T","M","M","M","R","$","R","BOSS"],"build_version":"2018-11-15","purchased_purges":1,"victory":false,"max_hp_per_floor":[80,80,80,80,80,80,80,80,80,80,80,80,80,80,80,80],"card_choices":[{"not_picked":["Wild Strike","Hemokinesis"],"picked":"Cleave","floor":1},{"not_picked":["Iron Wave","Perfected Strike"],"picked":"Flex","floor":4},{"not_picked":["Body Slam","Feel No Pain"],"picked":"Iron Wave","floor":5},{"not_picked":["Rampage","Whirlwind"],"picked":"Metallicize","floor":6},{"not_picked":["Warcry","True Grit","Bloodletting"],"picked":"SKIP","floor":8},{"not_picked":["Rage","Flex"],"picked":"Spot Weakness","floor":10},{"not_picked":["Clothesline","Sever Soul"],"picked":"Heavy Blade","floor":11},{"not_picked":["Clothesline","Spot Weakness"],"picked":"Iron Wave","floor":12}],"player_experience":462789,"relics_obtained":[{"floor":8,"key":"Lantern"},{"floor":9,"key":"Potion Belt"}],"event_choices":[{"damage_healed":0,"gold_gain":0,"player_choice":"Entered Light","damage_taken":16,"max_hp_gain":0,"max_hp_loss":0,"event_name":"Shining Light","floor":2,"gold_loss":0,"cards_upgraded":["Strike_R","Defend_R"]},{"damage_healed":0,"gold_gain":275,"player_choice":"Desecrate","damage_taken":0,"max_hp_gain":0,"max_hp_loss":0,"event_name":"Golden Shrine","floor":3,"gold_loss":0,"cards_obtained":["Regret"]}],"is_beta":false,"boss_relics":[],"items_purged_floors":[14],"is_endless":false,"potions_floor_spawned":[6,10],"killed_by":"Slime Boss","ascension_level":12}