{"gold_per_floor":[10,23,95,109,121,121,137,137,161,189,202,263,294,206,206,306,306,320,245,264,264],"floor_reached":21,"playtime":903,"items_purged":[],"score":191,"play_id":"ce163357-94c4-4247-9c35-37cc9a4d1b97","local_time":"20190710192723","is_ascension_mode":false,"campfire_choices":[{"data":"Noxious Fumes","floor":6,"key":"SMITH"},{"data":"Neutralize","floor":8,"key":"SMITH"},{"data":"Bullet Time","floor":15,"key":"SMITH"}],"neow_cost":"NO_GOLD","seed_source_timestamp":24256574036786,"circlet_count":0,"master_deck":["Strike_G","Strike_G","Strike_G","Strike_G","Strike_G","Defend_G","Defend_G","Defend_G+1","Defend_G","Survivor","Neutralize+1","Noxious Fumes+1","Prepared","Leg Sweep","All Out Attack","Well Laid Plans","Corpse Explosion+1","Terror","Bullet Time+1","Madness","Phantasmal Killer","Prepared+1"],"relics":["Ring of the Snake","Pocketwatch","Ninja Scroll","Happy Flower","War Paint","Blood Vial","Black Star"],"potions_floor_usage":[10,13,18,21],"damage_taken":[{"damage":0,"enemies":"Cultist","floor":1,"turns":4},{"damage":1,"enemies":"2 Louse","floor":2,"turns":4},{"damage":0,"enemies":"Jaw Worm","floor":4,"turns":3},{"damage":0,"enemies":"Blue Slaver","floor":5,"turns":4},{"damage":0,"enemies":"Large Slime","floor":7,"turns":4},{"damage":5,"enemies":"Lagavulin","floor":10,"turns":8},{"damage":0,"enemies":"2 Fungi Beasts","floor":11,"turns":3},{"damage":5,"enemies":"3 Sentries","floor":13,"turns":5},{"damage":21,"enemies":"Hexaghost","floor":16,"turns":8},{"damage":16,"enemies":"3 Byrds","floor":18,"turns":4},{"damage":32,"enemies":"2 Thieves","floor":20,"turns":3},{"damage":36,"enemies":"Masked Bandits","floor":21,"turns":3}],"seed_played":"597371574209660542","potions_obtained":[{"floor":1,"key":"Dexterity Potion"},{"floor":4,"key":"Explosive Potion"},{"floor":10,"key":"Block Potion"},{"floor":13,"key":"Dexterity Potion"},{"floor":20,"key":"Energy Potion"}],"is_trial":false,"path_per_floor":["M","M","T","M","M","R","M","R","T","E","M","?","E","$","R","B",null,"M","?","M","?"],"character_chosen":"THE_SILENT","items_purchased":["Madness"],"campfire_rested":0,"item_purchase_floors":[14],"current_hp_per_floor":[70,69,69,69,69,69,69,69,69,64,64,64,59,59,59,40,70,54,54,24,0],"gold":264,"neow_bonus":"ONE_RARE_RELIC","is_prod":false,"is_daily":false,"chose_seed":false,"campfire_upgraded":3,"win_rate":0,"timestamp":1562779643,"path_taken":["M","M","?","?","?","R","M","R","T","E","M","?","E","$","R","BOSS","M","?","M","?"],"build_version":"2019-07-05","purchased_purges":0,"victory":false,"max_hp_per_floor":[70,70,70,70,70,70,70,70,70,70,70,70,70,70,70,70,70,70,70,70,70],"card_choices":[{"not_picked":["Dagger Spray","Flying Knee"],"picked":"Noxious Fumes","floor":1},{"not_picked":["Predator","Slice"],"picked":"Prepared","floor":2},{"not_picked":["Slice","Distraction"],"picked":"Leg Sweep","floor":4},{"not_picked":["Masterful Stab","Bane"],"picked":"All Out Attack","floor":5},{"not_picked":["Deadly Poison","Underhanded Strike"],"picked":"Well Laid Plans","floor":7},{"not_picked":["Deflect","Reflex"],"picked":"Corpse Explosion","floor":10},{"not_picked":["Poisoned Stab","PiercingWail"],"picked":"Terror","floor":11},{"not_picked":["Well Laid Plans","Quick Slash"],"picked":"Bullet Time","floor":13},{"not_picked":["Doppelganger","Glass Knife"],"picked":"Phantasmal Killer","floor":16},{"not_picked":["Expertise","Poisoned Stab"],"picked":"Prepared+1","floor":18},{"not_picked":["Dash","Sucker Punch+1","Bane"],"picked":"SKIP","floor":20}],"player_experience":63423,"relics_obtained":[{"floor":3,"key":"Ninja Scroll"},{"floor":9,"key":"Happy Flower"},{"floor":10,"key":"War Paint"},{"floor":13,"key":"Blood Vial"}],"event_choices":[{"damage_healed":0,"gold_gain":61,"player_choice":"Gained Gold","damage_taken":0,"max_hp_gain":0,"max_hp_loss":0,"event_name":"Golden Wing","floor":12,"gold_loss":0},{"cards_removed":["Defend_G"],"damage_healed":0,"gold_gain":0,"player_choice":"Gave Gold","damage_taken":0,"max_hp_gain":0,"max_hp_loss":0,"event_name":"Beggar","floor":19,"gold_loss":75},{"damage_healed":0,"gold_gain":0,"player_choice":"Fought Bandits","damage_taken":0,"max_hp_gain":0,"max_hp_loss":0,"event_name":"Masked Bandits","floor":21,"gold_loss":0}],"is_beta":false,"boss_relics":[{"not_picked":["Runic Dome","Empty Cage"],"picked":"Black Star"}],"items_purged_floors":[],"is_endless":false,"potions_floor_spawned":[1,4,10,13,20],"killed_by":"Masked Bandits","ascension_level":0}