{"gold_per_floor":[117,117,117,117,117,117,155,171,171,171,96,109,109,184,184,309,309,309],"floor_reached":18,"playtime":674,"items_purged":["Defend_R"],"score":226,"play_id":"bf2ea77f-46e5-4919-a009-d931dd49b491","local_time":"20180923110215","is_ascension_mode":true,"campfire_choices":[{"floor":6,"key":"REST"},{"floor":10,"key":"REST"},{"floor":13,"key":"REST"},{"floor":15,"key":"REST"}],"neow_cost":"NONE","seed_source_timestamp":178745218516995,"circlet_count":0,"master_deck":["Strike_R","Strike_R","Strike_R","Defend_R+1","Defend_R+1","Bash","Havoc","Shrug It Off","Uppercut","Barricade"],"relics":["Burning Blood","Bag of Preparation","Juzu Bracelet","Golden Idol","Blue Candle","Kunai","Empty Cage"],"potions_floor_usage":[16],"damage_taken":[{"damage":6,"enemies":"Small Slimes","floor":1,"turns":5},{"damage":58,"enemies":"Lagavulin","floor":7,"turns":8},{"damage":0,"enemies":"Cultist","floor":8,"turns":4},{"damage":2,"enemies":"2 Louse","floor":12,"turns":4},{"damage":67,"enemies":"The Guardian","floor":16,"turns":17},{"damage":38,"enemies":"3 Byrds","floor":18,"turns":6}],"seed_played":"-2973177331167395792","potions_obtained":[{"floor":1,"key":"FearPotion"},{"floor":7,"key":"GamblersBrew"},{"floor":12,"key":"PowerPotion"}],"is_trial":false,"path_per_floor":["M","?","?","?","?","R","E","M","T","R","$","M","R","?","R","B",null],"character_chosen":"IRONCLAD","items_purchased":[],"campfire_rested":4,"item_purchase_floors":[],"current_hp_per_floor":[72,72,52,52,36,60,8,14,14,38,38,42,66,55,79,18,65,27],"gold":309,"neow_bonus":"RANDOM_COMMON_RELIC","is_prod":false,"is_daily":false,"chose_seed":false,"campfire_upgraded":0,"win_rate":0,"timestamp":1537689735,"path_taken":["M","?","?","?","?","R","E","M","T","R","$","M","R","?","R","BOSS","M"],"build_version":"2018-09-20","purchased_purges":1,"victory":false,"max_hp_per_floor":[80,80,80,80,80,80,80,80,80,80,80,80,80,80,80,80,80,80],"card_choices":[{"not_picked":["Reckless Charge","Rupture"],"picked":"Havoc","floor":1},{"not_picked":["Thunderclap","Sword Boomerang","Fire Breathing"],"picked":"SKIP","floor":7},{"not_picked":["Armaments","Clothesline"],"picked":"Shrug It Off","floor":8},{"not_picked":["Headbutt","Anger"],"picked":"Uppercut","floor":12},{"not_picked":["Impervious","Juggernaut"],"picked":"Barricade","floor":16}],"player_experience":370066,"relics_obtained":[{"floor":7,"key":"Blue Candle"},{"floor":9,"key":"Kunai"}],"event_choices":[{"event_name":"WeMeetAgain","player_choice":"Potion","floor":2,"damage_taken":0},{"event_name":"Golden Idol","player_choice":"Take Damage","floor":3,"damage_taken":0},{"event_name":"Bonfire Elementals","player_choice":"BASIC","floor":4,"damage_taken":0},{"event_name":"Shining Light","player_choice":"Entered Light","floor":5,"damage_taken":0},{"event_name":"World of Goop","player_choice":"Gather Gold","floor":14,"damage_taken":0}],"is_beta":false,"boss_relics":[{"not_picked":["Lizard Tail","Velvet Choker"],"picked":"Empty Cage"}],"items_purged_floors":[11],"is_endless":false,"potions_floor_spawned":[1,7,12],"killed_by":"3 Byrds","ascension_level":9}