{"path_per_floor":["M","?","?","M","?","E","R","$","T","M","?","M","$","E","R"],"character_chosen":"DEFECT","items_purchased":["Meat on the Bone","FearPotion"],"gold_per_floor":[113,113,113,131,231,265,265,14,14,31,31,49,1,33,33,33],"floor_reached":16,"campfire_rested":2,"playtime":552,"item_purchase_floors":[8,13],"current_hp_per_floor":[30,30,30,28,28,3,25,25,25,36,36,48,48,40,62,0],"items_purged":[],"gold":33,"score":119,"play_id":"635c1da1-6c1d-47b6-86a5-0863ef1d71fd","local_time":"20180618215746","is_prod":false,"is_daily":false,"chose_seed":false,"is_ascension_mode":true,"campfire_upgraded":0,"win_rate":0,"timestamp":1529348266,"campfire_choices":[{"floor":7,"key":"REST"},{"floor":15,"key":"REST"}],"path_taken":["M","?","?","M","?","E","R","?","T","M","?","?","$","E","R","BOSS"],"build_version":"2018-06-14v2","seed_source_timestamp":312783964481414,"purchased_purges":0,"victory":false,"master_deck":["Strike_B","Strike_B","Strike_B","Defend_B","Defend_B","Defend_B","Zap","Dualcast","Blizzard","Go for the Eyes","Sweeping Beam","Gash+1","Beam Cell+1","Hyperbeam+1"],"max_hp_per_floor":[75,75,75,75,75,75,75,75,75,75,75,75,75,75,75,75],"relics":["Cracked Core","Unceasing Top","Molten Egg 2","Meat on the Bone","Anchor","Dodecahedron"],"card_choices":[{"not_picked":["Leap","Rebound","Turbo"],"picked":"SKIP","floor":1},{"not_picked":["Go for the Eyes","Steam"],"picked":"Sweeping Beam","floor":4},{"not_picked":["Glacier","Leap"],"picked":"Gash","floor":6},{"not_picked":["Consume","Heatsinks","Genetic Algorithm"],"picked":"SKIP","floor":10},{"not_picked":["Defragment","Turbo"],"picked":"Beam Cell+1","floor":12},{"not_picked":["Cold Snap+1","Conserve Battery"],"picked":"Hyperbeam+1","floor":14}],"player_experience":270098,"potions_floor_usage":[12,14,16],"damage_taken":[{"damage":8,"enemies":"2 Louse","floor":1,"turns":3},{"damage":2,"enemies":"Jaw Worm","floor":4,"turns":4},{"damage":25,"enemies":"3 Sentries","floor":6,"turns":6},{"damage":1,"enemies":"Cultist","floor":10,"turns":4},{"damage":0,"enemies":"3 Louse","floor":12,"turns":1},{"damage":8,"enemies":"Gremlin Nob","floor":14,"turns":3},{"damage":62,"enemies":"Hexaghost","floor":16,"turns":9}],"relics_obtained":[{"floor":6,"key":"Molten Egg 2"},{"floor":9,"key":"Anchor"},{"floor":14,"key":"Dodecahedron"}],"event_choices":[{"event_name":"Living Wall","player_choice":"Change","floor":2,"damage_taken":0},{"event_name":"Transmorgrifier","player_choice":"Transform","floor":3,"damage_taken":0},{"event_name":"Wheel of Change","player_choice":"Gold","floor":5,"damage_taken":0},{"event_name":"The Cleric","player_choice":"Leave","floor":11,"damage_taken":0}],"boss_relics":[],"items_purged_floors":[],"is_endless":false,"potions_floor_spawned":[4,10],"seed_played":"2578580363993153317","killed_by":"Hexaghost","ascension_level":2,"potions_obtained":[{"floor":4,"key":"Ancient Potion"},{"floor":10,"key":"AttackPotion"}],"is_trial":false}