{"gold_per_floor":[114,114,16,31,47,74,89,89,170,170,185,213,388,405,405,477,477,497,516,516,66,86,118,137,137,137,151,151,151,185,204,204,279,279,295,310,310,327,375,409,422,441,468,515,541,553,4,24,24,24],"floor_reached":51,"playtime":7840,"items_purged":["Regret","Doubt","Shame"],"score":1362,"play_id":"04f3c3d3-8214-4c0c-936b-04c921eaf61c","local_time":"20190718225631","is_ascension_mode":true,"campfire_choices":[{"data":"Neutralize","floor":8.0,"key":"SMITH"},{"data":"All Out Attack","floor":10.0,"key":"SMITH"},{"data":"Footwork","floor":15.0,"key":"SMITH"},{"floor":28.0,"key":"REST"},{"floor":32.0,"key":"RECALL"},{"floor":46,"key":"REST"},{"floor":49,"key":"REST"}],"neow_cost":"NONE","seed_source_timestamp":747039155845333,"circlet_count":0,"master_deck":["AscendersBane","Defend_G+1","Defend_G+1","Defend_G+1","Defend_G+1","Defend_G+1","Survivor","Neutralize+1","Backflip","Flying Knee","All Out Attack+1","Noxious Fumes","Flying Knee","Footwork+1","Sucker Punch+1","Blur","Venomology","Unload","Sucker Punch","Cloak And Dagger","Bite","Bite","Bite","Bite+1","Bite","Noxious Fumes","Finesse","Backstab","Footwork","Acrobatics+1","Cloak And Dagger+1","Cloak And Dagger+1","A Thousand Cuts","Noxious Fumes","Crippling Poison+1","Dark Shackles+1","Dark Shackles+1","Chrysalis+1","Footwork","Cloak And Dagger+1","Footwork","Terror+1","Backflip+1","Noxious Fumes","Flechettes+1"],"special_seed":0,"relics":["Ring of the Snake","Smiling Mask","Darkstone Periapt","Anchor","Tiny Chest","Oddly Smooth Stone","Fusion Hammer","Bottled Tornado","Strawberry","Toxic Egg 2","Nunchaku","Cursed Key","Bird Faced Urn","Potion Belt","MawBank","Gremlin Horn","Whetstone","TwistedFunnel"],"potions_floor_usage":[45,50,50,50,50,50,50,50,50],"damage_taken":[{"damage":0.0,"enemies":"Jaw Worm","floor":1.0,"turns":6.0},{"damage":2.0,"enemies":"Small Slimes","floor":4.0,"turns":4.0},{"damage":0.0,"enemies":"2 Louse","floor":5.0,"turns":2.0},{"damage":34.0,"enemies":"Gremlin Nob","floor":6.0,"turns":5.0},{"damage":1.0,"enemies":"Looter","floor":7.0,"turns":3.0},{"damage":0.0,"enemies":"3 Louse","floor":11.0,"turns":2.0},{"damage":17.0,"enemies":"3 Sentries","floor":12.0,"turns":6.0},{"damage":0.0,"enemies":"2 Fungi Beasts","floor":14.0,"turns":4.0},{"damage":11.0,"enemies":"The Guardian","floor":16.0,"turns":13.0},{"damage":6.0,"enemies":"Chosen","floor":18.0,"turns":7.0},{"damage":22.0,"enemies":"Spheric Guardian","floor":19.0,"turns":4.0},{"damage":0.0,"enemies":"Cultist and Chosen","floor":22.0,"turns":8.0},{"damage":2.0,"enemies":"Gremlin Leader","floor":23.0,"turns":8.0},{"damage":0.0,"enemies":"Centurion and Healer","floor":24.0,"turns":9.0},{"damage":3.0,"enemies":"3 Cultists","floor":27.0,"turns":5.0},{"damage":8.0,"enemies":"Book of Stabbing","floor":30.0,"turns":7.0},{"damage":0.0,"enemies":"Chosen and Byrds","floor":31.0,"turns":6.0},{"damage":39.0,"enemies":"Champ","floor":33.0,"turns":12.0},{"damage":0.0,"enemies":"Orb Walker","floor":35.0,"turns":4.0},{"damage":0.0,"enemies":"3 Shapes","floor":36.0,"turns":3.0},{"damage":0.0,"enemies":"Sphere and 2 Shapes","floor":38.0,"turns":5.0},{"damage":6.0,"enemies":"2 Orb Walkers","floor":39.0,"turns":6.0},{"damage":3.0,"enemies":"Nemesis","floor":40.0,"turns":9.0},{"damage":11.0,"enemies":"Maw","floor":41.0,"turns":9.0},{"damage":1.0,"enemies":"Transient","floor":42.0,"turns":5.0},{"damage":28.0,"enemies":"Giant Head","floor":44.0,"turns":11.0},{"damage":19,"enemies":"3 Darklings","floor":45,"turns":5},{"damage":2,"enemies":"Maw","floor":48,"turns":8},{"damage":49,"enemies":"Time Eater","floor":50,"turns":12}],"seed_played":"-8647350103761192179","potions_obtained":[{"floor":4.0,"key":"SneckoOil"},{"floor":7.0,"key":"LiquidBronze"},{"floor":14.0,"key":"Fruit Juice"},{"floor":22.0,"key":"Fire Potion"},{"floor":23.0,"key":"Strength Potion"},{"floor":33.0,"key":"GhostInAJar"},{"floor":35.0,"key":"Fire Potion"},{"floor":38.0,"key":"EssenceOfSteel"},{"floor":39.0,"key":"PowerPotion"},{"floor":40.0,"key":"EntropicBrew"},{"floor":44.0,"key":"LiquidBronze"}],"is_trial":false,"path_per_floor":["M","?","$","M","M","E","M","R","T","R","M","E","?","M","R","B",null,"M","M","?","$","M","E","M","?","T","M","R","?","E","M","R","B",null,"M","M","?","M","?","E","M","M","T","E","M","R","$","M","R","B",null],"character_chosen":"THE_SILENT","items_purchased":["Flying Knee","Bottled Tornado","Noxious Fumes","Finesse","Whetstone","Noxious Fumes","LiquidBronze","TwistedFunnel"],"campfire_rested":3,"item_purchase_floors":[3,21,21,21,47,47,47,47],"current_hp_per_floor":[59,65,65,63,63,29,28,28,28,28,28,11,17,22,22,11,65,59,37,37,37,53,65,65,65,65,64,65,65,63,65,65,38,58,65,65,55,63,65,65,60,65,71,51,50,71,71,71,71,42],"gold":24,"neow_bonus":"RANDOM_COMMON_RELIC","is_prod":false,"is_daily":false,"chose_seed":false,"campfire_upgraded":3,"win_rate":0,"timestamp":1563504991,"path_taken":["M","?","$","M","M","E","M","R","T","R","M","E","?","M","R","BOSS","M","M","?","$","M","E","M","?","T","M","R","?","E","M","R","BOSS","M","M","?","M","?","E","M","M","T","E","M","R","$","M","R","BOSS"],"build_version":"2019-07-17","purchased_purges":3,"victory":true,"max_hp_per_floor":[66,72,72,72,72,72,72,72,72,72,72,72,78,83,83,83,83,83,83,58,58,58,65,65,65,65,65,65,65,65,65,65,65,65,65,65,65,65,65,65,65,65,71,71,71,71,71,71,71,71],"card_choices":[{"not_picked":["Dodge and Roll","Bouncing Flask"],"picked":"Backflip","floor":1.0},{"not_picked":["Choke","Reflex"],"picked":"All Out Attack","floor":4.0},{"not_picked":["Expertise","Dodge and Roll"],"picked":"Noxious Fumes","floor":5.0},{"not_picked":["Acrobatics","Dagger Throw"],"picked":"Flying Knee","floor":6.0},{"not_picked":["Flying Knee","Choke"],"picked":"Footwork","floor":7.0},{"not_picked":["Poisoned Stab","Blade Dance"],"picked":"Sucker Punch","floor":11.0},{"not_picked":["Poisoned Stab","Noxious Fumes"],"picked":"Blur","floor":12.0},{"not_picked":["Outmaneuver","Choke"],"picked":"Venomology","floor":14.0},{"not_picked":["Wraith Form v2","Bullet Time"],"picked":"Unload","floor":16.0},{"not_picked":["Masterful Stab","Outmaneuver"],"picked":"Sucker Punch","floor":18.0},{"not_picked":["Acrobatics+1","Quick Slash"],"picked":"Cloak And Dagger","floor":19.0},{"not_picked":["Outmaneuver+1","Skewer"],"picked":"Backstab","floor":22.0},{"not_picked":["All Out Attack","Bane","Riddle With Holes"],"picked":"SKIP","floor":23.0},{"not_picked":["Finisher","Concentrate","Dagger Spray+1"],"picked":"SKIP","floor":24.0},{"not_picked":["Dagger Spray","Calculated Gamble+1"],"picked":"Acrobatics+1","floor":27.0},{"not_picked":["Well Laid Plans","Sucker Punch"],"picked":"Cloak And Dagger+1","floor":30.0},{"not_picked":["Poisoned Stab","Adrenaline+1"],"picked":"Cloak And Dagger+1","floor":31.0},{"not_picked":["Unload","Tools of the Trade"],"picked":"A Thousand Cuts","floor":33.0},{"not_picked":["Acrobatics+1","Quick Slash+1"],"picked":"Noxious Fumes","floor":35.0},{"not_picked":["Escape Plan+1","Deadly Poison+1"],"picked":"Crippling Poison+1","floor":36.0},{"not_picked":["Deep Breath+1","Transmutation+1"],"picked":"Dark Shackles+1","floor":37.0},{"not_picked":["Mind Blast","Impatience+1"],"picked":"Dark Shackles+1","floor":37.0},{"not_picked":["Mind Blast","Violence+1"],"picked":"Chrysalis+1","floor":37.0},{"not_picked":["Bane+1","Leg Sweep+1"],"picked":"Footwork","floor":38.0},{"not_picked":["Infinite Blades","Accuracy","Dagger Spray+1"],"picked":"SKIP","floor":40.0},{"not_picked":["Slice","Blade Dance+1"],"picked":"Cloak And Dagger+1","floor":41.0},{"not_picked":["All Out Attack","Tactician+1"],"picked":"Footwork","floor":42.0},{"not_picked":["Bane","Escape Plan+1"],"picked":"Terror+1","floor":44.0},{"not_picked":["Expertise+1","Underhanded Strike"],"picked":"Backflip+1","floor":45},{"not_picked":["Prepared+1","Outmaneuver+1"],"picked":"Flechettes+1","floor":48}],"player_experience":669409,"relics_obtained":[{"floor":6.0,"key":"Anchor"},{"floor":9.0,"key":"Tiny Chest"},{"floor":12.0,"key":"Oddly Smooth Stone"},{"floor":23.0,"key":"Strawberry"},{"floor":26.0,"key":"Toxic Egg 2"},{"floor":30.0,"key":"Nunchaku"},{"floor":39.0,"key":"Bird Faced Urn"},{"floor":40.0,"key":"Potion Belt"},{"floor":43.0,"key":"MawBank"},{"floor":44.0,"key":"Gremlin Horn"}],"event_choices":[{"damage_healed":0.0,"max_hp_gain":0.0,"max_hp_loss":0.0,"gold_gain":0.0,"event_name":"Big Fish","player_choice":"Box","floor":2.0,"gold_loss":0.0,"damage_taken":0.0,"relics_obtained":["Darkstone Periapt"],"cards_obtained":["Regret"]},{"damage_healed":0.0,"max_hp_gain":0.0,"max_hp_loss":0.0,"gold_gain":175.0,"event_name":"Liars Game","player_choice":"AGREE","floor":13.0,"gold_loss":0.0,"damage_taken":0.0,"cards_obtained":["Doubt"]},{"damage_healed":0.0,"max_hp_gain":0.0,"max_hp_loss":25.0,"gold_gain":0.0,"event_name":"Vampires","player_choice":"Became a vampire","floor":20.0,"gold_loss":0.0,"damage_taken":0.0,"cards_obtained":["Bite","Bite","Bite","Bite","Bite"]},{"damage_healed":0.0,"max_hp_gain":0.0,"max_hp_loss":0.0,"gold_gain":0.0,"event_name":"The Library","player_choice":"Read","floor":25.0,"gold_loss":0.0,"damage_taken":0.0,"cards_obtained":["Footwork"]},{"damage_healed":0.0,"max_hp_gain":0.0,"max_hp_loss":0.0,"gold_gain":0.0,"event_name":"Back to Basics","player_choice":"Simplicity","floor":29.0,"gold_loss":0.0,"damage_taken":0.0,"cards_upgraded":["Defend_G","Defend_G","Defend_G","Defend_G","Defend_G"]},{"damage_healed":0.0,"max_hp_gain":0.0,"max_hp_loss":0.0,"gold_gain":0.0,"event_name":"SensoryStone","player_choice":"Memory 3","floor":37.0,"gold_loss":0.0,"damage_taken":10.0},{"damage_healed":0.0,"max_hp_gain":0.0,"max_hp_loss":0.0,"gold_gain":0.0,"event_name":"Mysterious Sphere","player_choice":"Fight","floor":39.0,"gold_loss":0.0,"damage_taken":0.0}],"is_beta":false,"boss_relics":[{"not_picked":["Eternal Feather","White Beast Statue"],"picked":"Fusion Hammer"},{"not_picked":["Lizard Tail","Ring of the Serpent"],"picked":"Cursed Key"}],"items_purged_floors":[3,21,47],"is_endless":false,"potions_floor_spawned":[4,7,14,22,23,30,33,35,38,39,40,44],"ascension_level":14}