{"gold_per_floor":[10,10,25,25,37,70,70,84,84,84,84,84],"floor_reached":12,"playtime":712,"items_purged":[],"score":78,"play_id":"ca2154c3-05e8-45d0-ba2c-4c7ab3373d1e","local_time":"20190118225116","is_ascension_mode":false,"campfire_choices":[{"data":"1","floor":7,"key":"LIFT"},{"floor":11,"key":"REST"}],"neow_cost":"NO_GOLD","seed_source_timestamp":741932022241298,"circlet_count":0,"master_deck":["Strike_B","Strike_B","Strike_B","Strike_B","Defend_B","Defend_B","Defend_B","Defend_B","Zap","Dualcast","Hologram","Stack","Decay","Hologram","White Noise+1","White Noise"],"relics":["Cracked Core","Girya","Oddly Smooth Stone","Ornamental Fan"],"potions_floor_usage":[6,6,12],"damage_taken":[{"damage":7,"enemies":"Small Slimes","floor":1,"turns":3},{"damage":4,"enemies":"Cultist","floor":3,"turns":4},{"damage":7,"enemies":"2 Louse","floor":5,"turns":3},{"damage":25,"enemies":"Gremlin Nob","floor":6,"turns":4},{"damage":14,"enemies":"2 Fungi Beasts","floor":8,"turns":5},{"damage":42,"enemies":"Gremlin Gang","floor":12,"turns":3}],"seed_played":"-6166210514834287919","potions_obtained":[{"floor":1,"key":"FocusPotion"},{"floor":5,"key":"Strength Potion"},{"floor":8,"key":"EssenceOfSteel"}],"is_trial":false,"path_per_floor":["M","$","M","?","M","E","R","M","T","?","R","M"],"character_chosen":"DEFECT","items_purchased":[],"campfire_rested":1,"item_purchase_floors":[],"current_hp_per_floor":[68,68,64,64,57,32,32,18,18,18,40,0],"gold":84,"neow_bonus":"ONE_RARE_RELIC","is_prod":false,"is_daily":false,"chose_seed":false,"campfire_upgraded":0,"win_rate":0,"timestamp":1547873476,"path_taken":["M","$","M","?","?","E","R","?","T","?","R","M"],"build_version":"2019-01-17v2","purchased_purges":0,"victory":false,"max_hp_per_floor":[75,75,75,75,75,75,75,75,75,75,75,75],"card_choices":[{"not_picked":["Force Field","Gash"],"picked":"Hologram","floor":1},{"not_picked":["Storm","Cold Snap"],"picked":"Stack","floor":3},{"not_picked":["Steam","Rebound"],"picked":"Hologram","floor":5},{"not_picked":["Sweeping Beam","Rebound"],"picked":"White Noise","floor":6},{"not_picked":["Reinforced Body","Cold Snap"],"picked":"White Noise","floor":8}],"player_experience":195881,"relics_obtained":[{"floor":6,"key":"Oddly Smooth Stone"},{"floor":9,"key":"Ornamental Fan"}],"event_choices":[{"damage_healed":0,"gold_gain":0,"player_choice":"Cursed","damage_taken":0,"max_hp_gain":0,"max_hp_loss":0,"event_name":"Wheel of Change","floor":4,"gold_loss":0,"cards_obtained":["Decay"]},{"damage_healed":0,"gold_gain":0,"player_choice":"Upgraded","damage_taken":0,"max_hp_gain":0,"max_hp_loss":0,"event_name":"Upgrade Shrine","floor":10,"gold_loss":0,"cards_upgraded":["White Noise"]}],"is_beta":false,"boss_relics":[],"items_purged_floors":[],"is_endless":false,"potions_floor_spawned":[1,5,8],"killed_by":"Gremlin Gang","ascension_level":0}