{"gold_per_floor":[117,87,107,127,139,172,187,187,187,187],"floor_reached":10,"playtime":354,"items_purged":[],"score":112,"play_id":"0b04936d-de80-4bf3-aca7-091e2a11efd6","local_time":"20190108201958","is_ascension_mode":true,"campfire_choices":[{"floor":8,"key":"REST"}],"neow_cost":"PERCENT_DAMAGE","seed_source_timestamp":44366872097000,"circlet_count":0,"master_deck":["AscendersBane","Strike_R","Strike_R","Strike_R","Strike_R","Strike_R","Defend_R","Defend_R","Defend_R","Defend_R","Bash","Pommel Strike","Flex","Clothesline","Infernal Blade"],"relics":["Burning Blood","Girya","PreservedInsect","Toxic Egg 2"],"potions_floor_usage":[3,3,3,4,6,6,7],"damage_taken":[{"damage":22,"enemies":"Small Slimes","floor":1,"turns":4},{"damage":1,"enemies":"Cultist","floor":3,"turns":4},{"damage":2,"enemies":"Jaw Worm","floor":4,"turns":3},{"damage":7,"enemies":"Exordium Wildlife","floor":5,"turns":4},{"damage":39,"enemies":"Lagavulin","floor":6,"turns":8},{"damage":10,"enemies":"Looter","floor":7,"turns":3},{"damage":48,"enemies":"The Mushroom Lair","floor":10,"turns":4}],"seed_played":"4333145860425286406","potions_obtained":[{"floor":2,"key":"EntropicBrew"},{"floor":2,"key":"EntropicBrew"},{"floor":3,"key":"Block Potion"},{"floor":4,"key":"BloodPotion"},{"floor":6,"key":"EssenceOfSteel"}],"is_trial":false,"path_per_floor":["M","?","M","M","M","E","M","R","T","?"],"character_chosen":"IRONCLAD","items_purchased":[],"campfire_rested":1,"item_purchase_floors":[],"current_hp_per_floor":[35,35,48,52,51,26,22,46,46,0],"gold":187,"neow_bonus":"ONE_RARE_RELIC","is_prod":false,"is_daily":false,"chose_seed":false,"campfire_upgraded":0,"win_rate":0,"timestamp":1546971598,"path_taken":["M","?","M","?","M","E","M","R","T","?"],"build_version":"2019-01-03v4","purchased_purges":0,"victory":false,"max_hp_per_floor":[80,80,80,80,80,80,80,80,80,80],"card_choices":[{"not_picked":["Shrug It Off","Thunderclap"],"picked":"Pommel Strike","floor":1},{"not_picked":["Hemokinesis","True Grit","Cleave"],"picked":"SKIP","floor":3},{"not_picked":["Cleave","Havoc"],"picked":"Flex","floor":4},{"not_picked":["Body Slam","Warcry"],"picked":"Clothesline","floor":5},{"not_picked":["Armaments","Limit Break"],"picked":"Infernal Blade","floor":6},{"not_picked":["Warcry","Clash","Twin Strike"],"picked":"SKIP","floor":7}],"player_experience":476207,"relics_obtained":[{"floor":6,"key":"PreservedInsect"},{"floor":9,"key":"Toxic Egg 2"}],"event_choices":[{"damage_healed":0,"gold_gain":0,"player_choice":"Bought 2 Potions","damage_taken":0,"max_hp_gain":0,"max_hp_loss":0,"event_name":"The Woman in Blue","floor":2,"gold_loss":0},{"damage_healed":0,"gold_gain":0,"player_choice":"Fought Mushrooms","damage_taken":0,"max_hp_gain":0,"max_hp_loss":0,"event_name":"Mushrooms","floor":10,"gold_loss":0}],"is_beta":false,"boss_relics":[],"items_purged_floors":[],"is_endless":false,"potions_floor_spawned":[3,4,6],"killed_by":"The Mushroom Lair","ascension_level":12}