{"path_per_floor":["M","?","$","?","?","E","?","?","T","?","$","R","?","$","R"],"character_chosen":"DEFECT","items_purchased":["Matryoshka"],"gold_per_floor":[113,113,38,38,38,73,248,248,248,274,24,24,24,24,24,24],"floor_reached":16,"campfire_rested":0,"playtime":274,"item_purchase_floors":[11],"current_hp_per_floor":[75,75,75,75,75,75,75,68,68,64,64,64,64,64,64,0],"items_purged":["Strike_B"],"gold":24,"score":129,"play_id":"ed9a01a1-8762-4c10-87c9-25b2b4c1d7c4","local_time":"20180618220251","is_prod":false,"is_daily":false,"chose_seed":false,"is_ascension_mode":true,"campfire_upgraded":2,"win_rate":0,"timestamp":1529348571,"campfire_choices":[{"data":"Dualcast","floor":12,"key":"SMITH"},{"data":"Zap","floor":15,"key":"SMITH"}],"path_taken":["M","?","$","?","?","E","?","?","T","?","$","R","?","?","R","BOSS"],"build_version":"2018-06-14v2","seed_source_timestamp":313367121900781,"purchased_purges":1,"victory":false,"master_deck":["Strike_B","Strike_B","Strike_B","Defend_B","Defend_B","Defend_B","Defend_B","Zap+1","Dualcast+1","Loop+1","Normality","Doubt"],"max_hp_per_floor":[75,75,75,75,75,75,75,75,75,75,75,75,75,75,75,75],"relics":["Cracked Core","NeowsBlessing","Ginger","Boot","Vajra","Juzu Bracelet","Odd Mushroom","Matryoshka"],"card_choices":[{"not_picked":["Leap","Double Energy"],"picked":"Loop","floor":1},{"not_picked":["Skim","Steam Power","Stack"],"picked":"SKIP","floor":6}],"player_experience":270650,"potions_floor_usage":[16,16,16],"damage_taken":[{"damage":0,"enemies":"Jaw Worm","floor":1,"turns":1},{"damage":0,"enemies":"Gremlin Nob","floor":6,"turns":1},{"damage":4,"floor":10,"turns":2},{"damage":66,"enemies":"Hexaghost","floor":16,"turns":9}],"relics_obtained":[{"floor":6,"key":"Boot"},{"floor":9,"key":"Juzu Bracelet"},{"floor":10,"key":"Odd Mushroom"}],"event_choices":[{"event_name":"Living Wall","player_choice":"Grow","floor":2,"damage_taken":0},{"event_name":"Accursed Blacksmith","player_choice":"Rummage","floor":4,"damage_taken":0},{"event_name":"The Cleric","player_choice":"Leave","floor":5,"damage_taken":0},{"event_name":"Liars Game","player_choice":"agreed","floor":7,"damage_taken":0},{"event_name":"Scrap Ooze","player_choice":"success","floor":8,"damage_taken":7},{"event_name":"Mushrooms","player_choice":"Fought Mushrooms","floor":10,"damage_taken":0},{"event_name":"The Lab","player_choice":"Got Potions","floor":13,"damage_taken":0}],"boss_relics":[],"items_purged_floors":[3],"is_endless":false,"potions_floor_spawned":[6],"seed_played":"3264935861512613004","killed_by":"Hexaghost","ascension_level":2,"potions_obtained":[{"floor":6,"key":"SteroidPotion"},{"floor":13,"key":"Poison Potion"},{"floor":13,"key":"SkillPotion"}],"is_trial":false}