{"gold_per_floor":[113,188,138,138,63,88,88,88,88,88,263,288,360,385,385,510,510,535,535,280,379,403,403,423,423,423,423,207,207,242,367,367,495,495,514,163,183,199,199,199,239,239,263,388,404,422,91,130,130,130,130,130,130,169,169],"floor_reached":56,"playtime":2412,"items_purged":["Defend_R","Doubt","Strike_R","Strike_R","Defend_R"],"score":1365,"play_id":"173c91a8-58c6-4a7d-a25e-8f0dcf1e0fe3","local_time":"20190710182307","is_ascension_mode":false,"campfire_choices":[{"data":"Body Slam","floor":7,"key":"SMITH"},{"data":"Bash","floor":15,"key":"SMITH"},{"data":"Barricade","floor":23,"key":"SMITH"},{"data":"Pommel Strike","floor":25,"key":"SMITH"},{"floor":27,"key":"REST"},{"data":"Good Instincts","floor":29,"key":"SMITH"},{"data":"Shrug It Off","floor":32,"key":"SMITH"},{"data":"Berserk","floor":40,"key":"SMITH"},{"floor":42,"key":"RECALL"},{"data":"Evolve","floor":49,"key":"SMITH"},{"data":"Madness","floor":52,"key":"SMITH"}],"neow_cost":"NONE","seed_source_timestamp":18868245630632,"circlet_count":0,"master_deck":["Strike_R","Defend_R","Defend_R","Bash+1","Body Slam+1","Pommel Strike+1","Thunderclap","Barricade+1","Armaments+1","Good Instincts+1","Shrug It Off+1","Shrug It Off+1","Berserk+1","Evolve+1","Entrench+1","Madness+1","Madness","True Grit+1","Battle Trance+1","Feed","Inflame+1"],"relics":["Burning Blood","NeowsBlessing","Ginger","Golden Idol","Incense Burner","Mercury Hourglass","White Beast Statue","Bag of Preparation","Oddly Smooth Stone","Happy Flower","Dead Branch","Letter Opener","Philosopher\u0027s Stone","TheAbacus","Self Forming Clay","Blood Vial","Charon\u0027s Ashes","Centennial Puzzle","Art of War"],"potions_floor_usage":[16,16,30,30,30,30,30,31,37,41,46,50,50,55,55],"damage_taken":[{"damage":0,"enemies":"Jaw Worm","floor":1,"turns":1},{"damage":0,"enemies":"Gremlin Nob","floor":6,"turns":1},{"damage":0,"enemies":"2 Louse","floor":12,"turns":2},{"damage":5,"enemies":"Small Slimes","floor":14,"turns":4},{"damage":38,"enemies":"Hexaghost","floor":16,"turns":8},{"damage":41,"enemies":"2 Thieves","floor":18,"turns":4},{"damage":51,"enemies":"Spheric Guardian","floor":24,"turns":8},{"damage":0,"enemies":"Slavers","floor":30,"turns":4},{"damage":11,"enemies":"Colosseum Slavers","floor":31,"turns":5},{"damage":7,"enemies":"Colosseum Nobs","floor":31,"turns":4},{"damage":13,"enemies":"Automaton","floor":33,"turns":12},{"damage":0,"enemies":"3 Shapes","floor":35,"turns":7},{"damage":0,"enemies":"3 Darklings","floor":37,"turns":4},{"damage":0,"enemies":"Transient","floor":38,"turns":5},{"damage":0,"enemies":"Reptomancer","floor":41,"turns":6},{"damage":0,"enemies":"Mind Bloom Boss Battle","floor":44,"turns":3},{"damage":3,"enemies":"Sphere and 2 Shapes","floor":45,"turns":2},{"damage":16,"enemies":"4 Shapes","floor":46,"turns":3},{"damage":9,"enemies":"Nemesis","floor":48,"turns":9},{"damage":19,"enemies":"Donu and Deca","floor":50,"turns":4},{"damage":0,"enemies":"Shield and Spear","floor":54,"turns":5},{"damage":17,"enemies":"The Heart","floor":55,"turns":8}],"seed_played":"-1217122081145746082","potions_obtained":[{"floor":6,"key":"Block Potion"},{"floor":14,"key":"Strength Potion"},{"floor":18,"key":"FearPotion"},{"floor":24,"key":"EntropicBrew"},{"floor":30,"key":"PowerPotion"},{"floor":31,"key":"FearPotion"},{"floor":33,"key":"Energy Potion"},{"floor":35,"key":"FearPotion"},{"floor":37,"key":"EssenceOfSteel"},{"floor":41,"key":"Dexterity Potion"},{"floor":46,"key":"Energy Potion"},{"floor":54,"key":"PowerPotion"}],"is_trial":false,"path_per_floor":["M","?","?","?","$","E","R","?","T","$","?","M","T","M","R","B",null,"M","?","$","?","T","R","M","R","T","R","$","R","E","?","R","B",null,"M","$","M","M","?","R","E","R","T","?","M","M","$","E","R","B",null,"R","$","E","B",null],"character_chosen":"IRONCLAD","items_purchased":["Bag of Preparation","Good Instincts","TheAbacus","Feed"],"campfire_rested":1,"item_purchase_floors":[20,28,36,47],"current_hp_per_floor":[80,69,69,62,62,68,68,48,48,48,48,54,54,55,55,23,80,45,71,71,71,71,71,26,26,26,50,50,50,56,50,50,43,80,80,80,80,80,70,70,76,76,76,80,80,70,70,73,73,65,87,87,87,87,76],"gold":169,"neow_bonus":"THREE_ENEMY_KILL","is_prod":false,"is_daily":false,"chose_seed":false,"campfire_upgraded":9,"win_rate":0,"timestamp":1562775787,"path_taken":["M","?","?","?","?","E","R","?","T","$","?","?","?","?","R","BOSS","M","?","$","?","?","R","?","R","T","R","?","R","E","?","R","BOSS","M","$","M","M","?","R","E","R","T","?","M","M","$","E","R","BOSS","R","$","E","BOSS"],"build_version":"2019-07-05","purchased_purges":5,"victory":true,"max_hp_per_floor":[80,80,80,80,80,80,80,80,80,80,80,80,80,80,80,80,80,80,80,80,80,80,80,80,80,80,80,80,80,80,80,80,80,80,80,80,80,80,80,80,80,80,80,80,80,80,80,84,84,87,87,87,87,87,87],"card_choices":[{"not_picked":["Clash","Havoc"],"picked":"Body Slam","floor":1},{"not_picked":["Demon Form","Clothesline","Heavy Blade"],"picked":"SKIP","floor":6},{"not_picked":["Cleave","Perfected Strike"],"picked":"Pommel Strike","floor":12},{"not_picked":["Pommel Strike","Pummel"],"picked":"Thunderclap","floor":14},{"not_picked":["Impervious","Feed"],"picked":"Barricade","floor":16},{"not_picked":["Body Slam","Uppercut","Whirlwind"],"picked":"SKIP","floor":18},{"not_picked":["Anger","Thunderclap"],"picked":"Armaments+1","floor":24},{"not_picked":["Twin Strike","Thunderclap"],"picked":"Shrug It Off","floor":30},{"not_picked":["Havoc","Clash"],"picked":"Shrug It Off+1","floor":31},{"not_picked":["Reaper","Offering"],"picked":"Berserk","floor":33},{"not_picked":["True Grit+1","Iron Wave+1"],"picked":"Evolve","floor":35},{"not_picked":["Rampage+1","Havoc","Uppercut"],"picked":"SKIP","floor":37},{"not_picked":["Rage+1","Cleave+1"],"picked":"Entrench+1","floor":38},{"not_picked":["Pommel Strike","Sword Boomerang+1","Cleave+1"],"picked":"SKIP","floor":41},{"not_picked":["Headbutt","Iron Wave"],"picked":"True Grit+1","floor":44},{"not_picked":["Perfected Strike","Twin Strike"],"picked":"Battle Trance+1","floor":45},{"not_picked":["Shockwave+1","Power Through","Infernal Blade+1"],"picked":"SKIP","floor":46},{"not_picked":["Clothesline+1","Spot Weakness","Dark Embrace"],"picked":"SKIP","floor":48},{"not_picked":["Evolve+1","Corruption"],"picked":"Inflame+1","floor":54}],"player_experience":61011,"relics_obtained":[{"floor":6,"key":"Ginger"},{"floor":9,"key":"Incense Burner"},{"floor":13,"key":"Mercury Hourglass"},{"floor":22,"key":"Oddly Smooth Stone"},{"floor":30,"key":"Happy Flower"},{"floor":31,"key":"Dead Branch"},{"floor":31,"key":"Letter Opener"},{"floor":41,"key":"Self Forming Clay"},{"floor":43,"key":"Blood Vial"},{"floor":44,"key":"Charon\u0027s Ashes"},{"floor":48,"key":"Centennial Puzzle"},{"floor":54,"key":"Art of War"}],"event_choices":[{"damage_healed":0,"gold_gain":75,"player_choice":"Gather Gold","damage_taken":11,"max_hp_gain":0,"max_hp_loss":0,"event_name":"World of Goop","floor":2,"gold_loss":0},{"cards_removed":["Strike_R"],"damage_healed":0,"gold_gain":0,"player_choice":"Card Removal","damage_taken":0,"max_hp_gain":0,"max_hp_loss":0,"event_name":"The Cleric","floor":3,"gold_loss":50},{"cards_removed":["Strike_R"],"damage_healed":0,"gold_gain":0,"player_choice":"Card Removal","damage_taken":7,"max_hp_gain":0,"max_hp_loss":0,"event_name":"Golden Wing","floor":4,"gold_loss":0},{"damage_healed":0,"gold_gain":0,"player_choice":"Take Damage","damage_taken":20,"relics_obtained":["Golden Idol"],"max_hp_gain":0,"max_hp_loss":0,"event_name":"Golden Idol","floor":8,"gold_loss":0},{"damage_healed":0,"gold_gain":175,"player_choice":"AGREE","damage_taken":0,"max_hp_gain":0,"max_hp_loss":0,"event_name":"Liars Game","floor":11,"gold_loss":0,"cards_obtained":["Doubt"]},{"damage_healed":26,"gold_gain":0,"player_choice":"Heal","damage_taken":0,"max_hp_gain":0,"max_hp_loss":0,"event_name":"The Library","floor":19,"gold_loss":0},{"damage_healed":0,"gold_gain":99,"player_choice":"Stole From Cult","damage_taken":0,"max_hp_gain":0,"max_hp_loss":0,"event_name":"Nest","floor":21,"gold_loss":0},{"damage_healed":0,"gold_gain":0,"player_choice":"Fight","damage_taken":0,"max_hp_gain":0,"max_hp_loss":0,"event_name":"Colosseum","floor":31,"gold_loss":0},{"damage_healed":0,"gold_gain":0,"player_choice":"Fought Nobs","damage_taken":0,"max_hp_gain":0,"max_hp_loss":0,"event_name":"Colosseum","floor":31,"gold_loss":0},{"damage_healed":0,"gold_gain":0,"player_choice":"Embrace Madness","damage_taken":10,"max_hp_gain":0,"max_hp_loss":0,"event_name":"Winding Halls","floor":39,"gold_loss":0,"cards_obtained":["Madness","Madness"]},{"damage_healed":0,"gold_gain":0,"player_choice":"Fight","damage_taken":0,"max_hp_gain":0,"max_hp_loss":0,"event_name":"MindBloom","floor":44,"gold_loss":0}],"is_beta":false,"boss_relics":[{"not_picked":["Ectoplasm","Eternal Feather"],"picked":"White Beast Statue"},{"not_picked":["Snecko Eye","Black Blood"],"picked":"Philosopher\u0027s Stone"}],"items_purged_floors":[5,20,28,36,47],"is_endless":false,"potions_floor_spawned":[6,14,18,24,30,31,31,33,35,37,38,41,44,45,46,48,54],"ascension_level":0}