{"gold_per_floor":[218,218,218,168,180,208,208,233,312,312,326,338,372,392,392,493,493,508,508,423,423,439,470,273,273,322,322,322,322,349,362,362,467,467,487,323,323,114,114,114,131,7,7,7,41,88,88,106,106,106],"floor_reached":50,"playtime":1717,"items_purged":[],"score":651,"play_id":"c11d309f-93ee-400b-879e-de89bb32e6ea","local_time":"20180820191409","is_ascension_mode":true,"campfire_choices":[{"floor":10,"key":"REST"},{"data":"Scrape","floor":15,"key":"SMITH"},{"floor":25,"key":"REST"},{"floor":27,"key":"REST"},{"floor":32,"key":"REST"},{"data":"Seek","floor":40,"key":"SMITH"},{"data":"Madness","floor":44,"key":"SMITH"},{"data":"Madness","floor":47,"key":"SMITH"},{"data":"Loop","floor":49,"key":"SMITH"}],"neow_cost":"NONE","seed_source_timestamp":382381570477515,"circlet_count":0,"master_deck":["Strike_B","Strike_B","Strike_B","Defend_B","Defend_B","Defend_B+1","Defend_B","Zap","Dualcast+1","Gash","Gash","Gash","Sweeping Beam","Scrape+1","Gash","BootSequence+1","Amplify","White Noise+1","Zap","Gash","Steam Power+1","Seek+1","Madness+1","Madness+1","Loop+1","Static Discharge+1","Go for the Eyes+1","Electrodynamics"],"relics":["Cracked Core","Pen Nib","Blood Vial","Thread and Needle","Pantograph","Shuriken","Lizard Tail","War Paint","Mercury Hourglass","Membership Card","Strawberry","Juzu Bracelet","Symbiotic Virus","Coffee Dripper","Lee\u0027s Waffle","Ancient Tea Set","Tiny Chest","Bird Faced Urn","Anchor","Bottled Lightning","Kunai","Nunchaku"],"potions_floor_usage":[6,13,13,16,33,33,45,45,50],"damage_taken":[{"damage":4,"enemies":"Jaw Worm","floor":1,"turns":3},{"damage":0,"enemies":"Small Slimes","floor":5,"turns":2},{"damage":25,"enemies":"3 Sentries","floor":6,"turns":5},{"damage":25,"enemies":"Lagavulin","floor":8,"turns":5},{"damage":0,"enemies":"Cultist","floor":11,"turns":2},{"damage":0,"enemies":"Looter","floor":12,"turns":2},{"damage":6,"enemies":"3 Sentries","floor":13,"turns":4},{"damage":0,"enemies":"Large Slime","floor":14,"turns":2},{"damage":28,"enemies":"Hexaghost","floor":16,"turns":5},{"damage":5,"enemies":"Shell Parasite","floor":18,"turns":3},{"damage":16,"enemies":"3 Byrds","floor":22,"turns":3},{"damage":48,"enemies":"Book of Stabbing","floor":23,"turns":5},{"damage":39,"enemies":"Gremlin Leader","floor":30,"turns":4},{"damage":2,"enemies":"3 Cultists","floor":31,"turns":3},{"damage":61,"enemies":"Collector","floor":33,"turns":6},{"damage":33,"enemies":"Flame Bruiser 1 Orb","floor":35,"turns":3},{"damage":11,"floor":39,"turns":6},{"damage":16,"enemies":"Orb Walker","floor":41,"turns":4},{"damage":39,"enemies":"2 Orb Walkers","floor":45,"turns":4},{"damage":3,"floor":46,"turns":3},{"damage":16,"enemies":"4 Shapes","floor":48,"turns":3},{"damage":142,"enemies":"Awakened One","floor":50,"turns":9}],"seed_played":"-2225498050313506542","potions_obtained":[{"floor":5,"key":"SteroidPotion"},{"floor":6,"key":"Explosive Potion"},{"floor":11,"key":"Fire Potion"},{"floor":13,"key":"SkillPotion"},{"floor":30,"key":"Block Potion"},{"floor":31,"key":"Fire Potion"},{"floor":35,"key":"Regen Potion"},{"floor":41,"key":"GamblersBrew"},{"floor":46,"key":"SpeedPotion"}],"is_trial":false,"path_per_floor":["M","?","?","?","M","E","?","E","T","R","M","M","E","M","R","B",null,"M","?","?","?","M","E","$","R","T","R","?","?","E","M","R","B",null,"M","$","?","$","?","R","M","$","T","R","E","?","R","M","R"],"character_chosen":"DEFECT","items_purchased":["Membership Card","Lee\u0027s Waffle","Ancient Tea Set","Tiny Chest","Anchor"],"campfire_rested":4,"item_purchase_floors":[24,36,38,38,42],"current_hp_per_floor":[71,71,71,71,71,46,39,16,16,38,40,42,38,40,40,39,75,70,70,70,70,56,10,10,32,39,63,63,63,26,26,50,16,82,56,89,78,78,78,78,75,75,75,75,53,60,60,52,52,0],"gold":106,"neow_bonus":"HUNDRED_GOLD","is_prod":false,"is_daily":false,"chose_seed":false,"campfire_upgraded":5,"win_rate":0,"timestamp":1534781649,"path_taken":["M","?","?","?","M","E","?","E","T","R","M","M","E","M","R","BOSS","M","?","?","?","M","E","$","R","T","R","?","?","E","M","R","BOSS","M","$","?","$","?","R","M","$","T","R","E","?","R","M","R","BOSS"],"build_version":"2018-08-16","purchased_purges":0,"victory":false,"max_hp_per_floor":[75,75,75,75,75,75,75,75,75,75,75,75,75,75,75,75,75,75,75,75,75,75,75,75,75,82,82,82,82,82,82,82,82,82,82,89,89,89,89,89,89,89,89,89,89,89,89,89,89,89],"card_choices":[{"not_picked":["Go for the Eyes","Rebound"],"picked":"Gash","floor":1},{"not_picked":["Recycle","Heatsinks"],"picked":"Gash","floor":5},{"not_picked":["Heatsinks","Compile Driver"],"picked":"Gash","floor":6},{"not_picked":["Compile Driver","Seek"],"picked":"Sweeping Beam","floor":8},{"not_picked":["Recycle","Conserve Battery"],"picked":"Scrape","floor":11},{"not_picked":["Recycle","Streamline","Leap"],"picked":"SKIP","floor":12},{"not_picked":["Coolheaded","Beam Cell"],"picked":"Gash","floor":13},{"not_picked":["Leap","Barrage"],"picked":"BootSequence","floor":14},{"not_picked":["Biased Cognition","Hyperbeam"],"picked":"Amplify","floor":16},{"not_picked":["Undo+1","Steam"],"picked":"White Noise+1","floor":18},{"not_picked":["Ball Lightning","Redo+1","Stack"],"picked":"SKIP","floor":22},{"not_picked":["Turbo","Darkness+1","Biased Cognition"],"picked":"SKIP","floor":23},{"not_picked":["Cold Snap+1","Rebound+1"],"picked":"Steam Power+1","floor":30},{"not_picked":["Glacier+1","Leap","Steam"],"picked":"SKIP","floor":31},{"not_picked":["Meteor Strike","Core Surge"],"picked":"Seek","floor":33},{"not_picked":["Cold Snap","Rebound","Ball Lightning"],"picked":"SKIP","floor":35},{"not_picked":["Auto Shields","Glacier"],"picked":"Loop","floor":39},{"not_picked":["Tempest+1","Ball Lightning+1"],"picked":"Static Discharge+1","floor":41},{"not_picked":["Compile Driver","Ball Lightning+1"],"picked":"Go for the Eyes+1","floor":45},{"not_picked":["Redo+1","Streamline+1"],"picked":"Electrodynamics","floor":46},{"not_picked":["Cold Snap+1","Rebound+1","Self Repair"],"picked":"SKIP","floor":48}],"player_experience":342917,"relics_obtained":[{"floor":6,"key":"Blood Vial"},{"floor":8,"key":"Thread and Needle"},{"floor":9,"key":"Pantograph"},{"floor":13,"key":"Shuriken"},{"floor":23,"key":"Mercury Hourglass"},{"floor":26,"key":"Strawberry"},{"floor":30,"key":"Symbiotic Virus"},{"floor":39,"key":"Bird Faced Urn"},{"floor":43,"key":"Bottled Lightning"},{"floor":45,"key":"Kunai"},{"floor":46,"key":"Nunchaku"}],"event_choices":[{"event_name":"Living Wall","player_choice":"Grow","floor":2,"damage_taken":0},{"event_name":"Big Fish","player_choice":"Box","floor":3,"damage_taken":0},{"event_name":"The Cleric","player_choice":"Card Removal","floor":4,"damage_taken":0},{"event_name":"Golden Wing","player_choice":"Card Removal","floor":7,"damage_taken":0},{"event_name":"Match and Keep!","player_choice":"1 cards matched","floor":19,"damage_taken":0},{"event_name":"Addict","player_choice":"Obtained Relic","floor":20,"damage_taken":0},{"event_name":"Drug Dealer","player_choice":"Ignored","floor":21,"damage_taken":0},{"event_name":"Wheel of Change","player_choice":"Relic","floor":28,"damage_taken":0},{"event_name":"The Library","player_choice":"Read","floor":29,"damage_taken":0},{"event_name":"Winding Halls","player_choice":"Embrace Madness","floor":37,"damage_taken":0},{"event_name":"MindBloom","player_choice":"Fight","floor":39,"damage_taken":0},{"event_name":"Mysterious Sphere","player_choice":"Fight","floor":46,"damage_taken":0}],"is_beta":false,"boss_relics":[{"not_picked":["Fusion Hammer","Orrery"],"picked":"Lizard Tail"},{"not_picked":["Runic Dome","Snecko Eye"],"picked":"Coffee Dripper"}],"items_purged_floors":[],"is_endless":false,"potions_floor_spawned":[5,6,11,13,30,31,35,41,46],"killed_by":"Awakened One","ascension_level":4}