{"gold_per_floor":[116,116,136,311,328,328,346,381,381,415,266,278,302,314,326,433,495,518,530,467,464,493,505],"floor_reached":23,"playtime":914,"items_purged":[],"score":241,"play_id":"2814180d-98cd-427b-9a2b-e333aeb57dc6","local_time":"20180828183408","is_ascension_mode":true,"campfire_choices":[{"data":"Dualcast","floor":6,"key":"SMITH"},{"floor":12,"key":"REST"},{"data":"Darkness","floor":15,"key":"SMITH"}],"neow_cost":"NONE","seed_source_timestamp":128706095571090,"circlet_count":0,"master_deck":["Strike_B","Strike_B","Strike_B","Strike_B","Defend_B+1","Defend_B","Defend_B+1","Zap+1","Dualcast+1","Loop+1","Doubt","Sweeping Beam","Darkness+1","Self Repair","Glacier","Multi-Cast","Chill"],"relics":["Cracked Core","War Paint","Oddly Smooth Stone","Bottled Tornado","Bottled Lightning","MawBank","Tiny House","Regal Pillow"],"potions_floor_usage":[8,8,10,13,23],"damage_taken":[{"damage":0,"enemies":"2 Louse","floor":1,"turns":2},{"damage":10,"enemies":"Small Slimes","floor":3,"turns":3},{"damage":0,"enemies":"Jaw Worm","floor":5,"turns":3},{"damage":5,"enemies":"3 Louse","floor":7,"turns":3},{"damage":32,"enemies":"Gremlin Nob","floor":8,"turns":4},{"damage":19,"enemies":"Lagavulin","floor":10,"turns":6},{"damage":3,"enemies":"Looter","floor":13,"turns":4},{"damage":54,"enemies":"Hexaghost","floor":16,"turns":12},{"damage":7,"enemies":"Shell Parasite","floor":18,"turns":5},{"damage":17,"enemies":"2 Thieves","floor":21,"turns":4},{"damage":23,"enemies":"Centurion and Healer","floor":22,"turns":8},{"damage":59,"enemies":"Book of Stabbing","floor":23,"turns":7}],"seed_played":"-4146666268242906474","potions_obtained":[{"floor":3,"key":"SteroidPotion"},{"floor":5,"key":"Regen Potion"},{"floor":8,"key":"Fruit Juice"},{"floor":10,"key":"GamblersBrew"},{"floor":17,"key":"Energy Potion"},{"floor":21,"key":"Swift Potion"}],"is_trial":false,"path_per_floor":["M","?","M","?","M","R","M","E","T","E","$","R","M","$","R","B",null,"M","?","?","M","M"],"character_chosen":"DEFECT","items_purchased":["MawBank"],"campfire_rested":1,"item_purchase_floors":[11],"current_hp_per_floor":[75,75,65,65,65,65,60,40,40,33,33,57,61,61,61,7,85,85,85,85,75,59,0],"gold":505,"neow_bonus":"RANDOM_COMMON_RELIC","is_prod":false,"is_daily":false,"chose_seed":false,"campfire_upgraded":2,"win_rate":0,"timestamp":1535470448,"path_taken":["M","?","M","?","?","R","M","E","T","E","$","R","M","?","R","BOSS","M","?","?","M","?","E"],"build_version":"2018-08-23v2","purchased_purges":0,"victory":false,"max_hp_per_floor":[75,75,75,75,75,75,75,75,75,80,80,80,80,80,80,80,85,85,85,85,85,85,85],"card_choices":[{"not_picked":["Steam","Go for the Eyes"],"picked":"Loop","floor":1},{"not_picked":["Cold Snap","Barrage","Compile Driver"],"picked":"SKIP","floor":3},{"not_picked":["Fusion","Reprogram"],"picked":"Sweeping Beam","floor":5},{"not_picked":["Consume","Beam Cell"],"picked":"Darkness","floor":7},{"not_picked":["FTL","Rip and Tear"],"picked":"Self Repair","floor":8},{"not_picked":["Conserve Battery","Chaos"],"picked":"Glacier","floor":10},{"not_picked":["Gash","Go for the Eyes","Leap"],"picked":"SKIP","floor":13},{"not_picked":["Thunder Strike","Hyperbeam"],"picked":"Multi-Cast","floor":16},{"not_picked":["Leap+1","Consume","Aggregate"],"picked":"SKIP","floor":18},{"not_picked":["Hologram","Auto Shields","Steam Power"],"picked":"SKIP","floor":21},{"not_picked":["Beam Cell","Conserve Battery"],"picked":"Chill","floor":22}],"player_experience":347457,"relics_obtained":[{"floor":8,"key":"Oddly Smooth Stone"},{"floor":9,"key":"Bottled Tornado"},{"floor":10,"key":"Bottled Lightning"}],"event_choices":[{"event_name":"Living Wall","player_choice":"Grow","floor":2,"damage_taken":0},{"event_name":"Liars Game","player_choice":"agreed","floor":4,"damage_taken":0},{"event_name":"WeMeetAgain","player_choice":"Potion","floor":19,"damage_taken":0},{"event_name":"Beggar","player_choice":"Gave Gold","floor":20,"damage_taken":0}],"is_beta":false,"boss_relics":[{"not_picked":["Eternal Feather","Fusion Hammer"],"picked":"Tiny House"}],"items_purged_floors":[],"is_endless":false,"potions_floor_spawned":[3,5,8,10,21],"killed_by":"Book of Stabbing","ascension_level":4}