{"gold_per_floor":[119,138,213,225,175,201,201,221,221,221,396,396,50,83,83,160,160,180,180],"floor_reached":19,"playtime":908,"items_purged":["Doubt"],"score":289,"play_id":"fc8acf66-e8ab-4d2f-b22d-7cf49f8b4a6e","local_time":"20190414104039","is_ascension_mode":true,"campfire_choices":[{"floor":7,"key":"RECALL"},{"data":"Corruption","floor":10,"key":"SMITH"},{"data":"Intimidate","floor":15,"key":"SMITH"}],"neow_cost":"NONE","seed_source_timestamp":9129895642500,"circlet_count":0,"master_deck":["AscendersBane","Strike_R+1","Strike_R","Strike_R","Defend_R","Defend_R","Defend_R","Clothesline+1","Sentinel+1","Carnage+1","Metallicize+1","Sentinel","Evolve","Thunderclap","Corruption+1","Intimidate+1","Flame Barrier","Impervious","Doubt"],"relics":["Astrolabe","Dodecahedron","Lee\u0027s Waffle","Omamori","Calling Bell","Pen Nib","Ornamental Fan","Magic Flower"],"potions_floor_usage":[6,8,14,19],"damage_taken":[{"damage":1,"enemies":"Jaw Worm","floor":1,"turns":2},{"damage":1,"enemies":"2 Louse","floor":2,"turns":3},{"damage":0,"enemies":"Small Slimes","floor":4,"turns":2},{"damage":12,"enemies":"Lagavulin","floor":6,"turns":8},{"damage":5,"enemies":"3 Louse","floor":8,"turns":5},{"damage":29,"enemies":"Gremlin Nob","floor":14,"turns":5},{"damage":36,"enemies":"The Guardian","floor":16,"turns":14},{"damage":30,"enemies":"Spheric Guardian","floor":18,"turns":8},{"damage":41,"enemies":"Masked Bandits","floor":19,"turns":4}],"seed_played":"-4845303266953534263","potions_obtained":[{"floor":1,"key":"Block Potion"},{"floor":2,"key":"PowerPotion"},{"floor":6,"key":"Dexterity Potion"},{"floor":18,"key":"AttackPotion"}],"is_trial":false,"path_per_floor":["M","M","?","M","?","E","R","M","T","R","?","?","$","E","R","B",null,"M","?"],"character_chosen":"IRONCLAD","items_purchased":["Lee\u0027s Waffle","Intimidate"],"campfire_rested":0,"item_purchase_floors":[13,13],"current_hp_per_floor":[71,70,59,59,59,47,47,42,42,42,42,26,87,58,58,22,71,41,0],"gold":180,"neow_bonus":"BOSS_RELIC","is_prod":false,"is_daily":false,"chose_seed":false,"campfire_upgraded":2,"win_rate":0,"timestamp":1555227639,"path_taken":["M","M","?","M","?","E","R","M","T","R","?","?","$","E","R","BOSS","M","?"],"build_version":"2019-01-23","purchased_purges":1,"victory":false,"max_hp_per_floor":[80,80,80,80,80,80,80,80,80,80,80,80,87,87,87,87,87,87,87],"card_choices":[{"not_picked":["Cleave","Entrench"],"picked":"Metallicize","floor":1},{"not_picked":["Inflame","Carnage"],"picked":"Sentinel","floor":2},{"not_picked":["Wild Strike","Heavy Blade"],"picked":"Evolve","floor":4},{"not_picked":["Entrench","Wild Strike"],"picked":"Thunderclap","floor":6},{"not_picked":["Body Slam","Anger"],"picked":"Corruption","floor":8},{"not_picked":["Pommel Strike","Iron Wave"],"picked":"Flame Barrier","floor":14},{"not_picked":["Limit Break","Brutality"],"picked":"Impervious","floor":16},{"not_picked":["Headbutt","Clash","Hemokinesis+1"],"picked":"SKIP","floor":18}],"player_experience":542014,"relics_obtained":[{"floor":6,"key":"Dodecahedron"},{"floor":14,"key":"Omamori"},{"floor":17,"key":"Pen Nib"},{"floor":17,"key":"Ornamental Fan"},{"floor":17,"key":"Magic Flower"}],"event_choices":[{"damage_healed":0,"gold_gain":75,"player_choice":"Gather Gold","damage_taken":11,"max_hp_gain":0,"max_hp_loss":0,"event_name":"World of Goop","floor":3,"gold_loss":0},{"cards_removed":["Strike_R"],"damage_healed":0,"gold_gain":0,"player_choice":"Card Removal","damage_taken":0,"max_hp_gain":0,"max_hp_loss":0,"event_name":"The Cleric","floor":5,"gold_loss":50},{"damage_healed":0,"gold_gain":175,"player_choice":"AGREE","damage_taken":0,"max_hp_gain":0,"max_hp_loss":0,"event_name":"Liars Game","floor":11,"gold_loss":0,"cards_obtained":["Doubt"]},{"damage_healed":0,"gold_gain":0,"player_choice":"Entered Light","damage_taken":16,"max_hp_gain":0,"max_hp_loss":0,"event_name":"Shining Light","floor":12,"gold_loss":0,"cards_upgraded":["Strike_R","Metallicize"]},{"damage_healed":0,"gold_gain":0,"player_choice":"Fought Bandits","damage_taken":0,"max_hp_gain":0,"max_hp_loss":0,"event_name":"Masked Bandits","floor":19,"gold_loss":0}],"is_beta":false,"boss_relics":[{"not_picked":["Eternal Feather","Empty Cage"],"picked":"Calling Bell"}],"items_purged_floors":[13],"is_endless":false,"potions_floor_spawned":[1,2,6,18],"killed_by":"Masked Bandits","ascension_level":13}