{"gold_per_floor":[109,109,184,184,184,184,215,234,234,234,35,35,70,81,81,81],"floor_reached":16,"playtime":305,"items_purged":[],"score":190,"play_id":"69b4f326-3f6a-4a3e-9249-131c823a2f27","local_time":"20180924191034","is_ascension_mode":true,"campfire_choices":[{"data":"Bash","floor":6,"key":"SMITH"},{"data":"Inflame","floor":10,"key":"SMITH"},{"data":"Intimidate","floor":15,"key":"SMITH"}],"neow_cost":"NONE","seed_source_timestamp":294813480043087,"circlet_count":0,"master_deck":["Strike_R+1","Strike_R","Strike_R","Defend_R","Defend_R","Defend_R","Defend_R+1","Bash+1","Inflame+1","Intimidate+1"],"relics":["Burning Blood","NeowsBlessing","GremlinMask","Pen Nib","Bottled Tornado","Chemical X","Bag of Preparation"],"potions_floor_usage":[13,13],"damage_taken":[{"damage":0,"enemies":"Jaw Worm","floor":1,"turns":1},{"damage":0,"enemies":"3 Sentries","floor":7,"turns":1},{"damage":0,"enemies":"Small Slimes","floor":8,"turns":1},{"damage":8,"enemies":"Lagavulin","floor":13,"turns":4},{"damage":0,"enemies":"2 Louse","floor":14,"turns":3},{"damage":58,"enemies":"Hexaghost","floor":16,"turns":10}],"seed_played":"-2132112570613426342","potions_obtained":[{"floor":7,"key":"Block Potion"},{"floor":8,"key":"FearPotion"}],"is_trial":false,"path_per_floor":["M","?","?","?","?","R","E","M","T","R","$","?","E","M","R"],"character_chosen":"IRONCLAD","items_purchased":["Chemical X"],"campfire_rested":0,"item_purchase_floors":[11],"current_hp_per_floor":[78,78,67,67,51,51,57,63,63,63,63,56,54,60,60,2],"gold":81,"neow_bonus":"THREE_ENEMY_KILL","is_prod":false,"is_daily":false,"chose_seed":false,"campfire_upgraded":3,"win_rate":0,"timestamp":1537805434,"path_taken":["M","?","?","?","?","R","E","?","T","R","$","?","E","M","R","BOSS"],"build_version":"2018-09-20","purchased_purges":0,"victory":false,"max_hp_per_floor":[80,80,80,80,80,80,80,80,80,80,80,80,80,80,80,80],"card_choices":[{"not_picked":["Perfected Strike","Armaments","Feel No Pain"],"picked":"SKIP","floor":1},{"not_picked":["Entrench","Warcry","Iron Wave"],"picked":"SKIP","floor":7},{"not_picked":["Iron Wave","Havoc"],"picked":"Inflame","floor":8},{"not_picked":["Iron Wave","Fire Breathing","Rupture"],"picked":"SKIP","floor":13},{"not_picked":["Wild Strike","Clothesline"],"picked":"Intimidate","floor":14}],"player_experience":375321,"relics_obtained":[{"floor":7,"key":"Pen Nib"},{"floor":9,"key":"Bottled Tornado"},{"floor":13,"key":"Bag of Preparation"}],"event_choices":[{"event_name":"Living Wall","player_choice":"Forget","floor":2,"damage_taken":0},{"event_name":"World of Goop","player_choice":"Gather Gold","floor":3,"damage_taken":0},{"event_name":"FaceTrader","player_choice":"Trade","floor":4,"damage_taken":0},{"event_name":"Shining Light","player_choice":"Entered Light","floor":5,"damage_taken":0},{"event_name":"Golden Wing","player_choice":"Card Removal","floor":12,"damage_taken":0}],"is_beta":false,"boss_relics":[],"items_purged_floors":[],"is_endless":false,"potions_floor_spawned":[7,8],"killed_by":"Hexaghost","ascension_level":9}