{"gold_per_floor":[112,112,112,131,149,149,189,189,235,235,259,300,325,359,359,485,485,506,506,506,530,530,655,52,52,76,92,144,187,203,4,4,135,135,159,59,77,77,0,63,63,103,129,173,173,193,73,96,96,96],"floor_reached":51,"playtime":1781,"items_purged":["Strike_R","Strike_R","Bash","Strike_R"],"score":1331,"play_id":"00fbe51d-ae07-428a-8585-246e2827dfee","local_time":"20181028113954","is_ascension_mode":true,"campfire_choices":[{"data":"Rampage","floor":6,"key":"SMITH"},{"data":"Spot Weakness","floor":8,"key":"SMITH"},{"data":"Defend_R","floor":10,"key":"SMITH"},{"floor":15,"key":"REST"},{"floor":25,"key":"REST"},{"floor":32,"key":"REST"},{"floor":49,"key":"REST"}],"neow_cost":"NONE","seed_source_timestamp":251985927879600,"circlet_count":0,"master_deck":["Strike_R","Strike_R","Defend_R+1","Defend_R","Defend_R","Defend_R","AscendersBane","Whirlwind+1","Rampage+1","Spot Weakness+1","Inflame","Disarm","Reaper","RitualDagger","Disarm","Shockwave+1","Inflame+1","RitualDagger","Disarm","Inflame+1"],"relics":["Burning Blood","NeowsBlessing","Golden Idol","Anchor","PreservedInsect","Singing Bowl","Kunai","Fusion Hammer","Sundial","Dead Branch","Unceasing Top","The Courier","Bronze Scales","Turnip","Meat on the Bone","Centennial Puzzle","Oddly Smooth Stone","Regal Pillow","Red Skull","Sozu","Red Mask","Tiny Chest","Mercury Hourglass","Pen Nib","Question Card","Matryoshka"],"potions_floor_usage":[7,11,13,18,21,23,30],"damage_taken":[{"damage":0,"enemies":"2 Louse","floor":1,"turns":2},{"damage":0,"enemies":"Small Slimes","floor":4,"turns":1},{"damage":0,"enemies":"Jaw Worm","floor":5,"turns":1},{"damage":10,"enemies":"3 Sentries","floor":7,"turns":2},{"damage":0,"enemies":"Looter","floor":11,"turns":3},{"damage":32,"enemies":"Gremlin Nob","floor":12,"turns":4},{"damage":9,"enemies":"Red Slaver","floor":13,"turns":3},{"damage":20,"enemies":"3 Sentries","floor":14,"turns":4},{"damage":39,"enemies":"Hexaghost","floor":16,"turns":10},{"damage":24,"enemies":"Spheric Guardian","floor":18,"turns":4},{"damage":13,"enemies":"Shell Parasite","floor":21,"turns":4},{"damage":0,"enemies":"Colosseum Slavers","floor":23,"turns":3},{"damage":48,"enemies":"Colosseum Nobs","floor":23,"turns":4},{"damage":10,"enemies":"3 Cultists","floor":27,"turns":3},{"damage":24,"enemies":"Gremlin Leader","floor":29,"turns":4},{"damage":15,"enemies":"Centurion and Healer","floor":30,"turns":4},{"damage":83,"enemies":"Automaton","floor":33,"turns":8},{"damage":1,"enemies":"Orb Walker","floor":35,"turns":2},{"damage":19,"enemies":"3 Shapes","floor":37,"turns":4},{"damage":36,"enemies":"Reptomancer","floor":40,"turns":6},{"damage":36,"enemies":"Nemesis","floor":42,"turns":5},{"damage":11,"enemies":"Giant Head","floor":44,"turns":5},{"damage":0,"enemies":"Sphere and 2 Shapes","floor":46,"turns":2},{"damage":3,"enemies":"Maw","floor":48,"turns":6},{"damage":32,"enemies":"Time Eater","floor":50,"turns":7}],"seed_played":"790550923731744278","potions_obtained":[{"floor":1,"key":"SteroidPotion"},{"floor":7,"key":"Block Potion"},{"floor":12,"key":"SkillPotion"},{"floor":16,"key":"SkillPotion"},{"floor":18,"key":"Swift Potion"},{"floor":21,"key":"FearPotion"},{"floor":27,"key":"Weak Potion"},{"floor":29,"key":"FairyPotion"}],"is_trial":false,"path_per_floor":["M","?","?","M","M","R","E","R","T","R","M","E","M","E","R","B",null,"M","?","T","M","?","?","$","R","T","M","T","E","M","$","R","B",null,"M","$","M","?","?","E","?","E","T","E","T","M","$","M","R","B"],"character_chosen":"IRONCLAD","items_purchased":["Bronze Scales","Turnip","Meat on the Bone","Red Skull"],"campfire_rested":4,"item_purchase_floors":[24,24,24,31],"current_hp_per_floor":[78,78,58,64,70,70,66,66,66,66,72,48,45,33,58,25,69,53,47,47,40,40,16,16,42,42,56,56,72,83,83,92,44,82,89,89,83,83,83,64,64,47,47,62,62,70,70,77,97,71],"gold":96,"neow_bonus":"THREE_ENEMY_KILL","is_prod":false,"is_daily":false,"chose_seed":false,"campfire_upgraded":3,"win_rate":0,"timestamp":1540719594,"path_taken":["M","?","?","M","?","R","E","R","T","R","M","E","M","E","R","BOSS","M","?","?","?","?","?","?","R","T","M","?","E","M","$","R","BOSS","M","$","M","?","?","E","?","E","T","E","?","?","?","M","R","BOSS"],"build_version":"2018-10-25v2","purchased_purges":4,"victory":true,"max_hp_per_floor":[80,80,80,80,80,80,80,80,80,80,80,82,82,84,84,84,84,86,86,86,86,86,88,88,88,88,88,88,90,92,92,92,94,94,96,96,96,91,91,93,93,93,93,95,95,97,97,97,97,97],"card_choices":[{"not_picked":["Entrench","True Grit"],"picked":"Whirlwind","floor":1},{"not_picked":["Sword Boomerang","Warcry"],"picked":"Rampage","floor":4},{"not_picked":["Havoc","Entrench","Rupture"],"picked":"SKIP","floor":5},{"not_picked":["Fire Breathing","Heavy Blade"],"picked":"Spot Weakness","floor":7},{"not_picked":["Evolve","Cleave"],"picked":"Inflame","floor":11},{"not_picked":["True Grit","Headbutt","Sword Boomerang"],"picked":"Singing Bowl","floor":12},{"not_picked":["True Grit","Blood for Blood"],"picked":"Disarm","floor":13},{"not_picked":["Pommel Strike","Hemokinesis","Anger"],"picked":"Singing Bowl","floor":14},{"not_picked":["Dark Embrace","Bludgeon"],"picked":"Reaper","floor":16},{"not_picked":["Hemokinesis","Anger","Metallicize"],"picked":"Singing Bowl","floor":18},{"not_picked":["Intimidate+1","Pommel Strike"],"picked":"Disarm","floor":21},{"not_picked":["Clothesline","Fire Breathing+1","Shrug It Off"],"picked":"Singing Bowl","floor":23},{"not_picked":["Barricade","Havoc+1"],"picked":"Shockwave+1","floor":27},{"not_picked":["Shockwave","Second Wind","Bloodletting"],"picked":"Singing Bowl","floor":29},{"not_picked":["Clothesline","Whirlwind","Flame Barrier"],"picked":"Singing Bowl","floor":30},{"not_picked":["Juggernaut","Reaper","Feed"],"picked":"Singing Bowl","floor":33},{"not_picked":["True Grit","Ghostly Armor+1","Combust"],"picked":"Singing Bowl","floor":35},{"not_picked":["Feel No Pain","Perfected Strike"],"picked":"Inflame+1","floor":37},{"not_picked":["Sword Boomerang+1","True Grit+1","Clothesline+1"],"picked":"Singing Bowl","floor":40},{"not_picked":["Dual Wield+1","Havoc"],"picked":"Disarm","floor":42},{"not_picked":["Pummel","Thunderclap","Havoc"],"picked":"Singing Bowl","floor":44},{"not_picked":["Demon Form","Entrench","Combust+1","Clash"],"picked":"Singing Bowl","floor":46},{"not_picked":["Clothesline+1","Carnage","Warcry"],"picked":"Inflame+1","floor":48}],"player_experience":451032,"relics_obtained":[{"floor":7,"key":"Anchor"},{"floor":9,"key":"PreservedInsect"},{"floor":12,"key":"Singing Bowl"},{"floor":14,"key":"Kunai"},{"floor":20,"key":"Sundial"},{"floor":23,"key":"Unceasing Top"},{"floor":23,"key":"The Courier"},{"floor":26,"key":"Centennial Puzzle"},{"floor":28,"key":"Oddly Smooth Stone"},{"floor":29,"key":"Regal Pillow"},{"floor":40,"key":"Tiny Chest"},{"floor":42,"key":"Mercury Hourglass"},{"floor":43,"key":"Pen Nib"},{"floor":44,"key":"Question Card"},{"floor":45,"key":"Matryoshka"}],"event_choices":[{"damage_healed":0,"gold_gain":0,"player_choice":"Grow","damage_taken":0,"max_hp_gain":0,"max_hp_loss":0,"event_name":"Living Wall","floor":2,"gold_loss":0,"cards_upgraded":["Whirlwind"]},{"damage_healed":0,"gold_gain":0,"player_choice":"Take Damage","damage_taken":20,"relics_obtained":["Golden Idol"],"max_hp_gain":0,"max_hp_loss":0,"event_name":"Golden Idol","floor":3,"gold_loss":0},{"damage_healed":0,"gold_gain":0,"player_choice":"Joined the Cult","damage_taken":6,"max_hp_gain":0,"max_hp_loss":0,"event_name":"Nest","floor":19,"gold_loss":0,"cards_obtained":["RitualDagger"]},{"damage_healed":0,"gold_gain":0,"player_choice":"Opened","damage_taken":0,"relics_obtained":["Dead Branch"],"max_hp_gain":0,"max_hp_loss":0,"event_name":"The Mausoleum","floor":22,"gold_loss":0},{"damage_healed":0,"gold_gain":0,"player_choice":"Fight","damage_taken":0,"max_hp_gain":0,"max_hp_loss":0,"event_name":"Colosseum","floor":23,"gold_loss":0},{"damage_healed":0,"gold_gain":0,"player_choice":"Fought Nobs","damage_taken":0,"max_hp_gain":0,"max_hp_loss":0,"event_name":"Colosseum","floor":23,"gold_loss":0},{"damage_healed":0,"gold_gain":0,"player_choice":"Max HP","damage_taken":0,"max_hp_gain":0,"max_hp_loss":5,"event_name":"Winding Halls","floor":38,"gold_loss":0},{"damage_healed":0,"gold_gain":0,"player_choice":"Paid","damage_taken":0,"relics_obtained":["Red Mask"],"max_hp_gain":0,"max_hp_loss":0,"event_name":"Tomb of Lord Red Mask","floor":39,"gold_loss":77},{"damage_healed":0,"gold_gain":0,"player_choice":"Copied","damage_taken":0,"max_hp_gain":0,"max_hp_loss":0,"event_name":"Duplicator","floor":41,"gold_loss":0,"cards_obtained":["RitualDagger"]}],"is_beta":false,"boss_relics":[{"not_picked":["Coffee Dripper","Ectoplasm"],"picked":"Fusion Hammer"},{"not_picked":["Pandora\u0027s Box","Black Blood"],"picked":"Sozu"}],"items_purged_floors":[24,31,36,47],"is_endless":false,"potions_floor_spawned":[1,7,12,16,18,21,27,29,40,44,46],"ascension_level":11}