{"path_per_floor":["M","?","M","?","M","E","R","E","T","R","?","M","?","M","R","B",null,"M","$","T","M","M","E","?","E","T","M","E","M","R","M","R","B",null,"M","?","?","?","?","R"],"character_chosen":"IRONCLAD","items_purchased":["Paper Frog"],"gold_per_floor":[110,110,127,127,147,180,180,212,212,212,212,226,226,241,241,337,337,350,34,34,45,56,82,82,112,112,129,163,176,176,194,194,295,295,313,313,367,367,367,367],"floor_reached":41,"campfire_rested":4,"playtime":5107,"current_hp_per_floor":[77,77,80,80,80,36,36,26,26,50,43,40,24,28,52,34,80,75,75,75,75,55,42,42,17,24,20,18,24,50,44,70,54,87,87,76,45,45,45,45],"items_purged":["Regret"],"gold":367,"score":409,"play_id":"c0d2d544-7e9e-4fea-b510-36785e114450","local_time":"20180306212120","is_prod":false,"is_daily":false,"is_ascension_mode":false,"campfire_upgraded":2,"timestamp":1520364080,"path_taken":["M","?","M","?","M","E","R","E","T","R","?","M","?","?","R","BOSS","M","$","?","M","M","E","?","E","T","M","E","M","R","M","R","BOSS","M","?","?","?","?","R","E"],"build_version":"2018-03-01-PROD1","purchased_purges":1,"victory":false,"master_deck":["Strike_R","Strike_R+1","Strike_R","Defend_R+1","Defend_R","Defend_R","Bash","Hemokinesis+1","Twin Strike+1","Thunderclap","Anger","Rampage","Whirlwind+1","Intimidate","Anger","Cleave","Clothesline","Intimidate+1","Blood for Blood","Body Slam+1","Ghostly Armor+1","Cleave+1","Whirlwind+1","Flex+1","Uppercut","Reaper","Fire Breathing+1","Juggernaut+1","Disarm+1","Reckless Charge+1","Madness+1","Madness+1","Twin Strike+1"],"max_hp_per_floor":[80,80,80,80,80,80,80,80,80,80,80,80,80,80,80,80,80,80,80,80,80,80,80,80,80,87,87,87,87,87,87,87,87,87,87,87,87,87,87,87],"relics":["Burning Blood","Orichalcum","Bag of Preparation","Bag of Marbles","Bronze Scales","Centennial Puzzle","Black Star","Paper Frog","Matryoshka","Dream Catcher","Whetstone","Blood Vial","Oddly Smooth Stone","Strawberry","Kunai","Toxic Egg 2","Toolbox","Astrolabe","Peace Pipe"],"card_choices":[{"not_picked":["Second Wind","Armaments"],"picked":"Twin Strike"},{"not_picked":["Dark Embrace","Clothesline"],"picked":"Iron Wave"},{"not_picked":["Headbutt","Rage"],"picked":"Thunderclap"},{"not_picked":["Brutality","Dual Wield"],"picked":"Anger"},{"not_picked":["Offering","Body Slam"],"picked":"Rampage"},{"not_picked":["Sever Soul","Infernal Blade"],"picked":"Whirlwind"},{"not_picked":["Warcry","Rage"],"picked":"Intimidate"},{"not_picked":["Brutality","Barricade"],"picked":"Demon Form"},{"not_picked":["Hemokinesis","Thunderclap"],"picked":"Anger"},{"not_picked":["Twin Strike","Warcry"],"picked":"Cleave"},{"not_picked":["Clash","Perfected Strike"],"picked":"Clothesline"},{"not_picked":["Burning Pact","Corruption"],"picked":"Intimidate"},{"not_picked":["Clothesline","Perfected Strike"],"picked":"Blood for Blood"},{"not_picked":["True Grit","Battle Trance"],"picked":"Body Slam"},{"not_picked":["Pommel Strike","Impervious"],"picked":"Ghostly Armor"},{"not_picked":["Whirlwind","Pommel Strike"],"picked":"Cleave"},{"not_picked":["Pommel Strike","Headbutt"],"picked":"Whirlwind"},{"not_picked":["Feel No Pain","Entrench"],"picked":"Flex"},{"not_picked":["Battle Trance","Hemokinesis"],"picked":"Uppercut"},{"not_picked":["Bludgeon","Berserk"],"picked":"Reaper"},{"not_picked":["Clash","Shrug It Off"],"picked":"Reckless Charge"},{"not_picked":["Power Through","Shrug It Off"],"picked":"Twin Strike"}],"player_experience":5525,"potions_floor_usage":[8,14,16,23,28,29,33,41,41,41],"damage_taken":[{"damage":9,"enemies":"Jaw Worm","floor":1,"turns":2},{"damage":3,"enemies":"Cultist","floor":3,"turns":4},{"damage":6,"enemies":"Small Slimes","floor":5,"turns":2},{"damage":50,"enemies":"Gremlin Nob","floor":6,"turns":6},{"damage":28,"enemies":"Lagavulin","floor":8,"turns":5},{"damage":9,"enemies":"Exordium Wildlife","floor":12,"turns":4},{"damage":2,"enemies":"Large Slime","floor":14,"turns":3},{"damage":24,"enemies":"Hexaghost","floor":16,"turns":6},{"damage":11,"enemies":"Chosen","floor":18,"turns":6},{"damage":6,"enemies":"3 Byrds","floor":21,"turns":2},{"damage":26,"enemies":"Snake Plant","floor":22,"turns":3},{"damage":19,"enemies":"Slavers","floor":23,"turns":3},{"damage":31,"enemies":"Gremlin Leader","floor":25,"turns":5},{"damage":12,"enemies":"Centurion and Healer","floor":27,"turns":5},{"damage":10,"enemies":"Book of Stabbing","floor":28,"turns":4},{"damage":2,"enemies":"Sentry and Sphere","floor":29,"turns":4},{"damage":14,"enemies":"Cultist and Chosen","floor":31,"turns":5},{"damage":39,"enemies":"Champ","floor":33,"turns":11},{"damage":0,"enemies":"3 Darklings","floor":35,"turns":1},{"damage":39,"enemies":"Mysterious Sphere","floor":37,"turns":4},{"damage":74,"enemies":"2 Orb Walkers","floor":41,"turns":6}],"event_choices":[{"event_name":"Transmorgrifier","player_choice":"Transform","floor":2,"damage_taken":0},{"event_name":"Big Fish","player_choice":"Box","floor":4,"damage_taken":0},{"event_name":"Scrap Ooze","player_choice":"success","floor":11,"damage_taken":7},{"event_name":"Shining Light","player_choice":"Entered Light","floor":13,"damage_taken":0},{"event_name":"Drug Dealer","player_choice":"Ignored","floor":24,"damage_taken":0},{"event_name":"Winding Halls","player_choice":"Embrace Madness","floor":36,"damage_taken":0},{"event_name":"Mysterious Sphere","player_choice":"Fight","floor":37,"damage_taken":0},{"event_name":"Tomb of Lord Red Mask","player_choice":"Ignored","floor":39,"damage_taken":0}],"boss_relics":[{"not_picked":["Runic Pyramid","Velvet Choker"],"picked":"Black Star"},{"not_picked":["Sozu","Black Blood"],"picked":"Astrolabe"}],"potions_floor_spawned":[1,8,12,14,27,28,29,31,33,37],"seed_played":"-4872296804074698276","killed_by":"2 Orb Walkers","ascension_level":0,"is_trial":false}