{"gold_per_floor":[117,129,142,161,173,208,208,228,255,330,353,367,367,385,385,385],"floor_reached":16,"playtime":799,"items_purged":[],"score":135,"play_id":"f19e613d-6ac1-46a1-a981-f6e12e451a21","local_time":"20190403102934","is_ascension_mode":true,"campfire_choices":[{"floor":13,"key":"REST"},{"floor":15,"key":"REST"}],"neow_cost":"NONE","seed_source_timestamp":9602361603300,"circlet_count":0,"master_deck":["Strike_B","Strike_B","Strike_B","Strike_B","Defend_B","Defend_B","Defend_B","Defend_B","Zap","Dualcast","Cold Snap","Chill","White Noise","Force Field","Seek","Buffer","Melter","Turbo","Coolheaded"],"relics":["Cracked Core","NeowsBlessing","Pear","Golden Idol"],"potions_floor_usage":[6,6,11,11,12,16],"damage_taken":[{"damage":0,"enemies":"Small Slimes","floor":1,"turns":1},{"damage":0,"enemies":"Jaw Worm","floor":2,"turns":1},{"damage":0,"enemies":"Cultist","floor":3,"turns":1},{"damage":0,"enemies":"Exordium Thugs","floor":4,"turns":5},{"damage":12,"enemies":"Blue Slaver","floor":5,"turns":3},{"damage":20,"enemies":"3 Sentries","floor":6,"turns":9},{"damage":3,"enemies":"Exordium Wildlife","floor":8,"turns":5},{"damage":15,"enemies":"Lots of Slimes","floor":11,"turns":4},{"damage":13,"enemies":"Large Slime","floor":12,"turns":7},{"damage":8,"enemies":"Looter","floor":14,"turns":4},{"damage":48,"enemies":"Slime Boss","floor":16,"turns":14}],"seed_played":"-742328564273942299","potions_obtained":[{"floor":4,"key":"Swift Potion"},{"floor":5,"key":"PowerPotion"},{"floor":6,"key":"LiquidBronze"},{"floor":8,"key":"Regen Potion"},{"floor":11,"key":"Weak Potion"},{"floor":14,"key":"Block Potion"}],"is_trial":false,"path_per_floor":["M","M","M","M","M","E","?","M","T","?","M","M","R","M","R","B"],"character_chosen":"DEFECT","items_purchased":[],"campfire_rested":2,"item_purchase_floors":[],"current_hp_per_floor":[75,75,75,75,63,53,32,29,29,21,18,5,30,22,47,0],"gold":385,"neow_bonus":"THREE_ENEMY_KILL","is_prod":false,"is_daily":false,"chose_seed":false,"campfire_upgraded":0,"win_rate":0,"timestamp":1554276574,"path_taken":["M","M","M","M","M","E","?","M","T","?","M","?","R","M","R","BOSS"],"build_version":"2019-01-23","purchased_purges":0,"victory":false,"max_hp_per_floor":[75,75,75,75,75,85,85,85,85,85,85,85,85,85,85,85],"card_choices":[{"not_picked":["Gash","Aggregate"],"picked":"Cold Snap","floor":1},{"not_picked":["Defragment","Conserve Battery"],"picked":"Chill","floor":2},{"not_picked":["Turbo","Self Repair"],"picked":"White Noise","floor":3},{"not_picked":["Coolheaded","Leap"],"picked":"Force Field","floor":4},{"not_picked":["Stack","Sweeping Beam"],"picked":"Seek","floor":5},{"not_picked":["Streamline","Heatsinks"],"picked":"Buffer","floor":6},{"not_picked":["Beam Cell","Scrape"],"picked":"Melter","floor":8},{"not_picked":["Steam Power","Genetic Algorithm"],"picked":"Turbo","floor":11},{"not_picked":["Streamline","Hologram","Turbo"],"picked":"SKIP","floor":12},{"not_picked":["Genetic Algorithm","Stack"],"picked":"Coolheaded","floor":14}],"player_experience":514798,"relics_obtained":[{"floor":6,"key":"Pear"}],"event_choices":[{"damage_healed":0,"gold_gain":0,"player_choice":"Take Damage","damage_taken":21,"relics_obtained":["Golden Idol"],"max_hp_gain":0,"max_hp_loss":0,"event_name":"Golden Idol","floor":7,"gold_loss":0},{"damage_healed":0,"gold_gain":75,"player_choice":"Touch","damage_taken":8,"max_hp_gain":0,"max_hp_loss":0,"event_name":"FaceTrader","floor":10,"gold_loss":0}],"is_beta":false,"boss_relics":[],"items_purged_floors":[],"is_endless":false,"potions_floor_spawned":[4,5,6,8,11,14],"killed_by":"Slime Boss","ascension_level":5}