{"gold_per_floor":[119,119,134,148,168,168,168,207,207,250,32,47,47,60,60,189,189,209,109,132,132,132,175,175,188,188,188,211,226,308,333,333,333],"floor_reached":33,"playtime":1246,"items_purged":["Strike_R","Regret"],"score":441,"play_id":"3d86a5ca-f158-44b4-b058-69e6d585ab1f","local_time":"20180929211341","is_ascension_mode":true,"campfire_choices":[{"data":"Rampage","floor":6,"key":"SMITH"},{"data":"Heavy Blade","floor":13,"key":"SMITH"},{"floor":15,"key":"REST"},{"floor":24,"key":"REST"},{"floor":32,"key":"REST"}],"neow_cost":"NONE","seed_source_timestamp":733249239741717,"circlet_count":0,"master_deck":["Strike_R","Strike_R","Strike_R","Strike_R","Defend_R","Defend_R","Defend_R","Defend_R","Bash","Pommel Strike","Heavy Blade+1","Flex","Rampage+1","Infernal Blade+1","Seeing Red","Shrug It Off","Immolate","Decay","Doubt","Flex+1","Power Through+1","Limit Break","Disarm","Spot Weakness","Intimidate"],"relics":["Burning Blood","Golden Idol","PreservedInsect","Bottled Lightning","Red Skull","Calipers","Orichalcum","Calling Bell","Bag of Marbles","Ornamental Fan","Dead Branch","Happy Flower","Question Card","Paper Frog"],"potions_floor_usage":[3,4,5,5,5,8,14,16,18,23,23,27,27,29,31,33],"damage_taken":[{"damage":1,"enemies":"2 Louse","floor":1,"turns":3},{"damage":15,"enemies":"Small Slimes","floor":3,"turns":3},{"damage":6,"enemies":"Cultist","floor":4,"turns":3},{"damage":1,"enemies":"Exordium Wildlife","floor":5,"turns":3},{"damage":20,"enemies":"Lagavulin","floor":8,"turns":3},{"damage":15,"enemies":"3 Sentries","floor":10,"turns":4},{"damage":8,"enemies":"Lots of Slimes","floor":12,"turns":3},{"damage":3,"enemies":"3 Louse","floor":14,"turns":2},{"damage":66,"enemies":"Hexaghost","floor":16,"turns":10},{"damage":21,"enemies":"Spheric Guardian","floor":18,"turns":4},{"damage":17,"enemies":"2 Thieves","floor":20,"turns":4},{"damage":6,"enemies":"Book of Stabbing","floor":23,"turns":2},{"damage":34,"enemies":"Chosen and Byrds","floor":25,"turns":7},{"damage":9,"enemies":"Colosseum Slavers","floor":27,"turns":4},{"damage":0,"enemies":"Snake Plant","floor":28,"turns":2},{"damage":0,"enemies":"Centurion and Healer","floor":29,"turns":4},{"damage":2,"enemies":"Snecko","floor":31,"turns":3},{"damage":92,"enemies":"Champ","floor":33,"turns":8}],"seed_played":"3346569978201681216","potions_obtained":[{"floor":0,"key":"EntropicBrew"},{"floor":0,"key":"BloodPotion"},{"floor":0,"key":"Swift Potion"},{"floor":3,"key":"Dexterity Potion"},{"floor":10,"key":"Energy Potion"},{"floor":12,"key":"Explosive Potion"},{"floor":14,"key":"FearPotion"},{"floor":20,"key":"Fire Potion"},{"floor":21,"key":"AttackPotion"},{"floor":21,"key":"FearPotion"},{"floor":25,"key":"Poison Potion"},{"floor":28,"key":"Block Potion"},{"floor":29,"key":"Block Potion"},{"floor":31,"key":"Strength Potion"}],"is_trial":false,"path_per_floor":["M","?","M","M","M","R","?","E","T","E","$","M","R","M","R","B",null,"M","$","M","?","?","E","R","M","T","?","M","M","T","M","R"],"character_chosen":"IRONCLAD","items_purchased":["Orichalcum"],"campfire_rested":3,"item_purchase_floors":[11],"current_hp_per_floor":[77,57,56,56,61,61,61,47,47,38,38,36,36,39,63,9,62,47,47,36,36,36,36,60,32,32,29,35,41,41,45,69,0],"gold":333,"neow_bonus":"THREE_SMALL_POTIONS","is_prod":false,"is_daily":false,"chose_seed":false,"campfire_upgraded":2,"win_rate":0,"timestamp":1538244821,"path_taken":["M","?","?","M","M","R","?","E","T","E","$","M","R","M","R","BOSS","M","$","M","?","?","E","R","?","T","?","M","M","?","?","R","BOSS"],"build_version":"2018-09-27","purchased_purges":2,"victory":false,"max_hp_per_floor":[80,80,80,80,80,80,80,80,80,80,80,80,80,80,80,80,80,80,80,80,80,80,80,80,80,80,80,80,80,80,80,80,80],"card_choices":[{"not_picked":["Anger","Armaments"],"picked":"Pommel Strike","floor":1},{"not_picked":["Sword Boomerang","Clothesline"],"picked":"Heavy Blade","floor":3},{"not_picked":["Fire Breathing","Headbutt"],"picked":"Flex","floor":4},{"not_picked":["Corruption","Armaments"],"picked":"Rampage","floor":5},{"not_picked":["Cleave","Fire Breathing"],"picked":"Infernal Blade","floor":8},{"not_picked":["Power Through","Headbutt","Rupture"],"picked":"SKIP","floor":10},{"not_picked":["Metallicize","Wild Strike"],"picked":"Seeing Red","floor":12},{"not_picked":["Fire Breathing","Rupture"],"picked":"Shrug It Off","floor":14},{"not_picked":["Berserk","Brutality"],"picked":"Immolate","floor":16},{"not_picked":["Shrug It Off+1","Armaments"],"picked":"Flex+1","floor":18},{"not_picked":["Evolve","Anger","Thunderclap"],"picked":"SKIP","floor":20},{"not_picked":["True Grit+1","Armaments"],"picked":"Power Through+1","floor":23},{"not_picked":["Flame Barrier","Havoc+1"],"picked":"Limit Break","floor":25},{"not_picked":["Pommel Strike","Shrug It Off","Body Slam+1"],"picked":"Disarm","floor":28},{"not_picked":["Headbutt+1","Carnage","Pommel Strike"],"picked":"Spot Weakness","floor":29},{"not_picked":["Havoc","Cleave","Rupture"],"picked":"Intimidate","floor":31}],"player_experience":400657,"relics_obtained":[{"floor":8,"key":"Bottled Lightning"},{"floor":9,"key":"Red Skull"},{"floor":10,"key":"Calipers"},{"floor":17,"key":"Bag of Marbles"},{"floor":17,"key":"Ornamental Fan"},{"floor":17,"key":"Dead Branch"},{"floor":23,"key":"Happy Flower"},{"floor":26,"key":"Question Card"},{"floor":30,"key":"Paper Frog"}],"event_choices":[{"event_name":"Golden Idol","player_choice":"Take Damage","floor":2,"damage_taken":0},{"event_name":"WeMeetAgain","player_choice":"Potion","floor":7,"damage_taken":0},{"event_name":"The Lab","player_choice":"Got Potions","floor":21,"damage_taken":0},{"event_name":"Upgrade Shrine","player_choice":"Upgraded","floor":22,"damage_taken":0},{"event_name":"Colosseum","player_choice":"Fight","floor":27,"damage_taken":0},{"event_name":"Colosseum","player_choice":"Fled From Nobs","floor":27,"damage_taken":0}],"is_beta":false,"boss_relics":[{"not_picked":["Runic Cube","Pandora\u0027s Box"],"picked":"Calling Bell"}],"items_purged_floors":[11,19],"is_endless":false,"potions_floor_spawned":[3,10,12,14,20,25,27,28,29,31],"killed_by":"Champ","ascension_level":9}