{"path_per_floor":["M","M","$","?","M","E","?","E","T","?","M","M","R","?","R","B",null,"M","M","?","M","T","R","E","R","T","R","?","$","M","M","R"],"character_chosen":"IRONCLAD","items_purchased":["Rampage","Thread and Needle","Letter Opener"],"gold_per_floor":[117,128,14,189,202,230,230,255,255,255,276,291,291,322,322,450,450,470,491,416,431,731,731,770,770,795,795,795,131,149,174,174],"floor_reached":33,"campfire_rested":4,"playtime":2473,"current_hp_per_floor":[80,80,80,80,80,59,43,42,42,42,25,18,42,21,45,33,87,69,50,50,27,27,53,29,29,29,55,61,61,67,72,72],"items_purged":["Strike_R","Doubt"],"gold":174,"score":300,"play_id":"aba40098-30ad-4308-8780-050ad9734a26","local_time":"20180308171713","is_prod":false,"is_daily":false,"is_ascension_mode":false,"campfire_upgraded":2,"timestamp":1520522233,"path_taken":["M","M","$","?","?","E","?","E","T","?","M","M","R","?","R","BOSS","M","M","?","?","?","R","E","R","T","R","?","$","M","?","R","BOSS"],"build_version":"2018-03-01-PROD1","purchased_purges":2,"victory":false,"master_deck":["Strike_R","Strike_R","Strike_R","Strike_R","Defend_R","Defend_R","Defend_R","Defend_R","Bash+1","Spot Weakness+1","Pummel","Rampage","Dropkick","Fire Breathing","Headbutt","Injury","Disarm","Searing Blow","Blood for Blood","Berserk+1","Writhe","Clumsy","Armaments","Twin Strike","Cleave","Berserk+1","Writhe","Finesse","Cleave","Uppercut"],"max_hp_per_floor":[80,80,80,80,80,80,80,80,80,80,80,80,80,80,80,80,87,87,87,87,87,87,87,87,87,87,87,93,93,93,93,93],"relics":["Burning Blood","NeowsBlessing","Vajra","Bag of Preparation","Champion Belt","Golden Idol","Odd Mushroom","Calling Bell","Strawberry","Magic Flower","Ancient Tea Set","Old Coin","Darkstone Periapt","Orichalcum","Thread and Needle","Letter Opener"],"card_choices":[{"not_picked":["Body Slam","Sever Soul"],"picked":"Spot Weakness"},{"not_picked":["True Grit","Thunderclap"],"picked":"Pummel"},{"not_picked":["Feel No Pain","Clothesline"],"picked":"Dropkick"},{"not_picked":["Pommel Strike","Flex"],"picked":"Fire Breathing"},{"not_picked":["Hemokinesis","Body Slam"],"picked":"Headbutt"},{"not_picked":["Perfected Strike","Intimidate"],"picked":"Disarm"},{"not_picked":["Bludgeon","Spot Weakness"],"picked":"Searing Blow"},{"not_picked":["Warcry","Sword Boomerang"],"picked":"Blood for Blood"},{"not_picked":["Fiend Fire","Offering"],"picked":"Berserk"},{"not_picked":["Rage","True Grit"],"picked":"Armaments"},{"not_picked":["Body Slam","Carnage"],"picked":"Twin Strike"},{"not_picked":["Clothesline","Entrench"],"picked":"Cleave"},{"not_picked":["Rage","Perfected Strike"],"picked":"Berserk"},{"not_picked":["Sword Boomerang","Flex"],"picked":"Cleave"},{"not_picked":["Corruption","Clash"],"picked":"Uppercut"}],"player_experience":48026,"potions_floor_usage":[8,8,18,24,30,33],"damage_taken":[{"damage":0,"enemies":"Small Slimes","floor":1,"turns":1},{"damage":0,"enemies":"Jaw Worm","floor":2,"turns":1},{"damage":0,"enemies":"Cultist","floor":5,"turns":1},{"damage":27,"enemies":"Gremlin Nob","floor":6,"turns":4},{"damage":22,"enemies":"3 Sentries","floor":8,"turns":6},{"damage":23,"enemies":"Lots of Slimes","floor":11,"turns":3},{"damage":13,"enemies":"Exordium Wildlife","floor":12,"turns":3},{"damage":27,"enemies":"The Mushroom Lair","floor":14,"turns":5},{"damage":18,"enemies":"Hexaghost","floor":16,"turns":7},{"damage":27,"enemies":"2 Thieves","floor":18,"turns":5},{"damage":28,"enemies":"Chosen","floor":19,"turns":7},{"damage":32,"enemies":"Snake Plant","floor":21,"turns":4},{"damage":33,"enemies":"Slavers","floor":24,"turns":6},{"damage":3,"enemies":"Centurion and Healer","floor":30,"turns":7},{"damage":4,"enemies":"Snecko","floor":31,"turns":4},{"damage":105,"enemies":"Automaton","floor":33,"turns":8}],"event_choices":[{"event_name":"Liars Game","player_choice":"agreed","floor":4,"damage_taken":0},{"event_name":"Shining Light","player_choice":"Entered Light","floor":7,"damage_taken":0},{"event_name":"Golden Idol","player_choice":"Take Wound","floor":10,"damage_taken":0},{"event_name":"Mushrooms","player_choice":"Fought Mushrooms","floor":14,"damage_taken":0},{"event_name":"Beggar","player_choice":"Gave Gold","floor":20,"damage_taken":0},{"event_name":"Match and Keep!","player_choice":"2 cards matched","floor":28,"damage_taken":0}],"boss_relics":[{"not_picked":["Lizard Tail","Runic Cube"],"picked":"Calling Bell"}],"potions_floor_spawned":[5,6,16,19,21,31],"seed_played":"-7868933775063324839","killed_by":"Automaton","ascension_level":0,"is_trial":false}