{"gold_per_floor":[112,287,302,377,377,377,404,416,416,441,459,459,471,501,501,598,598,614,630,209,225,225,225,69,79,79,79,92,92,92,17,17,17],"floor_reached":33,"playtime":1244,"items_purged":["Regret"],"score":363,"play_id":"fd0d3859-f8f2-4c8f-8fad-5be5c1c3cb99","local_time":"20190710204430","is_ascension_mode":true,"campfire_choices":[{"data":"Bouncing Flask","floor":6,"key":"SMITH"},{"floor":12,"key":"REST"},{"floor":15,"key":"REST"},{"floor":23,"key":"REST"},{"floor":27,"key":"REST"},{"floor":29,"key":"REST"},{"floor":32,"key":"REST"}],"neow_cost":"NONE","seed_source_timestamp":47396376287400,"circlet_count":0,"master_deck":["Strike_G","Strike_G","Strike_G","Strike_G","Strike_G","Defend_G","Defend_G","Defend_G","Defend_G","Defend_G","Survivor","Neutralize","Bouncing Flask+1","Deadly Poison","Infinite Blades","Bouncing Flask","Crippling Poison","Deadly Poison","Backflip","Backstab","Adrenaline","PiercingWail+1","Outmaneuver+1","Bane+1"],"relics":["Ring of the Snake","NeowsBlessing","Shuriken","Ice Cream","Lantern","Shovel","Black Star","Juzu Bracelet","Toolbox","Nilry\u0027s Codex","Blood Vial","Strawberry"],"potions_floor_usage":[8,13,14,19,19,28],"damage_taken":[{"damage":0,"enemies":"2 Louse","floor":1,"turns":1},{"damage":0,"enemies":"Small Slimes","floor":3,"turns":1},{"damage":0,"enemies":"Lagavulin","floor":7,"turns":1},{"damage":6,"enemies":"Jaw Worm","floor":8,"turns":2},{"damage":34,"enemies":"Gremlin Nob","floor":10,"turns":4},{"damage":7,"enemies":"2 Fungi Beasts","floor":11,"turns":3},{"damage":1,"enemies":"Looter","floor":13,"turns":3},{"damage":26,"enemies":"3 Sentries","floor":14,"turns":8},{"damage":17,"enemies":"The Guardian","floor":16,"turns":8},{"damage":10,"enemies":"Chosen","floor":18,"turns":5},{"damage":0,"enemies":"Spheric Guardian","floor":19,"turns":2},{"damage":15,"enemies":"Snecko","floor":21,"turns":5},{"damage":19,"enemies":"Snake Plant","floor":25,"turns":4},{"damage":22,"enemies":"3 Cultists","floor":28,"turns":6},{"damage":76,"enemies":"Champ","floor":33,"turns":9}],"seed_played":"-4822394113893742481","potions_obtained":[{"floor":3,"key":"Poison Potion"},{"floor":11,"key":"EssenceOfSteel"},{"floor":13,"key":"Poison Potion"},{"floor":14,"key":"SteroidPotion"},{"floor":18,"key":"Poison Potion"},{"floor":19,"key":"Strength Potion"},{"floor":25,"key":"SkillPotion"}],"is_trial":false,"path_per_floor":["M","?","M","?","?","R","E","M","T","E","M","R","M","E","R","B",null,"M","M","$","M","?","R","$","M","T","R","M","R","?","?","R","B"],"character_chosen":"THE_SILENT","items_purchased":["Juzu Bracelet","Toolbox","Blood Vial"],"campfire_rested":6,"item_purchase_floors":[20,20,24],"current_hp_per_floor":[70,70,70,59,59,59,59,53,53,19,12,33,32,6,27,10,55,45,45,45,30,14,35,35,18,25,48,28,51,37,37,61,0],"gold":17,"neow_bonus":"THREE_ENEMY_KILL","is_prod":false,"is_daily":false,"chose_seed":false,"campfire_upgraded":1,"win_rate":0,"timestamp":1562780670,"path_taken":["M","?","M","?","?","R","E","?","T","E","M","R","M","E","R","BOSS","M","M","$","M","?","R","$","M","T","R","M","R","?","?","R","BOSS"],"build_version":"2019-07-05","purchased_purges":1,"victory":false,"max_hp_per_floor":[70,70,70,70,70,70,70,70,70,70,70,70,70,70,70,70,70,70,70,70,70,70,70,70,70,77,77,77,77,82,82,82,82],"card_choices":[{"not_picked":["Outmaneuver","Acrobatics"],"picked":"Bouncing Flask","floor":1},{"not_picked":["Dodge and Roll","Heel Hook"],"picked":"Deadly Poison","floor":3},{"not_picked":["Setup","Prepared"],"picked":"Infinite Blades","floor":7},{"not_picked":["Reflex","Escape Plan"],"picked":"Bouncing Flask","floor":8},{"not_picked":["Backflip","Sucker Punch"],"picked":"Crippling Poison","floor":10},{"not_picked":["Phantasmal Killer","Outmaneuver"],"picked":"Deadly Poison","floor":11},{"not_picked":["Dodge and Roll","Choke"],"picked":"Backflip","floor":13},{"not_picked":["Dagger Spray","Outmaneuver"],"picked":"Backstab","floor":14},{"not_picked":["Tools of the Trade","Malaise"],"picked":"Adrenaline","floor":16},{"not_picked":["Deadly Poison","Flechettes+1"],"picked":"PiercingWail+1","floor":18},{"not_picked":["Backflip","Unload"],"picked":"Outmaneuver+1","floor":19},{"not_picked":["Underhanded Strike","Eviscerate"],"picked":"Bane+1","floor":21},{"not_picked":["Concentrate","Dodge and Roll","Slice+1"],"picked":"SKIP","floor":25},{"not_picked":["Acrobatics","Flechettes","Sucker Punch"],"picked":"SKIP","floor":28}],"player_experience":658331,"relics_obtained":[{"floor":7,"key":"Ice Cream"},{"floor":10,"key":"Lantern"},{"floor":14,"key":"Shovel"},{"floor":22,"key":"Nilry\u0027s Codex"},{"floor":26,"key":"Strawberry"}],"event_choices":[{"damage_healed":0,"gold_gain":175,"player_choice":"AGREE","damage_taken":0,"max_hp_gain":0,"max_hp_loss":0,"event_name":"Liars Game","floor":2,"gold_loss":0,"cards_obtained":["Doubt"]},{"damage_healed":0,"gold_gain":75,"player_choice":"Gather Gold","damage_taken":11,"max_hp_gain":0,"max_hp_loss":0,"event_name":"World of Goop","floor":4,"gold_loss":0},{"damage_healed":0,"gold_gain":0,"player_choice":"Box","damage_taken":0,"relics_obtained":["Shuriken"],"max_hp_gain":0,"max_hp_loss":0,"event_name":"Big Fish","floor":5,"gold_loss":0,"cards_obtained":["Regret"]},{"damage_healed":0,"gold_gain":0,"player_choice":"Obtained Book","damage_taken":16,"max_hp_gain":0,"max_hp_loss":0,"event_name":"Cursed Tome","floor":22,"gold_loss":0},{"damage_healed":0,"gold_gain":0,"player_choice":"Shed Blood","damage_taken":19,"max_hp_gain":5,"max_hp_loss":0,"event_name":"Forgotten Altar","floor":30,"gold_loss":0},{"cards_removed":["Doubt"],"damage_healed":0,"gold_gain":0,"player_choice":"Gave Gold","damage_taken":0,"max_hp_gain":0,"max_hp_loss":0,"event_name":"Beggar","floor":31,"gold_loss":75}],"is_beta":false,"boss_relics":[{"not_picked":["Velvet Choker","Ectoplasm"],"picked":"Black Star"}],"items_purged_floors":[20],"is_endless":false,"potions_floor_spawned":[3,11,13,14,18,19,25],"killed_by":"Champ","ascension_level":5}