{"gold_per_floor":[118,118,132,132,145,145,145,145,145,165,182,212,301,278,290,379,391,419,448,81,81,94,94],"floor_reached":23,"playtime":713,"items_purged":[],"score":315,"play_id":"09638f71-8b69-452f-9445-1d5f20999fb7","local_time":"20190414220654","is_ascension_mode":true,"campfire_choices":[{"floor":6,"key":"RECALL"},{"data":"Uppercut","floor":8,"key":"SMITH"},{"floor":15,"key":"REST"}],"neow_cost":"NONE","seed_source_timestamp":50500938314700,"circlet_count":0,"master_deck":["AscendersBane","Strike_R","Strike_R","Strike_R","Strike_R","Strike_R","Defend_R","Defend_R","Defend_R","Defend_R","Bash","Uppercut+1","Pummel","Iron Wave","Iron Wave","Shrug It Off","Barricade","Fire Breathing","Fire Breathing","Iron Wave","Thunderclap","Infernal Blade","Whirlwind","Apotheosis+1"],"relics":["Velvet Choker","Du-Vu Doll","MawBank","Mummified Hand","Orrery","MealTicket"],"potions_floor_usage":[3,5,16,22],"damage_taken":[{"damage":4,"enemies":"2 Louse","floor":1,"turns":3},{"damage":0,"enemies":"Cultist","floor":3,"turns":3},{"damage":8,"enemies":"Jaw Worm","floor":5,"turns":2},{"damage":5,"enemies":"2 Fungi Beasts","floor":10,"turns":3},{"damage":9,"enemies":"Red Slaver","floor":11,"turns":2},{"damage":7,"enemies":"Gremlin Nob","floor":12,"turns":3},{"damage":20,"enemies":"The Guardian","floor":16,"turns":10},{"damage":3,"enemies":"Chosen","floor":18,"turns":3},{"damage":3,"enemies":"3 Byrds","floor":19,"turns":4},{"damage":50,"enemies":"Cultist and Chosen","floor":22,"turns":7},{"damage":24,"enemies":"Gremlin Leader","floor":23,"turns":4}],"seed_played":"-7618714547581807127","potions_obtained":[{"floor":2,"key":"Poison Potion"},{"floor":2,"key":"SkillPotion"},{"floor":5,"key":"SpeedPotion"},{"floor":11,"key":"Fire Potion"},{"floor":16,"key":"SmokeBomb"},{"floor":19,"key":"Ancient Potion"}],"is_trial":false,"path_per_floor":["M","?","M","$","M","R","?","R","T","M","M","E","T","?","R","B",null,"M","M","$","?","M","E"],"character_chosen":"IRONCLAD","items_purchased":["Apotheosis","MealTicket"],"campfire_rested":1,"item_purchase_floors":[20,20],"current_hp_per_floor":[68,68,68,68,60,60,42,42,42,37,28,21,21,41,65,45,71,68,65,65,65,15,0],"gold":94,"neow_bonus":"BOSS_RELIC","is_prod":false,"is_daily":false,"chose_seed":false,"campfire_upgraded":1,"win_rate":0,"timestamp":1555268814,"path_taken":["M","?","?","$","M","R","?","R","T","M","M","E","?","?","R","BOSS","M","M","$","?","?","E"],"build_version":"2019-01-23","purchased_purges":0,"victory":false,"max_hp_per_floor":[80,80,80,80,80,80,80,80,80,80,80,80,80,80,80,80,80,80,80,80,80,80,80],"card_choices":[{"not_picked":["Armaments","Perfected Strike"],"picked":"Uppercut","floor":1},{"not_picked":["Headbutt","Sentinel"],"picked":"Pummel","floor":3},{"not_picked":["Shrug It Off","Cleave"],"picked":"Iron Wave","floor":5},{"not_picked":["Warcry","Sword Boomerang","Anger"],"picked":"SKIP","floor":10},{"not_picked":["Impervious","Headbutt"],"picked":"Iron Wave","floor":11},{"not_picked":["Pommel Strike","Power Through"],"picked":"Shrug It Off","floor":12},{"not_picked":["Immolate","Reaper"],"picked":"Barricade","floor":16},{"not_picked":["Blood for Blood","Wild Strike"],"picked":"Fire Breathing","floor":17},{"not_picked":["Body Slam","Cleave"],"picked":"Fire Breathing","floor":17},{"not_picked":["Blood for Blood","Flex"],"picked":"Iron Wave","floor":17},{"not_picked":["Dropkick","Havoc"],"picked":"Thunderclap","floor":17},{"not_picked":["Seeing Red","Impervious"],"picked":"Infernal Blade","floor":17},{"not_picked":["Armaments","Shrug It Off","Anger"],"picked":"SKIP","floor":18},{"not_picked":["Ghostly Armor","Pommel Strike+1"],"picked":"Whirlwind","floor":19},{"not_picked":["True Grit","Second Wind","Wild Strike"],"picked":"SKIP","floor":22}],"player_experience":547406,"relics_obtained":[{"floor":12,"key":"MawBank"},{"floor":13,"key":"Mummified Hand"}],"event_choices":[{"damage_healed":0,"gold_gain":0,"player_choice":"Got Potions","damage_taken":0,"max_hp_gain":0,"max_hp_loss":0,"event_name":"Lab","floor":2,"gold_loss":0},{"damage_healed":0,"gold_gain":0,"player_choice":"Success","damage_taken":18,"relics_obtained":["Du-Vu Doll"],"max_hp_gain":0,"max_hp_loss":0,"event_name":"Scrap Ooze","floor":7,"gold_loss":0},{"damage_healed":20,"gold_gain":0,"player_choice":"Healed","damage_taken":0,"max_hp_gain":0,"max_hp_loss":0,"event_name":"The Cleric","floor":14,"gold_loss":35},{"damage_healed":0,"gold_gain":0,"player_choice":"Forge","damage_taken":0,"max_hp_gain":0,"max_hp_loss":0,"event_name":"Accursed Blacksmith","floor":21,"gold_loss":0,"cards_upgraded":["Apotheosis"]}],"is_beta":false,"boss_relics":[{"not_picked":["Snecko Eye","Runic Pyramid"],"picked":"Orrery"}],"items_purged_floors":[],"is_endless":false,"potions_floor_spawned":[5,11,16,19],"killed_by":"Gremlin Leader","ascension_level":13}