{"gold_per_floor":[17,28,28,103,103,103,137,155,182,193,223,223,26,91,91,189,189,205,54,54,153,153,153,180,180,180,180,191,191,191,191,191,191],"floor_reached":33,"playtime":797,"items_purged":[],"score":427,"play_id":"a3cb2051-0531-4fcc-8d20-19d569e1a1d2","local_time":"20190109133654","is_ascension_mode":true,"campfire_choices":[{"data":"Fiend Fire","floor":6,"key":"SMITH"},{"floor":12,"key":"REST"},{"floor":15,"key":"REST"},{"data":"Uppercut","floor":23,"key":"SMITH"},{"floor":27,"key":"REST"},{"data":"Whirlwind","floor":29,"key":"SMITH"},{"floor":32,"key":"REST"}],"neow_cost":"NO_GOLD","seed_source_timestamp":20072146580700,"circlet_count":0,"master_deck":["AscendersBane","Strike_R+1","Strike_R+1","Strike_R+1","Strike_R+1","Strike_R+1","Defend_R+1","Defend_R+1","Defend_R+1","Bash","Fiend Fire+1","Cleave","Disarm","Headbutt","Uppercut+1","Whirlwind+1","Dropkick","Immolate","Flex","Reaper","Dropkick","Seeing Red","Cleave"],"relics":["Burning Blood","Omamori","Strawberry","Regal Pillow","Toy Ornithopter","Juzu Bracelet","Philosopher\u0027s Stone","Lantern","MutagenicStrength","Potion Belt","Sundial","Anchor"],"potions_floor_usage":[11,16,24],"damage_taken":[{"damage":12,"enemies":"Jaw Worm","floor":1,"turns":2},{"damage":8,"enemies":"2 Louse","floor":2,"turns":2},{"damage":45,"enemies":"3 Sentries","floor":7,"turns":7},{"damage":0,"enemies":"Cultist","floor":8,"turns":2},{"damage":8,"enemies":"Exordium Thugs","floor":10,"turns":3},{"damage":16,"enemies":"Gremlin Nob","floor":11,"turns":3},{"damage":20,"enemies":"3 Sentries","floor":14,"turns":3},{"damage":53,"enemies":"The Guardian","floor":16,"turns":11},{"damage":27,"enemies":"Chosen","floor":18,"turns":4},{"damage":58,"enemies":"Book of Stabbing","floor":24,"turns":5},{"damage":12,"enemies":"Spheric Guardian","floor":28,"turns":3},{"damage":92,"enemies":"Collector","floor":33,"turns":7}],"seed_played":"9030467708145626815","potions_obtained":[{"floor":8,"key":"Dexterity Potion"},{"floor":10,"key":"Poison Potion"},{"floor":16,"key":"FearPotion"}],"is_trial":false,"path_per_floor":["M","M","$","?","?","R","E","M","T","M","E","R","$","?","R","B",null,"M","$","?","?","?","R","E","?","T","R","M","R","?","T","R","B"],"character_chosen":"IRONCLAD","items_purchased":["Toy Ornithopter","Lantern"],"campfire_rested":4,"item_purchase_floors":[13,19],"current_hp_per_floor":[66,64,64,53,53,53,14,20,27,25,15,56,56,42,83,41,76,61,61,61,61,61,61,14,5,5,46,41,41,41,41,82,0],"gold":191,"neow_bonus":"THREE_RARE_CARDS","is_prod":false,"is_daily":false,"chose_seed":false,"campfire_upgraded":3,"win_rate":0,"timestamp":1547033814,"path_taken":["M","M","$","?","?","R","E","?","T","M","E","R","$","?","R","BOSS","M","$","?","?","?","R","E","?","T","R","M","R","?","?","R","BOSS"],"build_version":"2019-01-03v4","purchased_purges":0,"victory":false,"max_hp_per_floor":[80,80,80,80,80,80,80,80,87,87,87,87,87,87,87,87,87,87,87,87,87,87,87,87,87,87,87,87,87,87,87,87,87],"card_choices":[{"not_picked":["Dark Embrace","Impervious"],"picked":"Fiend Fire","floor":0},{"not_picked":["Searing Blow","Blood for Blood"],"picked":"Cleave","floor":1},{"not_picked":["Anger","Heavy Blade"],"picked":"Disarm","floor":2},{"not_picked":["Body Slam","Blood for Blood"],"picked":"Uppercut","floor":7},{"not_picked":["Havoc","Perfected Strike"],"picked":"Whirlwind","floor":8},{"not_picked":["Reckless Charge","Headbutt"],"picked":"Dropkick","floor":10},{"not_picked":["Sentinel","Wild Strike"],"picked":"Immolate","floor":11},{"not_picked":["Thunderclap","Headbutt"],"picked":"Flex","floor":14},{"not_picked":["Demon Form","Brutality"],"picked":"Reaper","floor":16},{"not_picked":["Heavy Blade","Body Slam","Warcry"],"picked":"SKIP","floor":18},{"not_picked":["Warcry","Heavy Blade"],"picked":"Seeing Red","floor":24},{"not_picked":["Twin Strike","Havoc"],"picked":"Cleave","floor":28}],"player_experience":476948,"relics_obtained":[{"floor":7,"key":"Omamori"},{"floor":9,"key":"Strawberry"},{"floor":11,"key":"Regal Pillow"},{"floor":14,"key":"Juzu Bracelet"},{"floor":24,"key":"Potion Belt"},{"floor":26,"key":"Sundial"},{"floor":31,"key":"Anchor"}],"event_choices":[{"damage_healed":0,"gold_gain":75,"player_choice":"Gather Gold","damage_taken":11,"max_hp_gain":0,"max_hp_loss":0,"event_name":"World of Goop","floor":4,"gold_loss":0},{"damage_healed":0,"gold_gain":0,"cards_transformed":["Defend_R"],"player_choice":"Transformed","damage_taken":0,"max_hp_gain":0,"max_hp_loss":0,"event_name":"Transmorgrifier","floor":5,"gold_loss":0,"cards_obtained":["Headbutt"]},{"damage_healed":0,"gold_gain":0,"player_choice":"Searched \u00271\u0027 times","damage_taken":0,"max_hp_gain":0,"max_hp_loss":0,"event_name":"Dead Adventurer","floor":14,"gold_loss":0},{"damage_healed":0,"gold_gain":0,"player_choice":"Read","damage_taken":0,"max_hp_gain":0,"max_hp_loss":0,"event_name":"The Library","floor":20,"gold_loss":0,"cards_obtained":["Dropkick"]},{"damage_healed":0,"gold_gain":99,"player_choice":"Stole From Cult","damage_taken":0,"max_hp_gain":0,"max_hp_loss":0,"event_name":"Nest","floor":21,"gold_loss":0},{"damage_healed":0,"gold_gain":0,"player_choice":"Inject Mutagens","damage_taken":0,"relics_obtained":["MutagenicStrength"],"max_hp_gain":0,"max_hp_loss":0,"event_name":"Drug Dealer","floor":22,"gold_loss":0},{"damage_healed":0,"gold_gain":0,"player_choice":"Stopped","damage_taken":9,"max_hp_gain":0,"max_hp_loss":0,"event_name":"Cursed Tome","floor":25,"gold_loss":0},{"damage_healed":0,"gold_gain":0,"player_choice":"Simplicity","damage_taken":0,"max_hp_gain":0,"max_hp_loss":0,"event_name":"Back to Basics","floor":30,"gold_loss":0,"cards_upgraded":["Strike_R","Strike_R","Strike_R","Strike_R","Strike_R","Defend_R","Defend_R","Defend_R"]}],"is_beta":false,"boss_relics":[{"not_picked":["Sozu","Snecko Eye"],"picked":"Philosopher\u0027s Stone"}],"items_purged_floors":[],"is_endless":false,"potions_floor_spawned":[8,10,16],"killed_by":"Collector","ascension_level":12}