{"path_per_floor":["M","?","?","M","$","E","R","$","T","?","M","?","?","M","R","B",null,"M","M","?","$","?","R","$","M","T","E","$","M","R","?","R"],"character_chosen":"IRONCLAD","items_purchased":["Flex","Bag of Preparation"],"gold_per_floor":[10,10,10,26,26,54,54,1,1,1,21,21,21,34,34,134,164,178,190,190,44,44,44,44,63,63,97,22,36,36,36,36,36],"floor_reached":33,"campfire_rested":0,"playtime":997,"current_hp_per_floor":[80,64,64,70,70,62,62,62,62,62,68,68,68,74,74,80,85,85,83,67,67,67,67,67,73,73,77,77,78,78,78,78,0],"items_purged":["Strike_R"],"gold":36,"score":342,"play_id":"32beb869-3635-45a2-8f1a-ef49206464a1","local_time":"20180331202532","is_prod":false,"is_daily":false,"is_ascension_mode":true,"campfire_upgraded":5,"timestamp":1522517132,"path_taken":["M","?","?","?","$","E","R","?","T","?","M","?","?","M","R","BOSS","M","M","?","$","?","R","?","M","T","E","?","M","R","?","R","BOSS"],"build_version":"2018-03-29v2","purchased_purges":1,"victory":false,"master_deck":["Strike_R","Strike_R+1","Strike_R","Strike_R+1","Defend_R+1","Bash","Dark Embrace","Iron Wave","Iron Wave","Bludgeon+1","Flex+1","Iron Wave","Seeing Red+1","Offering+1","Flame Barrier+1","Fire Breathing+1","Whirlwind+1"],"max_hp_per_floor":[80,80,80,80,80,80,80,80,80,80,80,80,80,80,80,80,85,85,85,90,90,90,90,90,90,90,90,90,90,90,90,90,90],"relics":["Burning Blood","Happy Flower","Juzu Bracelet","Tiny House","Bag of Preparation","Frozen Egg 2","Blood Vial"],"card_choices":[{"not_picked":["Headbutt","Armaments"],"picked":"Iron Wave","floor":1},{"not_picked":["Headbutt","Sword Boomerang"],"picked":"Iron Wave","floor":4},{"not_picked":["Ghostly Armor","Armaments"],"picked":"Bludgeon","floor":6},{"not_picked":["Dual Wield","Body Slam"],"picked":"Seeing Red","floor":11},{"not_picked":["Berserk","Dark Embrace"],"picked":"Offering","floor":16},{"not_picked":["Inflame","Disarm"],"picked":"Flame Barrier","floor":17},{"not_picked":["Entrench","Havoc"],"picked":"Fire Breathing","floor":19},{"not_picked":["Berserk","Armaments"],"picked":"Whirlwind","floor":27}],"player_experience":159153,"potions_floor_usage":[6,16,16,25,27,27,29,33],"damage_taken":[{"damage":6,"enemies":"2 Louse","floor":1,"turns":3},{"damage":0,"enemies":"Small Slimes","floor":4,"turns":3},{"damage":14,"enemies":"Lagavulin","floor":6,"turns":6},{"damage":0,"enemies":"Cultist","floor":11,"turns":2},{"damage":0,"enemies":"Large Slime","floor":14,"turns":4},{"damage":0,"enemies":"Slime Boss","floor":16,"turns":6},{"damage":0,"enemies":"Spheric Guardian","floor":18,"turns":3},{"damage":8,"enemies":"Shell Parasite","floor":19,"turns":3},{"damage":0,"enemies":"Snecko","floor":25,"turns":3},{"damage":11,"enemies":"Slavers","floor":27,"turns":4},{"damage":16,"enemies":"Centurion and Healer","floor":29,"turns":4},{"damage":104,"enemies":"Champ","floor":33,"turns":12}],"event_choices":[{"event_name":"Shining Light","player_choice":"Entered Light","floor":2,"damage_taken":0},{"event_name":"Wheel of Change","player_choice":"Card Removal","floor":3,"damage_taken":0},{"event_name":"Transmorgrifier","player_choice":"Transform","floor":10,"damage_taken":0},{"event_name":"The Lab","player_choice":"Got Potions","floor":12,"damage_taken":0},{"event_name":"The Cleric","player_choice":"Leave","floor":13,"damage_taken":0},{"event_name":"Forgotten Altar","player_choice":"Shed Blood","floor":20,"damage_taken":0},{"event_name":"Addict","player_choice":"Ignored","floor":22,"damage_taken":0},{"event_name":"Beggar","player_choice":"Ignored","floor":31,"damage_taken":0}],"boss_relics":[{"not_picked":["Black Star","Runic Cube"],"picked":"Tiny House"}],"potions_floor_spawned":[1,6,16,18,19,25,27],"seed_played":"3517304206977644654","killed_by":"Champ","ascension_level":2,"is_trial":false}