{"gold_per_floor":[109,109,109,57,73,73,104,137,137,412,412,443,443,463,463,582,582,601,601,229,254,254,254],"floor_reached":23,"playtime":679,"items_purged":["Regret"],"score":234,"play_id":"55475436-db7c-4d04-9893-d234525da2f1","local_time":"20181019085902","is_ascension_mode":true,"campfire_choices":[{"floor":6,"key":"REST"},{"floor":11,"key":"REST"},{"floor":13,"key":"REST"},{"floor":15,"key":"REST"}],"neow_cost":"NONE","seed_source_timestamp":697415074402500,"circlet_count":0,"master_deck":["Defend_G+1","Defend_G+1","Defend_G+1","Defend_G+1","Defend_G+1","Strike_G+1","Strike_G+1","Strike_G+1","Strike_G+1","Strike_G+1","Survivor","Neutralize","Poisoned Stab","Deadly Poison","Backstab","Bane","Terror","Cloak And Dagger","Blade Dance","Finisher","Acrobatics","Slice","Quick Slash","Riddle With Holes"],"relics":["Busted Crown","Bloody Idol","Ice Cream","Odd Mushroom","Snake Skull","Regal Pillow","Orrery","Boot","Juzu Bracelet"],"potions_floor_usage":[7,7,8,12],"damage_taken":[{"damage":2,"enemies":"Jaw Worm","floor":1,"turns":3},{"damage":0,"enemies":"2 Louse","floor":5,"turns":3},{"damage":24,"enemies":"Lagavulin","floor":7,"turns":6},{"damage":24,"enemies":"The Mushroom Lair","floor":8,"turns":5},{"damage":23,"enemies":"3 Sentries","floor":12,"turns":6},{"damage":0,"enemies":"Cultist","floor":14,"turns":2},{"damage":40,"enemies":"Hexaghost","floor":16,"turns":9},{"damage":19,"enemies":"3 Byrds","floor":18,"turns":5},{"damage":16,"enemies":"2 Thieves","floor":21,"turns":3},{"damage":38,"enemies":"Book of Stabbing","floor":23,"turns":4}],"seed_played":"5512001712790649964","potions_obtained":[{"floor":1,"key":"AttackPotion"},{"floor":5,"key":"AttackPotion"},{"floor":7,"key":"SkillPotion"},{"floor":8,"key":"SteroidPotion"}],"is_trial":false,"path_per_floor":["M","?","?","$","M","R","E","?","T","?","R","E","R","M","R","B",null,"M","?","$","M","?"],"character_chosen":"THE_SILENT","items_purchased":["Poisoned Stab","Boot","Juzu Bracelet"],"campfire_rested":4,"item_purchase_floors":[4,20,20],"current_hp_per_floor":[68,51,37,37,37,58,34,10,10,10,31,8,44,44,70,30,70,51,51,51,35,35,0],"gold":254,"neow_bonus":"BOSS_RELIC","is_prod":false,"is_daily":false,"chose_seed":false,"campfire_upgraded":0,"win_rate":0,"timestamp":1539928742,"path_taken":["M","?","?","$","?","R","E","?","T","?","R","E","R","M","R","BOSS","M","?","$","M","?","E"],"build_version":"2018-10-18","purchased_purges":1,"victory":false,"max_hp_per_floor":[70,70,70,70,70,70,70,70,70,70,70,70,70,70,70,70,70,70,70,70,70,70,70],"card_choices":[{"not_picked":["Underhanded Strike"],"picked":"SKIP","floor":1},{"not_picked":[],"picked":"Deadly Poison","floor":5},{"not_picked":[],"picked":"Backstab","floor":7},{"not_picked":[],"picked":"Bane","floor":8},{"not_picked":[],"picked":"Terror","floor":12},{"not_picked":[],"picked":"Cloak And Dagger","floor":14},{"not_picked":[],"picked":"Blade Dance","floor":17},{"not_picked":[],"picked":"Finisher","floor":17},{"not_picked":[],"picked":"Acrobatics","floor":17},{"not_picked":[],"picked":"Slice","floor":17},{"not_picked":[],"picked":"Quick Slash","floor":17},{"not_picked":[],"picked":"Riddle With Holes","floor":18},{"not_picked":["Deflect"],"picked":"SKIP","floor":21}],"player_experience":445330,"relics_obtained":[{"floor":7,"key":"Ice Cream"},{"floor":8,"key":"Odd Mushroom"},{"floor":9,"key":"Snake Skull"},{"floor":12,"key":"Regal Pillow"}],"event_choices":[{"damage_healed":0,"gold_gain":0,"player_choice":"Take Damage","damage_taken":17,"relics_obtained":["Golden Idol"],"max_hp_gain":0,"max_hp_loss":0,"event_name":"Golden Idol","floor":2,"gold_loss":0},{"damage_healed":0,"gold_gain":0,"player_choice":"Entered Light","damage_taken":14,"max_hp_gain":0,"max_hp_loss":0,"event_name":"Shining Light","floor":3,"gold_loss":0,"cards_upgraded":["Defend_G","Defend_G"]},{"damage_healed":0,"gold_gain":0,"player_choice":"Fought Mushrooms","damage_taken":0,"max_hp_gain":0,"max_hp_loss":0,"event_name":"Mushrooms","floor":8,"gold_loss":0},{"damage_healed":0,"gold_gain":275,"player_choice":"Desecrate","damage_taken":0,"max_hp_gain":0,"max_hp_loss":0,"event_name":"Golden Shrine","floor":10,"gold_loss":0,"cards_obtained":["Regret"]},{"damage_healed":0,"gold_gain":0,"player_choice":"Simplicity","damage_taken":0,"max_hp_gain":0,"max_hp_loss":0,"event_name":"Back to Basics","floor":19,"gold_loss":0,"cards_upgraded":["Defend_G","Defend_G","Defend_G","Strike_G","Strike_G","Strike_G","Strike_G","Strike_G"]},{"damage_healed":0,"gold_gain":0,"player_choice":"Gave Idol","damage_taken":0,"relics_obtained":["Bloody Idol"],"max_hp_gain":0,"max_hp_loss":0,"event_name":"Forgotten Altar","floor":22,"relics_lost":["Golden Idol"],"gold_loss":0}],"is_beta":false,"boss_relics":[{"not_picked":["Philosopher\u0027s Stone","Velvet Choker"],"picked":"Orrery"}],"items_purged_floors":[20],"is_endless":false,"potions_floor_spawned":[1,5,7,8],"killed_by":"Book of Stabbing","ascension_level":4}