{"gold_per_floor":[114,114,132,57,57,68,68,95,95,112,142,156,169,169],"floor_reached":14,"playtime":489,"items_purged":["Defend_B"],"score":128,"play_id":"c9f74edd-b39d-4bca-9ccc-ced3d07d21d7","local_time":"20190331183700","is_ascension_mode":true,"campfire_choices":[{"floor":7,"key":"RECALL"}],"neow_cost":"NONE","seed_source_timestamp":28806373344500,"circlet_count":0,"master_deck":["Strike_B","Strike_B+1","Strike_B","Strike_B","Defend_B","Defend_B","Zap","Dualcast","Darkness","Steam Power+1","Ball Lightning","Cold Snap","Buffer","Hyperbeam"],"relics":["Cracked Core","NeowsBlessing","Thread and Needle","Pantograph"],"potions_floor_usage":[11,11,12],"damage_taken":[{"damage":0,"enemies":"Jaw Worm","floor":1,"turns":1},{"damage":0,"enemies":"Cultist","floor":3,"turns":1},{"damage":0,"enemies":"Small Slimes","floor":6,"turns":1},{"damage":32,"enemies":"3 Sentries","floor":8,"turns":5},{"damage":4,"enemies":"Blue Slaver","floor":10,"turns":2},{"damage":3,"enemies":"Lagavulin","floor":11,"turns":6},{"damage":7,"enemies":"Gremlin Gang","floor":12,"turns":3},{"damage":13,"enemies":"3 Louse","floor":13,"turns":2},{"damage":6,"enemies":"3 Sentries","floor":14,"turns":1}],"seed_played":"-4476523048956884094","potions_obtained":[{"floor":6,"key":"EssenceOfSteel"},{"floor":10,"key":"GamblersBrew"},{"floor":11,"key":"FocusPotion"}],"is_trial":false,"path_per_floor":["M","?","M","$","?","M","R","E","T","M","E","M","M","E"],"character_chosen":"DEFECT","items_purchased":[],"campfire_rested":0,"item_purchase_floors":[],"current_hp_per_floor":[75,75,75,75,60,60,60,28,28,24,21,14,1,0],"gold":169,"neow_bonus":"THREE_ENEMY_KILL","is_prod":false,"is_daily":false,"chose_seed":false,"campfire_upgraded":0,"win_rate":0,"timestamp":1554046620,"path_taken":["M","?","?","$","?","M","R","E","T","M","E","M","M","E"],"build_version":"2019-01-23","purchased_purges":1,"victory":false,"max_hp_per_floor":[75,75,75,75,75,75,75,75,75,75,75,75,75,75],"card_choices":[{"not_picked":["Steam","Coolheaded"],"picked":"Darkness","floor":1},{"not_picked":["Force Field","Sweeping Beam"],"picked":"Ball Lightning","floor":3},{"not_picked":["Go for the Eyes","Rebound"],"picked":"Cold Snap","floor":6},{"not_picked":["Gash","Hello World","Barrage"],"picked":"SKIP","floor":8},{"not_picked":["Rebound","Barrage","Turbo"],"picked":"SKIP","floor":10},{"not_picked":["Stack","Go for the Eyes"],"picked":"Buffer","floor":11},{"not_picked":["Compile Driver","Go for the Eyes","Rebound"],"picked":"SKIP","floor":12},{"not_picked":["Beam Cell","Rebound"],"picked":"Hyperbeam","floor":13}],"player_experience":507658,"relics_obtained":[{"floor":8,"key":"Thread and Needle"},{"floor":11,"key":"Pantograph"}],"event_choices":[{"damage_healed":0,"gold_gain":0,"cards_transformed":["Defend_B"],"player_choice":"Transformed","damage_taken":0,"max_hp_gain":0,"max_hp_loss":0,"event_name":"Transmorgrifier","floor":2,"gold_loss":0,"cards_obtained":["Steam Power"]},{"damage_healed":0,"gold_gain":0,"player_choice":"Entered Light","damage_taken":15,"max_hp_gain":0,"max_hp_loss":0,"event_name":"Shining Light","floor":5,"gold_loss":0,"cards_upgraded":["Steam Power","Strike_B"]}],"is_beta":false,"boss_relics":[],"items_purged_floors":[4],"is_endless":false,"potions_floor_spawned":[6,10,11],"killed_by":"3 Sentries","ascension_level":5}