{"gold_per_floor":[119,194,194,194,194,237,237,33,86,110,123,156,175,195,195,323,323,346,346,367,66,66,96,96,96,148,163,176,176,207,207,207,330,330,354,11,11,11,11,11,46,71,126,251,251,251,251,251],"floor_reached":48,"playtime":1080,"items_purged":["Regret"],"score":911,"play_id":"c4ec6615-7316-4191-b1ac-ef026bcb833b","local_time":"20190107172127","is_ascension_mode":true,"campfire_choices":[{"data":"Whirlwind","floor":7.0,"key":"SMITH"},{"floor":15.0,"key":"DIG"},{"floor":23.0,"key":"DIG"},{"floor":25.0,"key":"DIG"},{"floor":32.0,"key":"REST"},{"floor":40.0,"key":"DIG"},{"floor":45.0,"key":"DIG"},{"floor":47.0,"key":"DIG"}],"neow_cost":"NONE","seed_source_timestamp":0,"circlet_count":0,"master_deck":["AscendersBane","Strike_R","Strike_R","Strike_R","Strike_R","Strike_R","Defend_R+1","Defend_R","Defend_R","Bash","Wild Strike","Whirlwind+1","Flex","Pummel","Flex","Impervious","Seeing Red","Flame Barrier","Iron Wave+1","Demon Form","Thunderclap","Madness","Madness"],"special_seed":0,"relics":["Burning Blood","NeowsBlessing","War Paint","Golden Idol","Regal Pillow","Torii","Brimstone","Ancient Tea Set","Shovel","Red Skull","Velvet Choker","Nilry\u0027s Codex","Anchor","MutagenicStrength","Tiny Chest","Smiling Mask","Juzu Bracelet","Bag of Preparation","Shuriken","Busted Crown","Bronze Scales","MealTicket","Calipers","Oddly Smooth Stone","Blood Vial","Nunchaku","Toxic Egg 2","Lantern"],"potions_floor_usage":[],"damage_taken":[{"damage":0.0,"enemies":"Jaw Worm","floor":1.0,"turns":1.0},{"damage":0.0,"enemies":"Gremlin Nob","floor":6.0,"turns":1.0},{"damage":0.0,"enemies":"Small Slimes","floor":10.0,"turns":1.0},{"damage":0.0,"enemies":"2 Louse","floor":11.0,"turns":1.0},{"damage":1.0,"enemies":"3 Sentries","floor":12.0,"turns":2.0},{"damage":4.0,"enemies":"Looter","floor":13.0,"turns":2.0},{"damage":12.0,"enemies":"Exordium Thugs","floor":14.0,"turns":2.0},{"damage":28.0,"enemies":"The Guardian","floor":16.0,"turns":6.0},{"damage":1.0,"enemies":"Chosen","floor":18.0,"turns":3.0},{"damage":13.0,"enemies":"3 Byrds","floor":20.0,"turns":4.0},{"damage":0.0,"enemies":"Cultist and Chosen","floor":27.0,"turns":3.0},{"damage":9.0,"enemies":"Shelled Parasite and Fungi","floor":28.0,"turns":3.0},{"damage":37.0,"enemies":"Slavers","floor":30.0,"turns":3.0},{"damage":49.0,"enemies":"Champ","floor":33.0,"turns":7.0},{"damage":1.0,"enemies":"Orb Walker","floor":35.0,"turns":2.0},{"damage":39.0,"enemies":"Nemesis","floor":41.0,"turns":3.0},{"damage":12.0,"enemies":"3 Darklings","floor":42.0,"turns":4.0},{"damage":0.0,"enemies":"Mind Bloom Boss Battle","floor":44.0,"turns":3.0},{"damage":50,"enemies":"Reptomancer","floor":48,"turns":3}],"seed_played":"8276037178088949015","potions_obtained":[{"floor":6.0,"key":"Poison Potion"},{"floor":10.0,"key":"SteroidPotion"},{"floor":12.0,"key":"Regen Potion"},{"floor":14.0,"key":"Weak Potion"},{"floor":20.0,"key":"PowerPotion"},{"floor":28.0,"key":"LiquidBronze"},{"floor":33.0,"key":"Regen Potion"},{"floor":35.0,"key":"Poison Potion"}],"is_trial":false,"path_per_floor":["M","?","?","?","T","E","R","$","T","M","M","E","M","M","R","B",null,"M","?","M","$","?","R","$","R","T","M","M","?","E","T","R","B",null,"M","$","?","?","$","R","E","M","T","?","R","?","R","E"],"character_chosen":"IRONCLAD","items_purchased":["Brimstone","Anchor","Seeing Red","Bronze Scales","MealTicket"],"campfire_rested":1,"item_purchase_floors":[8,21,21,36,36],"current_hp_per_floor":[78,67,67,47,47,53,53,53,53,59,65,70,72,66,66,59,75,80,64,57,57,57,57,57,57,57,63,60,60,29,29,68,25,66,71,71,61,61,71,71,43,37,37,45,45,45,45,0],"gold":251,"neow_bonus":"THREE_ENEMY_KILL","is_prod":false,"is_daily":false,"chose_seed":false,"campfire_upgraded":1,"win_rate":0,"timestamp":1546874487,"path_taken":["M","?","?","?","?","E","R","$","T","M","?","E","M","M","R","BOSS","M","?","M","$","?","R","?","R","T","M","M","?","E","?","R","BOSS","M","?","?","?","$","R","E","M","T","?","R","?","R","E"],"build_version":"2019-01-03v4","purchased_purges":1,"victory":false,"max_hp_per_floor":[80,80,80,80,80,80,80,80,80,80,80,80,80,80,80,80,80,80,80,80,80,80,80,80,80,80,80,80,80,80,80,80,80,80,80,80,80,80,80,80,80,80,80,80,80,80,80,80],"card_choices":[{"not_picked":["Clash","True Grit"],"picked":"Wild Strike","floor":1.0},{"not_picked":["Dual Wield","Disarm"],"picked":"Whirlwind","floor":6.0},{"not_picked":["True Grit","Uppercut","Rupture"],"picked":"SKIP","floor":10.0},{"not_picked":["Body Slam","Perfected Strike"],"picked":"Flex","floor":11.0},{"not_picked":["Power Through","Havoc"],"picked":"Pummel","floor":12.0},{"not_picked":["Sword Boomerang","Feel No Pain","Reckless Charge"],"picked":"SKIP","floor":13.0},{"not_picked":["Second Wind","Twin Strike"],"picked":"Flex","floor":14.0},{"not_picked":["Berserk","Barricade"],"picked":"Impervious","floor":16.0},{"not_picked":["Cleave","Clothesline","Headbutt"],"picked":"SKIP","floor":18.0},{"not_picked":["Headbutt","Sentinel","Perfected Strike"],"picked":"SKIP","floor":20.0},{"not_picked":["Anger+1","Berserk","Rage"],"picked":"SKIP","floor":27.0},{"not_picked":["True Grit","Headbutt"],"picked":"Flame Barrier","floor":28.0},{"not_picked":["Anger","Combust"],"picked":"Iron Wave+1","floor":30.0},{"not_picked":["Fiend Fire","Offering"],"picked":"Demon Form","floor":33.0},{"not_picked":[],"picked":"Thunderclap","floor":35.0},{"not_picked":["Fire Breathing+1"],"picked":"SKIP","floor":41.0},{"not_picked":["Headbutt"],"picked":"SKIP","floor":42.0}],"player_experience":474033,"relics_obtained":[{"floor":5.0,"key":"Regal Pillow"},{"floor":6.0,"key":"Torii"},{"floor":9.0,"key":"Ancient Tea Set"},{"floor":12.0,"key":"Shovel"},{"floor":15.0,"key":"Red Skull"},{"floor":19.0,"key":"Nilry\u0027s Codex"},{"floor":23.0,"key":"Tiny Chest"},{"floor":25.0,"key":"Smiling Mask"},{"floor":26.0,"key":"Juzu Bracelet"},{"floor":30.0,"key":"Bag of Preparation"},{"floor":31.0,"key":"Shuriken"},{"floor":40.0,"key":"Calipers"},{"floor":41.0,"key":"Oddly Smooth Stone"},{"floor":43.0,"key":"Blood Vial"},{"floor":44.0,"key":"Nunchaku"},{"floor":45.0,"key":"Toxic Egg 2"},{"floor":47.0,"key":"Lantern"}],"event_choices":[{"damage_healed":0.0,"max_hp_gain":0.0,"max_hp_loss":0.0,"gold_gain":75.0,"event_name":"World of Goop","player_choice":"Gather Gold","floor":2.0,"gold_loss":0.0,"damage_taken":11.0},{"damage_healed":0.0,"max_hp_gain":0.0,"max_hp_loss":0.0,"gold_gain":0.0,"event_name":"Big Fish","player_choice":"Box","floor":3.0,"gold_loss":0.0,"damage_taken":0.0,"relics_obtained":["War Paint"],"cards_obtained":["Regret"]},{"damage_healed":0.0,"max_hp_gain":0.0,"max_hp_loss":0.0,"gold_gain":0.0,"event_name":"Golden Idol","player_choice":"Take Damage","floor":4.0,"gold_loss":0.0,"damage_taken":20.0,"relics_obtained":["Golden Idol"]},{"damage_healed":0.0,"max_hp_gain":0.0,"max_hp_loss":0.0,"gold_gain":0.0,"event_name":"Cursed Tome","player_choice":"Obtained Book","floor":19.0,"gold_loss":0.0,"damage_taken":16.0},{"damage_healed":0.0,"max_hp_gain":0.0,"max_hp_loss":0.0,"gold_gain":0.0,"event_name":"Drug Dealer","player_choice":"Inject Mutagens","floor":22.0,"gold_loss":0.0,"damage_taken":0.0,"relics_obtained":["MutagenicStrength"]},{"damage_healed":0.0,"max_hp_gain":0.0,"max_hp_loss":0.0,"gold_gain":0.0,"event_name":"Ghosts","player_choice":"Ignored","floor":29.0,"gold_loss":0.0,"damage_taken":0.0},{"damage_healed":0.0,"max_hp_gain":0.0,"max_hp_loss":0.0,"gold_gain":0.0,"event_name":"Winding Halls","player_choice":"Embrace Madness","floor":37.0,"gold_loss":0.0,"damage_taken":10.0,"cards_obtained":["Madness","Madness"]},{"damage_healed":0.0,"max_hp_gain":0.0,"max_hp_loss":0.0,"gold_gain":0.0,"event_name":"SensoryStone","player_choice":"Memory 1","floor":38.0,"gold_loss":0.0,"damage_taken":0.0},{"damage_healed":0.0,"max_hp_gain":0.0,"max_hp_loss":0.0,"gold_gain":0.0,"event_name":"MindBloom","player_choice":"Fight","floor":44.0,"gold_loss":0.0,"damage_taken":0.0},{"cards_removed":["Defend_R"],"damage_healed":0.0,"max_hp_gain":0.0,"max_hp_loss":0.0,"gold_gain":0.0,"event_name":"Falling","player_choice":"Removed Skill","floor":46.0,"gold_loss":0.0,"damage_taken":0.0}],"is_beta":false,"boss_relics":[{"not_picked":["Ectoplasm","Philosopher\u0027s Stone"],"picked":"Velvet Choker"},{"not_picked":["Black Star","Sozu"],"picked":"Busted Crown"}],"items_purged_floors":[21],"is_endless":false,"potions_floor_spawned":[6,10,12,14,20,28,33,35],"killed_by":"Reptomancer","ascension_level":12}