{"gold_per_floor":[110,35,210,220,230,230,230,259,283,283,283,283],"floor_reached":12,"playtime":283,"items_purged":["Defend_R"],"score":106,"play_id":"9d38e65c-6984-4ca2-93d0-6f048c344fe3","local_time":"20180819231203","is_ascension_mode":true,"campfire_choices":[{"data":"Seeing Red","floor":6,"key":"SMITH"}],"neow_cost":"","seed_source_timestamp":311695955464262,"circlet_count":0,"master_deck":["Strike_R","Strike_R","Strike_R","Strike_R","Defend_R","Defend_R","Defend_R","Bash","Seeing Red+1","Doubt","Disarm","Juggernaut","Shockwave","Feed+1"],"relics":["Burning Blood","Orichalcum","Juzu Bracelet"],"potions_floor_usage":[8],"damage_taken":[{"damage":10,"enemies":"Small Slimes","floor":1,"turns":3},{"damage":1,"enemies":"Cultist","floor":4,"turns":4},{"damage":21,"enemies":"Jaw Worm","floor":5,"turns":5},{"damage":50,"enemies":"Lagavulin","floor":8,"turns":10},{"damage":16,"enemies":"3 Sentries","floor":12,"turns":2}],"seed_played":"-180886189236690474","potions_obtained":[{"floor":4,"key":"Energy Potion"}],"is_trial":false,"path_per_floor":["M","$","?","M","M","R","?","E","T","?","?"],"character_chosen":"IRONCLAD","items_purchased":[],"campfire_rested":0,"item_purchase_floors":[],"current_hp_per_floor":[68,68,68,73,58,58,58,14,14,14,14,0],"gold":283,"neow_bonus":"","is_prod":false,"is_daily":false,"chose_seed":false,"campfire_upgraded":1,"win_rate":0,"timestamp":1534709523,"path_taken":["M","$","?","?","M","R","?","E","T","?","?","E"],"build_version":"2018-08-16","purchased_purges":1,"victory":false,"max_hp_per_floor":[80,80,80,80,80,80,80,80,80,80,80,80],"card_choices":[{"not_picked":["Body Slam","Battle Trance"],"picked":"Seeing Red","floor":1},{"not_picked":["Sword Boomerang","Body Slam","Twin Strike"],"picked":"SKIP","floor":4},{"not_picked":["Pummel","Intimidate"],"picked":"Disarm","floor":5},{"not_picked":["True Grit","Body Slam"],"picked":"Shockwave","floor":8}],"player_experience":339511,"relics_obtained":[{"floor":8,"key":"Orichalcum"},{"floor":9,"key":"Juzu Bracelet"}],"event_choices":[{"event_name":"Liars Game","player_choice":"agreed","floor":3,"damage_taken":0},{"event_name":"Match and Keep!","player_choice":"1 cards matched","floor":7,"damage_taken":0},{"event_name":"Transmorgrifier","player_choice":"Transform","floor":10,"damage_taken":0},{"event_name":"Living Wall","player_choice":"Grow","floor":11,"damage_taken":0}],"is_beta":false,"boss_relics":[],"items_purged_floors":[2],"is_endless":false,"potions_floor_spawned":[4],"killed_by":"3 Sentries","ascension_level":8}