{"path_per_floor":["M","$","$","M","M","M","R","M","T","$","M","M","?","M","R","B",null,"M","?","?","M","$","R","$","M","T","M","?","R","M","?","R"],"character_chosen":"IRONCLAD","items_purchased":["Flex"],"gold_per_floor":[116,41,19,33,52,69,69,87,164,64,78,95,65,85,85,184,184,184,184,184,139,14,14,14,14,14,14,14,14,14,14,14,14],"floor_reached":33,"campfire_rested":2,"playtime":1186,"current_hp_per_floor":[45,45,45,48,52,58,58,43,43,43,44,42,42,47,71,36,80,77,77,62,59,59,59,59,36,36,33,63,63,47,47,74,0],"items_purged":["Defend_R","Strike_R","Defend_R"],"gold":14,"score":277,"play_id":"2a757085-e94c-4595-b312-b0c8264d0b37","local_time":"20180407165335","is_prod":false,"is_daily":false,"is_ascension_mode":true,"campfire_upgraded":3,"timestamp":1523109215,"path_taken":["M","?","$","M","M","M","R","?","T","?","M","?","?","M","R","BOSS","M","?","?","M","$","R","?","?","T","M","?","R","M","?","R","BOSS"],"build_version":"2018-04-05v2","purchased_purges":5,"victory":false,"master_deck":["Strike_R","Strike_R","Defend_R","Defend_R","Bash","Flex","Cleave+1","Combust","Twin Strike","Shrug It Off+1","Shrug It Off+1","Shrug It Off","Feed","Twin Strike","Bloodletting+1"],"max_hp_per_floor":[80,80,80,80,80,80,80,80,80,80,80,80,80,80,80,80,80,80,80,85,85,85,85,85,88,88,91,91,91,91,91,91,91],"relics":["Burning Blood","Ornamental Fan","Ectoplasm","Bronze Scales"],"card_choices":[{"not_picked":["Shrug It Off","True Grit"],"picked":"Cleave","floor":4},{"not_picked":["Rupture","Warcry"],"picked":"Combust","floor":5},{"not_picked":["Power Through","Corruption"],"picked":"Twin Strike","floor":6},{"not_picked":["True Grit","Second Wind"],"picked":"Shrug It Off","floor":8},{"not_picked":["Armaments","Flex"],"picked":"Shrug It Off","floor":11},{"not_picked":["Sever Soul","Heavy Blade"],"picked":"Shrug It Off","floor":12},{"not_picked":["Berserk","Fiend Fire"],"picked":"Feed","floor":16},{"not_picked":["Warcry","Perfected Strike"],"picked":"Twin Strike","floor":21},{"not_picked":["Pommel Strike","Hemokinesis"],"picked":"Bloodletting","floor":25}],"player_experience":186360,"potions_floor_usage":[6,11,11,14,16,16,16,25,33,33,33],"damage_taken":[{"damage":1,"enemies":"Cultist","floor":1,"turns":4},{"damage":3,"enemies":"2 Louse","floor":4,"turns":2},{"damage":2,"enemies":"Jaw Worm","floor":5,"turns":3},{"damage":0,"enemies":"2 Fungi Beasts","floor":6,"turns":3},{"damage":21,"enemies":"Exordium Wildlife","floor":8,"turns":3},{"damage":5,"enemies":"Large Slime","floor":11,"turns":4},{"damage":8,"enemies":"Blue Slaver","floor":12,"turns":3},{"damage":1,"enemies":"Lots of Slimes","floor":14,"turns":2},{"damage":41,"enemies":"Hexaghost","floor":16,"turns":13},{"damage":9,"enemies":"Spheric Guardian","floor":18,"turns":5},{"damage":9,"enemies":"2 Thieves","floor":21,"turns":3},{"damage":32,"enemies":"Centurion and Healer","floor":25,"turns":5},{"damage":12,"enemies":"3 Cultists","floor":27,"turns":4},{"damage":22,"enemies":"Snake Plant","floor":30,"turns":4},{"damage":91,"enemies":"Automaton","floor":33,"turns":12}],"event_choices":[{"event_name":"The Woman in Blue","player_choice":"Bought 2 Potions","floor":13,"damage_taken":0},{"event_name":"Ghosts","player_choice":"Ignored","floor":19,"damage_taken":0},{"event_name":"Forgotten Altar","player_choice":"Shed Blood","floor":20,"damage_taken":0},{"event_name":"The Library","player_choice":"Heal","floor":28,"damage_taken":0},{"event_name":"The Lab","player_choice":"Got Potions","floor":31,"damage_taken":0}],"boss_relics":[{"not_picked":["White Beast Statue","Runic Pyramid"],"picked":"Ectoplasm"}],"potions_floor_spawned":[5,6,8,11,14,21],"seed_played":"-293235391319353588","killed_by":"Automaton","ascension_level":3,"is_trial":false}