{"gold_per_floor":[114,3,14,289,189,214,67,67,94,113,141,141,159,192,192,292,292,304,314,3,3,3,3,33,33,109,140,140,151,178,198,198,198],"floor_reached":33,"playtime":1044,"items_purged":["Shame","Regret"],"score":487,"play_id":"6d5f88c8-7eec-4752-8b5f-cdfd1dda6b59","local_time":"20180928191602","is_ascension_mode":true,"campfire_choices":[{"floor":8,"key":"DIG"},{"floor":15,"key":"REST"},{"floor":23,"key":"REST"},{"floor":25,"key":"DIG"},{"data":"Combust","floor":28,"key":"SMITH"},{"floor":32,"key":"DIG"}],"neow_cost":"CURSE","seed_source_timestamp":639998077931753,"circlet_count":0,"master_deck":["Strike_R","Strike_R","Defend_R","Defend_R","Defend_R","Defend_R","Bash","Combust","Combust+1","Reaper","Offering","Immolate+1","Berserk+1","Offering+1","Intimidate","Flex+1"],"relics":["Burning Blood","Bird Faced Urn","Shovel","Juzu Bracelet","Dodecahedron","Regal Pillow","Odd Mushroom","Centennial Puzzle","The Courier","Astrolabe","ClockworkSouvenir","Omamori","Happy Flower","Mango","Tiny Chest","Blue Candle","Darkstone Periapt","Bag of Marbles"],"potions_floor_usage":[11,11,11,11,11,13,14,14,18,24,27,27,33,33],"damage_taken":[{"damage":6,"enemies":"Cultist","floor":1,"turns":3},{"damage":4,"enemies":"2 Louse","floor":3,"turns":2},{"damage":42,"enemies":"3 Sentries","floor":6,"turns":5},{"damage":9,"enemies":"Jaw Worm","floor":10,"turns":4},{"damage":16,"enemies":"The Mushroom Lair","floor":11,"turns":3},{"damage":28,"enemies":"Exordium Wildlife","floor":13,"turns":4},{"damage":38,"enemies":"Gremlin Nob","floor":14,"turns":4},{"damage":66,"enemies":"Slime Boss","floor":16,"turns":10},{"damage":45,"enemies":"Spheric Guardian","floor":18,"turns":5},{"damage":27,"enemies":"Chosen","floor":19,"turns":2},{"damage":18,"enemies":"Gremlin Leader","floor":24,"turns":4},{"damage":26,"enemies":"Slavers","floor":27,"turns":2},{"damage":25,"enemies":"Shelled Parasite and Fungi","floor":29,"turns":2},{"damage":39,"enemies":"Gremlin Leader","floor":30,"turns":5},{"damage":13,"enemies":"Snake Plant","floor":31,"turns":2},{"damage":90,"enemies":"Champ","floor":33,"turns":7}],"seed_played":"4777904270194010604","potions_obtained":[{"floor":10,"key":"EntropicBrew"},{"floor":13,"key":"BloodPotion"},{"floor":16,"key":"Poison Potion"},{"floor":19,"key":"Ancient Potion"},{"floor":21,"key":"Energy Potion"},{"floor":21,"key":"Energy Potion"},{"floor":21,"key":"SkillPotion"},{"floor":30,"key":"LiquidBronze"},{"floor":31,"key":"SteroidPotion"}],"is_trial":false,"path_per_floor":["M","$","M","?","$","E","$","R","T","M","?","?","M","E","R","B",null,"M","M","$","?","?","R","E","R","T","E","R","M","E","M","R"],"character_chosen":"IRONCLAD","items_purchased":["Combust","Juzu Bracelet","ClockworkSouvenir","Omamori","Intimidate"],"campfire_rested":2,"item_purchase_floors":[2,7,20,20,20],"current_hp_per_floor":[72,72,78,78,78,46,46,46,46,47,64,46,36,20,59,12,63,30,19,19,19,45,80,76,90,90,82,82,67,64,71,71,0],"gold":198,"neow_bonus":"ONE_RARE_RELIC","is_prod":false,"is_daily":false,"chose_seed":false,"campfire_upgraded":1,"win_rate":0,"timestamp":1538151362,"path_taken":["M","?","M","?","$","E","?","R","T","M","?","?","M","E","R","BOSS","M","M","$","?","?","R","E","R","T","E","R","M","E","M","R","BOSS"],"build_version":"2018-09-27","purchased_purges":2,"victory":false,"max_hp_per_floor":[80,80,80,80,80,80,80,80,80,80,80,80,80,80,80,80,80,80,80,80,80,80,80,80,94,94,94,94,94,94,94,94,94],"card_choices":[{"not_picked":["Twin Strike","Iron Wave"],"picked":"Combust","floor":1},{"not_picked":["Havoc","Perfected Strike","Sever Soul"],"picked":"SKIP","floor":3},{"not_picked":["Havoc","Reckless Charge"],"picked":"Reaper","floor":6},{"not_picked":["Sword Boomerang","Flex","Iron Wave"],"picked":"SKIP","floor":10},{"not_picked":["Clothesline","Clash","Feel No Pain"],"picked":"SKIP","floor":13},{"not_picked":["Evolve","Flex","Pommel Strike"],"picked":"SKIP","floor":14},{"not_picked":["Barricade","Berserk"],"picked":"Offering","floor":16},{"not_picked":["Iron Wave","Pommel Strike","Thunderclap+1"],"picked":"SKIP","floor":18},{"not_picked":["Iron Wave","Armaments","True Grit"],"picked":"SKIP","floor":19},{"not_picked":["Dark Embrace","Heavy Blade"],"picked":"Flex+1","floor":24},{"not_picked":["Anger+1","Burning Pact","Pommel Strike+1"],"picked":"SKIP","floor":27},{"not_picked":["True Grit","Twin Strike+1","Body Slam"],"picked":"SKIP","floor":29},{"not_picked":["Carnage+1","Reckless Charge","Searing Blow"],"picked":"SKIP","floor":30},{"not_picked":["Pommel Strike+1","Shrug It Off","Entrench"],"picked":"SKIP","floor":31}],"player_experience":391469,"relics_obtained":[{"floor":6,"key":"Shovel"},{"floor":8,"key":"Dodecahedron"},{"floor":9,"key":"Regal Pillow"},{"floor":11,"key":"Odd Mushroom"},{"floor":14,"key":"The Courier"},{"floor":24,"key":"Happy Flower"},{"floor":25,"key":"Mango"},{"floor":26,"key":"Tiny Chest"},{"floor":27,"key":"Blue Candle"},{"floor":30,"key":"Darkstone Periapt"},{"floor":32,"key":"Bag of Marbles"}],"event_choices":[{"event_name":"Golden Shrine","player_choice":"Desecrate","floor":4,"damage_taken":0},{"event_name":"Mushrooms","player_choice":"Fought Mushrooms","floor":11,"damage_taken":0},{"event_name":"Scrap Ooze","player_choice":"success","floor":12,"damage_taken":18},{"event_name":"The Lab","player_choice":"Got Potions","floor":21,"damage_taken":0},{"event_name":"The Library","player_choice":"Heal","floor":22,"damage_taken":0}],"is_beta":false,"boss_relics":[{"not_picked":["Busted Crown","Runic Cube"],"picked":"Astrolabe"}],"items_purged_floors":[2,5],"is_endless":false,"potions_floor_spawned":[10,13,16,19,30,31],"killed_by":"Champ","ascension_level":9}