{"path_per_floor":["M","M","?","$","M","R","E","R","T","M","M","M","?","M","R","B",null,"M","M","M","M","M","$","R","?","T","R","M","M","E","?","R"],"character_chosen":"THE_SILENT","items_purchased":["Blood Vial","Bronze Scales"],"gold_per_floor":[114,129,129,129,144,144,174,174,199,214,229,244,244,263,263,388,388,407,426,445,464,483,183,183,183,258,258,277,296,334,334,334],"floor_reached":33,"campfire_rested":2,"playtime":2064,"current_hp_per_floor":[68,67,66,65,64,63,61,61,60,59,58,57,56,55,54,40,52,42,21,16,16,13,13,26,26,26,26,23,24,13,13,24],"items_purged":[],"gold":334,"score":273,"play_id":"2268be08-eee1-4da2-9e28-7c87f02a9e95","local_time":"20180311084949","daily_mods":["Shiny","Uncertain Future","Terminal"],"is_prod":false,"is_daily":true,"is_ascension_mode":false,"campfire_upgraded":4,"timestamp":1520750989,"path_taken":["M","M","?","$","M","R","E","R","T","?","M","M","?","M","R","BOSS","M","M","M","M","M","$","R","?","T","R","M","?","E","?","R","BOSS"],"build_version":"2018-03-09","purchased_purges":0,"victory":false,"master_deck":["Defend_G","Defend_G","Defend_G","Defend_G","Defend_G","Strike_G","Strike_G","Strike_G","Strike_G","Strike_G","Survivor","Neutralize","Die Die Die","Skewer+1","Backflip","Heel Hook","Adrenaline+1","Poisoned Stab","Footwork+1","Outmaneuver","Terror+1","Envenom","Flying Knee","Riddle With Holes","Crippling Poison","Escape Plan","Flying Knee+1","Bouncing Flask+1","Poisoned Stab+1","Blur"],"max_hp_per_floor":[68,67,66,65,64,63,62,61,60,59,58,57,56,55,54,53,52,51,50,49,48,47,46,45,44,43,42,41,40,39,38,37],"relics":["Ring of the Snake","Anchor","Art of War","Golden Idol","Sozu","Blood Vial","Bronze Scales","Mummified Hand","Snake Skull"],"card_choices":[{"not_picked":["Poisoned Stab","Backflip"],"picked":"Skewer"},{"not_picked":["Acrobatics","Blade Dance"],"picked":"Backflip"},{"not_picked":["Finisher","Acrobatics"],"picked":"Heel Hook"},{"not_picked":["Backstab","Flying Knee"],"picked":"Adrenaline"},{"not_picked":["Acrobatics","Setup"],"picked":"Poisoned Stab"},{"not_picked":["Underhanded Strike","Setup"],"picked":"Footwork"},{"not_picked":["Cloak And Dagger","Setup"],"picked":"Outmaneuver"},{"not_picked":["Envenom","Deadly Poison"],"picked":"Terror"},{"not_picked":["Night Terror","Tactician"],"picked":"Envenom"},{"not_picked":["Backflip","Accuracy"],"picked":"Flying Knee"},{"not_picked":["Deadly Poison","PiercingWail"],"picked":"Riddle With Holes"},{"not_picked":["Flying Knee","Reflex"],"picked":"Crippling Poison"},{"not_picked":["Bane","Backflip"],"picked":"Escape Plan"},{"not_picked":["Infinite Blades","Acrobatics"],"picked":"Flying Knee"},{"not_picked":["Choke","Caltrops"],"picked":"Bouncing Flask"},{"not_picked":["Dagger Throw","Burst"],"picked":"Poisoned Stab"},{"not_picked":["Quick Slash","Outmaneuver"],"picked":"Blur"}],"player_experience":66539,"potions_floor_usage":[7,16,16,16,20],"damage_taken":[{"damage":0,"enemies":"Cultist","floor":1,"turns":4},{"damage":0,"enemies":"2 Louse","floor":2,"turns":2},{"damage":0,"enemies":"Small Slimes","floor":5,"turns":2},{"damage":2,"enemies":"Gremlin Nob","floor":7,"turns":4},{"damage":0,"enemies":"Gremlin Gang","floor":10,"turns":2},{"damage":0,"enemies":"Exordium Wildlife","floor":11,"turns":3},{"damage":0,"enemies":"Blue Slaver","floor":12,"turns":1},{"damage":0,"enemies":"Looter","floor":14,"turns":3},{"damage":14,"enemies":"Slime Boss","floor":16,"turns":5},{"damage":10,"enemies":"2 Thieves","floor":18,"turns":4},{"damage":21,"enemies":"Spheric Guardian","floor":19,"turns":6},{"damage":5,"enemies":"Centurion and Healer","floor":20,"turns":4},{"damage":0,"enemies":"Snake Plant","floor":21,"turns":2},{"damage":3,"enemies":"3 Cultists","floor":22,"turns":5},{"damage":5,"enemies":"Centurion and Healer","floor":28,"turns":5},{"damage":1,"enemies":"Snake Plant","floor":29,"turns":3},{"damage":13,"enemies":"Book of Stabbing","floor":30,"turns":4},{"damage":31,"enemies":"Automaton","floor":33,"turns":6}],"event_choices":[{"event_name":"The Cleric","player_choice":"Leave","floor":3,"damage_taken":0},{"event_name":"Golden Idol","player_choice":"Take Wound","floor":13,"damage_taken":0},{"event_name":"Back to Basics","player_choice":"Elegance","floor":25,"damage_taken":0},{"event_name":"Drug Dealer","player_choice":"Ignored","floor":31,"damage_taken":0}],"boss_relics":[{"not_picked":["Eternal Feather","Ectoplasm"],"picked":"Sozu"}],"potions_floor_spawned":[1,5,11,12,16,20,28,29,30],"seed_played":"4792185374842203756","killed_by":"Automaton","ascension_level":0,"is_trial":false}