{"gold_per_floor":[115,115,115,135,153,153,187,187,211,236,236,236,236,35,35,138,138,155,4,4,17,34,34,47,47,47,100,111,127,138,63,63,63],"floor_reached":33,"playtime":1676,"items_purged":["Defend_R","Defend_R"],"score":306,"play_id":"3c70581c-0af3-47e1-808e-26ad9c6b893c","local_time":"20190629230405","is_ascension_mode":true,"campfire_choices":[{"data":"Pummel","floor":6,"key":"SMITH"},{"floor":11,"key":"REST"},{"floor":13,"key":"REST"},{"data":"Rampage","floor":15,"key":"SMITH"},{"floor":23,"key":"REST"},{"floor":25,"key":"REST"},{"floor":32,"key":"REST"}],"neow_cost":"NONE","seed_source_timestamp":193525610918795,"circlet_count":0,"master_deck":["Strike_R","Strike_R","Strike_R","Strike_R","Bash+1","Headbutt","Perfected Strike","Pummel+1","Rampage+1","Clash","Clash","Fiend Fire","Twin Strike+1","Shrug It Off+1","Dual Wield","Heavy Blade+1","Perfected Strike","Double Tap"],"relics":["Black Blood","Strawberry","Juzu Bracelet","Vajra","Du-Vu Doll","Bronze Scales"],"potions_floor_usage":[10,16,16,22,22,22,30,33],"damage_taken":[{"damage":15,"enemies":"Small Slimes","floor":1,"turns":3},{"damage":0,"enemies":"2 Louse","floor":4,"turns":3},{"damage":6,"enemies":"Cultist","floor":5,"turns":3},{"damage":36,"enemies":"Lagavulin","floor":7,"turns":5},{"damage":31,"enemies":"3 Sentries","floor":10,"turns":5},{"damage":18,"enemies":"Slime Boss","floor":16,"turns":8},{"damage":17,"enemies":"2 Thieves","floor":18,"turns":3},{"damage":33,"enemies":"3 Byrds","floor":21,"turns":4},{"damage":24,"enemies":"Snake Plant","floor":22,"turns":2},{"damage":16,"enemies":"Cultist and Chosen","floor":24,"turns":4},{"damage":31,"enemies":"Centurion and Healer","floor":28,"turns":4},{"damage":40,"enemies":"Snake Plant","floor":29,"turns":2},{"damage":4,"enemies":"Cultist and Chosen","floor":30,"turns":4},{"damage":66,"enemies":"Collector","floor":33,"turns":5}],"seed_played":"5375542936957442628","potions_obtained":[{"floor":1,"key":"FearPotion"},{"floor":5,"key":"Explosive Potion"},{"floor":16,"key":"Fire Potion"},{"floor":21,"key":"FearPotion"},{"floor":22,"key":"Ancient Potion"},{"floor":29,"key":"SkillPotion"}],"is_trial":false,"path_per_floor":["M","?","?","M","M","R","E","?","T","E","R","?","R","$","R","B",null,"M","$","?","M","M","R","M","R","T","T","M","M","M","?","R","B"],"character_chosen":"IRONCLAD","items_purchased":["Clash","Fruit Juice","Explosive Potion"],"campfire_rested":5,"item_purchase_floors":[14,14,19],"current_hp_per_floor":[71,71,71,77,77,77,54,47,47,22,48,48,74,74,74,67,92,85,85,67,44,30,59,53,82,82,82,61,31,37,37,66,0],"gold":63,"neow_bonus":"REMOVE_CARD","is_prod":false,"is_daily":false,"chose_seed":false,"campfire_upgraded":2,"win_rate":0,"timestamp":1561867445,"path_taken":["M","?","?","M","?","R","E","?","T","E","R","?","R","$","R","BOSS","M","$","?","M","M","R","M","R","T","?","M","M","M","?","R","BOSS"],"build_version":"2019-01-23","purchased_purges":2,"victory":false,"max_hp_per_floor":[80,80,80,80,80,80,87,87,87,87,87,87,87,87,87,92,92,92,92,97,97,97,97,97,97,97,97,97,97,97,97,97,97],"card_choices":[{"not_picked":["Clash","Spot Weakness"],"picked":"Headbutt","floor":1},{"not_picked":["Iron Wave","Flex"],"picked":"Perfected Strike","floor":4},{"not_picked":["Combust","Sword Boomerang"],"picked":"Pummel","floor":5},{"not_picked":["Second Wind","Feel No Pain"],"picked":"Rampage","floor":7},{"not_picked":["Flame Barrier","Uppercut"],"picked":"Clash","floor":10},{"not_picked":["Berserk","Exhume"],"picked":"Fiend Fire","floor":16},{"not_picked":["Second Wind","Rupture"],"picked":"Twin Strike+1","floor":18},{"not_picked":["Flex+1","Sword Boomerang"],"picked":"Shrug It Off+1","floor":21},{"not_picked":["Iron Wave","Sword Boomerang"],"picked":"Sentinel+1","floor":22},{"not_picked":["Twin Strike","Combust"],"picked":"Dual Wield","floor":24},{"not_picked":["Headbutt","Iron Wave"],"picked":"Heavy Blade+1","floor":28},{"not_picked":["Sentinel","Hemokinesis"],"picked":"Perfected Strike","floor":29},{"not_picked":["True Grit","Heavy Blade+1"],"picked":"Double Tap","floor":30}],"player_experience":296323,"relics_obtained":[{"floor":7,"key":"Strawberry"},{"floor":9,"key":"Juzu Bracelet"},{"floor":10,"key":"Vajra"},{"floor":26,"key":"Du-Vu Doll"},{"floor":27,"key":"Bronze Scales"}],"event_choices":[{"damage_healed":0,"gold_gain":0,"player_choice":"Ignored","damage_taken":0,"max_hp_gain":0,"max_hp_loss":0,"event_name":"Liars Game","floor":2,"gold_loss":0},{"damage_healed":0,"gold_gain":0,"player_choice":"Upgraded","damage_taken":0,"max_hp_gain":0,"max_hp_loss":0,"event_name":"Upgrade Shrine","floor":3,"gold_loss":0,"cards_upgraded":["Bash"]},{"cards_removed":["Defend_R"],"damage_healed":0,"gold_gain":0,"player_choice":"Card Removal","damage_taken":7,"max_hp_gain":0,"max_hp_loss":0,"event_name":"Golden Wing","floor":8,"gold_loss":0},{"cards_removed":["Defend_R"],"damage_healed":0,"gold_gain":0,"player_choice":"Forget","damage_taken":0,"max_hp_gain":0,"max_hp_loss":0,"event_name":"Living Wall","floor":12,"gold_loss":0},{"damage_healed":0,"gold_gain":0,"player_choice":"Shed Blood","damage_taken":23,"max_hp_gain":5,"max_hp_loss":0,"event_name":"Forgotten Altar","floor":20,"gold_loss":0},{"cards_removed":["Sentinel"],"damage_healed":0,"gold_gain":0,"player_choice":"Gave Gold","damage_taken":0,"max_hp_gain":0,"max_hp_loss":0,"event_name":"Beggar","floor":31,"gold_loss":75}],"is_beta":false,"boss_relics":[{"not_picked":["Tiny House","Ectoplasm"],"picked":"Black Blood"}],"items_purged_floors":[14,19],"is_endless":false,"potions_floor_spawned":[1,5,16,21,22,29],"killed_by":"Collector","ascension_level":2}