{"path_per_floor":["M","$","?","?","M","E","M","E","T","R","E","?","M","M","R","B",null,"M","?","T","T","$","R","M","?","T","R","M","M","M","$","R"],"character_chosen":"IRONCLAD","items_purchased":["Shuriken"],"gold_per_floor":[112,37,37,37,57,83,98,126,126,126,154,154,165,177,177,280,310,330,330,330,330,75,75,95,95,95,95,109,120,135,35,35,35],"floor_reached":33,"campfire_rested":4,"playtime":1146,"current_hp_per_floor":[77,77,61,61,63,47,44,59,59,59,48,48,38,37,61,57,77,15,15,15,15,15,39,37,37,37,62,59,59,51,51,78,0],"items_purged":["Strike_R","Regret"],"gold":35,"score":345,"play_id":"c35c40d9-3b42-468f-a3c4-23753bebaa4f","local_time":"20180417103753","is_prod":false,"is_daily":false,"chose_seed":false,"is_ascension_mode":true,"campfire_upgraded":1,"timestamp":1523950673,"path_taken":["M","?","?","?","M","E","M","E","T","R","E","?","?","M","R","BOSS","M","?","?","?","?","R","?","?","T","R","M","M","M","$","R","BOSS"],"build_version":"2018-04-12","seed_source_timestamp":50400310404471,"purchased_purges":2,"victory":false,"master_deck":["Strike_R+1","Defend_R","Defend_R","Defend_R+1","Defend_R","Bash","Rampage","Offering","Panacea","Shockwave","Demon Form","Feed","Heavy Blade+1","Shrug It Off","Heavy Blade","Reaper","Clumsy","Parasite","Whirlwind","Heavy Blade+1","Flame Barrier"],"max_hp_per_floor":[80,80,80,80,80,80,80,80,80,80,80,80,83,83,83,83,83,83,83,83,83,83,83,86,86,86,86,86,89,92,92,92,92],"relics":["Burning Blood","Question Card","Dream Catcher","Centennial Puzzle","Pantograph","Calling Bell","Tiny Chest","Matryoshka","Ornamental Fan","Oddly Smooth Stone","Self Forming Clay","Blood Vial","Lantern","Shuriken","Meat on the Bone"],"card_choices":[{"not_picked":["Flex","Thunderclap"],"picked":"Rampage","floor":1},{"not_picked":["Battle Trance","Feel No Pain"],"picked":"Shockwave","floor":5},{"not_picked":["Armaments","Warcry"],"picked":"Demon Form","floor":6},{"not_picked":["Sword Boomerang","Clothesline","Havoc"],"picked":"Feed","floor":7},{"not_picked":["True Grit","Fiend Fire","Fire Breathing"],"picked":"Heavy Blade","floor":8},{"not_picked":["Flex","Blood for Blood","Anger"],"picked":"Shrug It Off","floor":13},{"not_picked":["Corruption","Dual Wield","Twin Strike"],"picked":"Heavy Blade","floor":14},{"not_picked":["Feed","Barricade","Exhume"],"picked":"Reaper","floor":16},{"not_picked":["Iron Wave","Evolve","Body Slam"],"picked":"Whirlwind","floor":18},{"not_picked":["Ghostly Armor","Perfected Strike","Pommel Strike"],"picked":"Heavy Blade","floor":24},{"not_picked":["Reckless Charge","Rampage","Dark Embrace"],"picked":"Flame Barrier","floor":28}],"player_experience":209262,"potions_floor_usage":[7,8,8,16,28,29,33,33],"damage_taken":[{"damage":1,"enemies":"Cultist","floor":1,"turns":4},{"damage":4,"enemies":"Small Slimes","floor":5,"turns":3},{"damage":22,"enemies":"3 Sentries","floor":6,"turns":6},{"damage":9,"enemies":"Jaw Worm","floor":7,"turns":4},{"damage":6,"enemies":"Lagavulin","floor":8,"turns":6},{"damage":17,"enemies":"Gremlin Nob","floor":11,"turns":3},{"damage":19,"enemies":"Lots of Slimes","floor":13,"turns":4},{"damage":7,"enemies":"Blue Slaver","floor":14,"turns":3},{"damage":32,"enemies":"Hexaghost","floor":16,"turns":7},{"damage":68,"enemies":"Spheric Guardian","floor":18,"turns":8},{"damage":13,"enemies":"3 Byrds","floor":24,"turns":4},{"damage":27,"enemies":"Centurion and Healer","floor":28,"turns":5},{"damage":11,"enemies":"Snecko","floor":29,"turns":3},{"damage":31,"enemies":"Snake Plant","floor":30,"turns":4},{"damage":112,"enemies":"Collector","floor":33,"turns":7}],"event_choices":[{"event_name":"Shining Light","player_choice":"Entered Light","floor":3,"damage_taken":0},{"event_name":"Match and Keep!","player_choice":"2 cards matched","floor":4,"damage_taken":0},{"event_name":"Purifier","player_choice":"One Purge","floor":12,"damage_taken":0},{"event_name":"Purifier","player_choice":"One Purge","floor":19,"damage_taken":0},{"event_name":"Ghosts","player_choice":"Ignored","floor":25,"damage_taken":0}],"boss_relics":[{"not_picked":["Astrolabe","Runic Pyramid"],"picked":"Calling Bell"}],"potions_floor_spawned":[5,6,7,14,24,28,29,30],"seed_played":"2357952598258221529","killed_by":"Collector","ascension_level":6,"is_trial":false}