{"path_per_floor":["M","?","M","$","?","R","E","M","T","?","M","M","E","$","R","B",null,"M","?","?","?","M","R","?","R","T","E","M","$","M","$","R","B",null,"M","?","?","?"],"character_chosen":"IRONCLAD","items_purchased":["Fire Potion"],"gold_per_floor":[113,113,126,51,21,21,47,62,113,63,77,93,128,28,28,130,130,145,145,145,145,156,156,156,156,156,190,210,160,178,86,86,186,186,200,200,200,248,248],"floor_reached":39,"campfire_rested":3,"playtime":910,"current_hp_per_floor":[66,63,68,68,68,68,74,80,80,80,80,74,40,40,64,13,63,51,51,51,36,38,63,63,63,63,65,67,67,37,37,62,24,70,40,40,40,19,0],"items_purged":["Strike_R","Strike_R","Injury","Defend_R"],"gold":248,"score":617,"play_id":"c006eb7d-1f8a-4c5a-81a1-27976e349cd7","local_time":"20180430223007","is_prod":false,"is_daily":false,"chose_seed":false,"is_ascension_mode":true,"campfire_upgraded":2,"timestamp":1525116607,"path_taken":["M","?","M","?","?","R","E","?","T","?","M","?","E","?","R","BOSS","M","?","?","?","?","R","?","R","T","E","M","$","M","?","R","BOSS","M","?","?","?","M"],"build_version":"2018-04-28v2","seed_source_timestamp":382168610364013,"purchased_purges":4,"victory":false,"master_deck":["Strike_R","Defend_R","Defend_R","Bash+1","Dropkick+1","Whirlwind+1","Offering","Spot Weakness+1","Seeing Red+1","Demon Form","Regret","Normality","Pain","Normality"],"max_hp_per_floor":[80,80,80,80,80,80,80,80,80,80,80,80,80,80,80,80,80,80,80,80,85,85,85,85,85,85,85,85,85,85,85,85,85,85,85,85,85,85,85],"relics":["Burning Blood","Prayer Wheel","Bottled Flame","Whetstone","Bronze Scales","Cursed Key","The Courier","Smiling Mask","Calling Bell","Juzu Bracelet","Shuriken","Calipers","Omamori","Ginger"],"card_choices":[{"not_picked":["Bloodletting","Rampage"],"picked":"Whirlwind","floor":3},{"not_picked":["Berserk","Impervious"],"picked":"Offering","floor":16},{"not_picked":["Wild Strike","Burning Pact"],"picked":"Seeing Red","floor":30},{"not_picked":["Feed","Fiend Fire"],"picked":"Demon Form","floor":33}],"player_experience":232153,"potions_floor_usage":[7,7,12,12,16,30,33,33,35],"damage_taken":[{"damage":12,"enemies":"Jaw Worm","floor":1,"turns":3},{"damage":1,"enemies":"Cultist","floor":3,"turns":3},{"damage":0,"enemies":"3 Sentries","floor":7,"turns":2},{"damage":0,"enemies":"Small Slimes","floor":8,"turns":2},{"damage":0,"enemies":"Gremlin Gang","floor":11,"turns":1},{"damage":12,"enemies":"Large Slime","floor":12,"turns":3},{"damage":40,"enemies":"Lagavulin","floor":13,"turns":4},{"damage":57,"enemies":"Slime Boss","floor":16,"turns":8},{"damage":18,"enemies":"Shell Parasite","floor":18,"turns":2},{"damage":4,"enemies":"Spheric Guardian","floor":22,"turns":2},{"damage":4,"enemies":"Gremlin Leader","floor":27,"turns":3},{"damage":4,"enemies":"Snake Plant","floor":28,"turns":2},{"damage":36,"enemies":"Snecko","floor":30,"turns":4},{"damage":44,"enemies":"Automaton","floor":33,"turns":6},{"damage":36,"enemies":"3 Darklings","floor":35,"turns":4},{"damage":27,"enemies":"Mysterious Sphere","floor":38,"turns":3},{"damage":20,"enemies":"3 Shapes","floor":39,"turns":1}],"event_choices":[{"event_name":"Scrap Ooze","player_choice":"success","floor":2,"damage_taken":3},{"event_name":"The Woman in Blue","player_choice":"Bought 2 Potions","floor":5,"damage_taken":0},{"event_name":"The Cleric","player_choice":"Card Removal","floor":10,"damage_taken":0},{"event_name":"Ghosts","player_choice":"Ignored","floor":19,"damage_taken":0},{"event_name":"The Library","player_choice":"Read","floor":20,"damage_taken":0},{"event_name":"Forgotten Altar","player_choice":"Shed Blood","floor":21,"damage_taken":0},{"event_name":"Back to Basics","player_choice":"Elegance","floor":24,"damage_taken":0},{"event_name":"The Moai Head","player_choice":"Ignored","floor":36,"damage_taken":0},{"event_name":"Accursed Blacksmith","player_choice":"Rummage","floor":37,"damage_taken":0},{"event_name":"Mysterious Sphere","player_choice":"Fight","floor":38,"damage_taken":0}],"boss_relics":[{"not_picked":["Black Star","Runic Pyramid"],"picked":"Cursed Key"},{"not_picked":["Tiny House","Lizard Tail"],"picked":"Calling Bell"}],"potions_floor_spawned":[1,8,11,13,22,27,38],"seed_played":"3828975045818135141","killed_by":"3 Shapes","ascension_level":6,"is_trial":false}