{"gold_per_floor":[115,75,75,92,17,17,31,46,115,141,171],"floor_reached":11,"playtime":370,"items_purged":["Dualcast"],"score":88,"play_id":"877003f4-45ec-42b7-9348-1fa98bde65ef","local_time":"20180903112852","is_ascension_mode":true,"campfire_choices":[{"data":"Gash","floor":6,"key":"SMITH"}],"neow_cost":"NONE","seed_source_timestamp":154288382330947,"circlet_count":0,"master_deck":["Strike_B","Strike_B","Strike_B","Strike_B","Defend_B","Defend_B","Defend_B","Defend_B","Gash+1","Steam","Sweeping Beam","Beam Cell","Regret"],"relics":["Cursed Key","The Courier","Blood Vial","MawBank"],"potions_floor_usage":[10,11,11,11],"damage_taken":[{"damage":12,"enemies":"Jaw Worm","floor":1,"turns":3},{"damage":5,"enemies":"Cultist","floor":4,"turns":4},{"damage":0,"enemies":"Small Slimes","floor":7,"turns":3},{"damage":6,"enemies":"Looter","floor":8,"turns":3},{"damage":28,"enemies":"3 Sentries","floor":10,"turns":9},{"damage":26,"enemies":"Lagavulin Event","floor":11,"turns":5}],"seed_played":"8359142960445059225","potions_obtained":[{"floor":2,"key":"LiquidBronze"},{"floor":2,"key":"Energy Potion"},{"floor":2,"key":"PowerPotion"},{"floor":10,"key":"Swift Potion"}],"is_trial":false,"path_per_floor":["M","?","?","M","$","R","M","M","T","E"],"character_chosen":"DEFECT","items_purchased":[],"campfire_rested":0,"item_purchase_floors":[],"current_hp_per_floor":[63,63,56,51,51,51,51,45,45,24,0],"gold":171,"neow_bonus":"BOSS_RELIC","is_prod":false,"is_daily":false,"chose_seed":false,"campfire_upgraded":1,"win_rate":0,"timestamp":1535963332,"path_taken":["M","?","?","M","?","R","M","?","T","E","?"],"build_version":"2018-08-30","purchased_purges":1,"victory":false,"max_hp_per_floor":[75,75,75,75,75,75,75,75,75,75,75],"card_choices":[{"not_picked":["Darkness","Redo"],"picked":"Gash","floor":1},{"not_picked":["Leap","Conserve Battery"],"picked":"Steam","floor":4},{"not_picked":["Recycle","Hologram"],"picked":"Sweeping Beam","floor":7},{"not_picked":["Go for the Eyes","Ball Lightning"],"picked":"Beam Cell","floor":8},{"not_picked":["Lockon","Sunder","Loop"],"picked":"SKIP","floor":10}],"player_experience":355060,"relics_obtained":[{"floor":9,"key":"The Courier"},{"floor":10,"key":"Blood Vial"}],"event_choices":[{"event_name":"The Woman in Blue","player_choice":"Bought 3 Potions","floor":2,"damage_taken":0},{"event_name":"Golden Wing","player_choice":"Card Removal","floor":3,"damage_taken":0},{"event_name":"Dead Adventurer","player_choice":"Searched \u00273\u0027 times","floor":11,"damage_taken":0}],"is_beta":false,"boss_relics":[],"items_purged_floors":[5],"is_endless":false,"potions_floor_spawned":[8,10],"killed_by":"Lagavulin Event","ascension_level":4}