{"gold_per_floor":[117,117,67,83,2,33,51,51,75,101,121,121,138,213,213,308,308,319,319,319,332,347,379,379,399,399,410,437,437,471,490,490,490],"floor_reached":33,"playtime":1595,"items_purged":[],"score":524,"play_id":"9f1e829f-a63c-4080-8ec9-e2a9cc95ea7b","local_time":"20181024123957","is_ascension_mode":true,"campfire_choices":[{"data":"Disarm","floor":8.0,"key":"SMITH"},{"data":"Cleave","floor":12.0,"key":"SMITH"},{"data":"Bash","floor":15.0,"key":"SMITH"},{"floor":24.0,"key":"REST"},{"floor":32,"key":"REST"}],"neow_cost":"NONE","seed_source_timestamp":0,"circlet_count":0,"master_deck":["Defend_R","Defend_R","Defend_R+1","Bash+1","AscendersBane","Bloodletting","Cleave+1","Disarm+1","Seeing Red","Heavy Blade","Shrug It Off","Thunderclap","Immolate","Cleave+1","Bite","Bite","Bite","Bite","Bite","Flame Barrier+1","Flame Barrier","Infernal Blade","Pummel+1","Rampage+1","Twin Strike+1"],"special_seed":0,"relics":["Burning Blood","NeowsBlessing","Bag of Preparation","Smiling Mask","Magic Flower","Fusion Hammer","Dream Catcher","Omamori","Pen Nib","Sundial"],"potions_floor_usage":[33],"damage_taken":[{"damage":0.0,"enemies":"Cultist","floor":1.0,"turns":1.0},{"damage":0.0,"enemies":"Small Slimes","floor":4.0,"turns":1.0},{"damage":0.0,"enemies":"Lagavulin","floor":6.0,"turns":1.0},{"damage":6.0,"enemies":"2 Louse","floor":7.0,"turns":2.0},{"damage":15.0,"enemies":"Gremlin Nob","floor":10.0,"turns":4.0},{"damage":6.0,"enemies":"2 Fungi Beasts","floor":11.0,"turns":3.0},{"damage":0.0,"enemies":"Exordium Wildlife","floor":13.0,"turns":2.0},{"damage":53.0,"enemies":"The Guardian","floor":16.0,"turns":20.0},{"damage":5.0,"enemies":"Chosen","floor":18.0,"turns":3.0},{"damage":14.0,"enemies":"Spheric Guardian","floor":21.0,"turns":3.0},{"damage":1.0,"enemies":"3 Cultists","floor":22.0,"turns":3.0},{"damage":66.0,"enemies":"Gremlin Leader","floor":23.0,"turns":8.0},{"damage":8.0,"enemies":"Centurion and Healer","floor":25.0,"turns":5.0},{"damage":21.0,"enemies":"Shelled Parasite and Fungi","floor":27.0,"turns":6.0},{"damage":40.0,"enemies":"Slavers","floor":30.0,"turns":4.0},{"damage":15,"enemies":"Snake Plant","floor":31,"turns":4},{"damage":113,"enemies":"Champ","floor":33,"turns":13}],"seed_played":"-616616733665855052","potions_obtained":[{"floor":1.0,"key":"Explosive Potion"},{"floor":4.0,"key":"Weak Potion"},{"floor":10.0,"key":"Block Potion"},{"floor":16.0,"key":"SteroidPotion"},{"floor":21.0,"key":"Ancient Potion"},{"floor":25.0,"key":"BloodPotion"},{"floor":27.0,"key":"Fruit Juice"}],"is_trial":false,"path_per_floor":["M","?","?","M","$","E","M","R","T","E","M","R","M","?","R","B",null,"M","?","?","M","M","E","R","M","T","M","T","?","E","M","R"],"character_chosen":"IRONCLAD","items_purchased":["Disarm"],"campfire_rested":2,"item_purchase_floors":[5],"current_hp_per_floor":[78,62,62,68,68,74,74,74,74,65,68,68,77,66,66,22,66,70,56,47,54,61,19,37,53,53,59,59,59,50,59,66,0],"gold":490,"neow_bonus":"THREE_ENEMY_KILL","is_prod":false,"is_daily":false,"chose_seed":false,"campfire_upgraded":3,"win_rate":0,"timestamp":1540373997,"path_taken":["M","?","?","M","?","E","M","R","T","E","M","R","?","?","R","BOSS","M","?","?","?","M","E","R","M","T","?","?","?","E","M","R","BOSS"],"build_version":"2018-10-18","purchased_purges":0,"victory":false,"max_hp_per_floor":[80,80,80,80,80,80,80,80,80,80,80,80,80,80,80,80,80,80,56,61,61,61,61,61,61,61,61,61,61,66,66,66,66],"card_choices":[{"not_picked":["Fire Breathing","Clothesline"],"picked":"Bloodletting","floor":1.0},{"not_picked":["Rage","Headbutt"],"picked":"Cleave","floor":4.0},{"not_picked":["Body Slam","True Grit"],"picked":"Seeing Red","floor":6.0},{"not_picked":["Twin Strike","Clothesline"],"picked":"Heavy Blade","floor":7.0},{"not_picked":["Clothesline","Barricade","Fire Breathing"],"picked":"SKIP","floor":10.0},{"not_picked":["True Grit","Anger"],"picked":"Shrug It Off","floor":11.0},{"not_picked":["Wild Strike","Rage"],"picked":"Thunderclap","floor":13.0},{"not_picked":["Dark Embrace","Fiend Fire"],"picked":"Immolate","floor":16.0},{"not_picked":["Headbutt","Wild Strike"],"picked":"Cleave+1","floor":18.0},{"not_picked":["Corruption+1","Warcry"],"picked":"Flame Barrier+1","floor":21.0},{"not_picked":["Metallicize","Sever Soul","Headbutt"],"picked":"SKIP","floor":22.0},{"not_picked":["Dark Embrace","Twin Strike","Corruption"],"picked":"SKIP","floor":23.0},{"not_picked":["Perfected Strike","Dropkick"],"picked":"Flame Barrier","floor":25.0},{"not_picked":["Rage","Blood for Blood","Sword Boomerang"],"picked":"SKIP","floor":27.0},{"not_picked":["Perfected Strike","Flex+1"],"picked":"Pummel+1","floor":30},{"not_picked":["Clothesline","Burning Pact"],"picked":"Rampage+1","floor":31},{"not_picked":["Heavy Blade+1","Corruption"],"picked":"Twin Strike+1","floor":32}],"player_experience":448786,"relics_obtained":[{"floor":6.0,"key":"Bag of Preparation"},{"floor":9.0,"key":"Smiling Mask"},{"floor":10.0,"key":"Magic Flower"},{"floor":23.0,"key":"Dream Catcher"},{"floor":26.0,"key":"Omamori"},{"floor":28.0,"key":"Pen Nib"},{"floor":30,"key":"Sundial"}],"event_choices":[{"damage_healed":0.0,"max_hp_gain":0.0,"max_hp_loss":0.0,"gold_gain":0.0,"event_name":"Shining Light","player_choice":"Entered Light","floor":2.0,"gold_loss":0.0,"damage_taken":16.0,"cards_upgraded":["Defend_R","Strike_R"]},{"cards_removed":["Defend_R"],"damage_healed":0.0,"max_hp_gain":0.0,"max_hp_loss":0.0,"gold_gain":0.0,"event_name":"The Cleric","player_choice":"Card Removal","floor":3.0,"gold_loss":50.0,"damage_taken":0.0},{"damage_healed":0.0,"max_hp_gain":0.0,"max_hp_loss":0.0,"gold_gain":75.0,"event_name":"World of Goop","player_choice":"Gather Gold","floor":14.0,"gold_loss":0.0,"damage_taken":11.0},{"damage_healed":0.0,"max_hp_gain":0.0,"max_hp_loss":24.0,"gold_gain":0.0,"event_name":"Vampires","player_choice":"Became a vampire","floor":19.0,"gold_loss":0.0,"damage_taken":0.0,"cards_obtained":["Bite","Bite","Bite","Bite","Bite"]},{"damage_healed":0.0,"max_hp_gain":5.0,"max_hp_loss":0.0,"gold_gain":0.0,"event_name":"Forgotten Altar","player_choice":"Shed Blood","floor":20.0,"gold_loss":0.0,"damage_taken":14.0},{"damage_healed":0.0,"max_hp_gain":0.0,"max_hp_loss":0.0,"gold_gain":0.0,"event_name":"The Library","player_choice":"Read","floor":29.0,"gold_loss":0.0,"damage_taken":0.0,"cards_obtained":["Infernal Blade"]}],"is_beta":false,"boss_relics":[{"not_picked":["Runic Pyramid","Orrery"],"picked":"Fusion Hammer"}],"items_purged_floors":[],"is_endless":false,"potions_floor_spawned":[1,4,10,16,21,25,27],"killed_by":"Champ","ascension_level":11}