{"path_per_floor":["M","$","?","M","?","E","R","?","T","M","?","M","M","M","R"],"character_chosen":"THE_SILENT","items_purchased":["PiercingWail"],"gold_per_floor":[114,16,16,27,27,56,56,78,78,95,95,105,95,113,113,113],"floor_reached":16,"campfire_rested":2,"playtime":999,"current_hp_per_floor":[70,70,70,62,67,30,52,23,23,21,21,19,19,15,37,0],"items_purged":["Strike_G"],"gold":113,"score":107,"play_id":"76a7971a-f438-44c1-b6e1-45871aee225b","local_time":"20180401174012","is_prod":false,"is_daily":false,"is_ascension_mode":true,"campfire_upgraded":0,"timestamp":1522593612,"path_taken":["M","?","?","M","?","E","R","?","T","?","?","M","M","M","R","BOSS"],"build_version":"2018-03-29v2","purchased_purges":1,"victory":false,"master_deck":["Defend_G","Defend_G","Defend_G","Defend_G","Defend_G","Strike_G","Strike_G","Strike_G","Strike_G","Survivor","Neutralize","Flying Knee","PiercingWail","Decay","Bouncing Flask","Leg Sweep+1","PiercingWail","Leg Sweep","Flying Knee","Outmaneuver"],"max_hp_per_floor":[70,70,70,70,75,75,75,75,75,75,75,75,75,75,75,75],"relics":["Ring of the Snake","Bag of Marbles","Odd Mushroom","Peace Pipe"],"card_choices":[{"not_picked":["Eviscerate","Quick Slash"],"picked":"Flying Knee","floor":1},{"not_picked":["Dagger Spray","Eviscerate"],"picked":"Bouncing Flask","floor":4},{"not_picked":["Glass Knife","Dodge and Roll"],"picked":"Leg Sweep","floor":8},{"not_picked":["Masterful Stab","Underhanded Strike"],"picked":"PiercingWail","floor":10},{"not_picked":["Prepared","A Thousand Cuts"],"picked":"Leg Sweep","floor":12},{"not_picked":["Bane","Riddle With Holes"],"picked":"Flying Knee","floor":13},{"not_picked":["Predator","Dagger Throw"],"picked":"Outmaneuver","floor":14}],"player_experience":167188,"potions_floor_usage":[13,16,16],"damage_taken":[{"damage":0,"enemies":"Cultist","floor":1,"turns":3},{"damage":8,"enemies":"Jaw Worm","floor":4,"turns":4},{"damage":37,"enemies":"3 Sentries","floor":6,"turns":8},{"damage":29,"enemies":"The Mushroom Lair","floor":8,"turns":6},{"damage":2,"enemies":"Small Slimes","floor":10,"turns":3},{"damage":2,"enemies":"Blue Slaver","floor":12,"turns":4},{"damage":0,"enemies":"Exordium Thugs","floor":13,"turns":5},{"damage":4,"enemies":"2 Fungi Beasts","floor":14,"turns":3},{"damage":42,"enemies":"Slime Boss","floor":16,"turns":14}],"event_choices":[{"event_name":"Wheel of Change","player_choice":"Curse","floor":3,"damage_taken":0},{"event_name":"Big Fish","player_choice":"Donut","floor":5,"damage_taken":0},{"event_name":"Mushrooms","player_choice":"Fought Mushrooms","floor":8,"damage_taken":0},{"event_name":"Upgrade Shrine","player_choice":"Upgraded","floor":11,"damage_taken":0}],"boss_relics":[],"potions_floor_spawned":[1,6,12],"seed_played":"-7499703093083090534","killed_by":"Slime Boss","ascension_level":1,"is_trial":false}