{"gold_per_floor":[218,218,230,109,129,129,157,157,205,239,239,239,256,256,256,358,358,372,372,116,133,86,86,106,137,137,137,137,12,111,127,127,228,228,243,93,113,127,138,138,138,138,209,221,250,250,250,265,265,265],"floor_reached":51,"playtime":2125,"items_purged":["Strike_R","Pain","Defend_R","Defend_R"],"score":728,"play_id":"ffd31eae-4c65-4b1e-b460-d726636d1d69","local_time":"20190707233713","is_ascension_mode":false,"campfire_choices":[{"data":"Armaments","floor":6,"key":"SMITH"},{"floor":8,"key":"REST"},{"data":"Thunderclap","floor":11,"key":"SMITH"},{"data":"Shrug It Off","floor":15,"key":"SMITH"},{"data":"True Grit","floor":23,"key":"SMITH"},{"data":"Pommel Strike","floor":28,"key":"SMITH"},{"data":"Metallicize","floor":32,"key":"SMITH"},{"data":"Juggernaut","floor":40,"key":"SMITH"},{"data":"Fire Breathing","floor":42,"key":"SMITH"},{"data":"Clothesline","floor":49,"key":"SMITH"}],"neow_cost":"NONE","seed_source_timestamp":15485317790287,"circlet_count":0,"master_deck":["Defend_R","Defend_R","Bash+1","Thunderclap+1","Armaments+1","Shrug It Off+1","Ghostly Armor","Seeing Red","Twin Strike","Feed","Whirlwind+1","Bite","Bite","Bite","Bite","Bite","True Grit+1","Metallicize+1","Pommel Strike+1","Seeing Red","Juggernaut+1","Clothesline+1","Dropkick+1","Fire Breathing+1","Flex+1","Madness","Secret Weapon","Doubt","True Grit+1"],"relics":["Burning Blood","Bag of Marbles","Bronze Scales","Matryoshka","WarpedTongs","Pen Nib","Pantograph","Sozu","Vajra","Anchor","Dream Catcher","Juzu Bracelet","Potion Belt","Coffee Dripper","Mercury Hourglass","Bottled Flame"],"potions_floor_usage":[7,10,18],"damage_taken":[{"damage":5,"enemies":"Small Slimes","floor":1,"turns":5},{"damage":1,"enemies":"Cultist","floor":3,"turns":4},{"damage":0,"enemies":"Jaw Worm","floor":5,"turns":5},{"damage":51,"enemies":"Gremlin Nob","floor":7,"turns":6},{"damage":8,"enemies":"3 Sentries","floor":10,"turns":5},{"damage":2,"enemies":"Exordium Wildlife","floor":13,"turns":3},{"damage":34,"enemies":"The Guardian","floor":16,"turns":13},{"damage":8,"enemies":"2 Thieves","floor":18,"turns":2},{"damage":9,"enemies":"Shell Parasite","floor":21,"turns":4},{"damage":2,"enemies":"Shelled Parasite and Fungi","floor":24,"turns":5},{"damage":22,"enemies":"Slavers","floor":25,"turns":8},{"damage":8,"enemies":"Snake Plant","floor":31,"turns":2},{"damage":54,"enemies":"Automaton","floor":33,"turns":11},{"damage":4,"enemies":"3 Shapes","floor":35,"turns":2},{"damage":17,"enemies":"3 Darklings","floor":37,"turns":4},{"damage":53,"enemies":"Maw","floor":38,"turns":8},{"damage":19,"enemies":"Sphere and 2 Shapes","floor":39,"turns":4},{"damage":28,"enemies":"Spire Growth","floor":44,"turns":3},{"damage":46,"enemies":"Reptomancer","floor":45,"turns":6},{"damage":1,"enemies":"Transient","floor":48,"turns":5},{"damage":56,"enemies":"Time Eater","floor":50,"turns":10}],"seed_played":"-6591842048769918155","potions_obtained":[{"floor":3,"key":"Poison Potion"},{"floor":5,"key":"Block Potion"},{"floor":7,"key":"SpeedPotion"},{"floor":13,"key":"Explosive Potion"}],"is_trial":false,"path_per_floor":["M","?","M","$","M","R","E","R","T","E","R","?","M","T","R","B",null,"M","?","$","M","$","R","M","E","T","T","R","$","?","M","R","B",null,"M","$","M","M","M","R","?","R","T","M","E","?","?","M","R","B",null],"character_chosen":"IRONCLAD","items_purchased":["Shrug It Off","Vajra","True Grit"],"campfire_rested":1,"item_purchase_floors":[4,20,22],"current_hp_per_floor":[80,80,80,80,80,80,35,59,59,57,57,57,61,61,61,52,80,82,58,58,57,57,57,62,63,63,63,63,63,63,65,65,52,70,74,74,65,35,34,34,67,67,67,45,17,7,71,71,71,36],"gold":265,"neow_bonus":"HUNDRED_GOLD","is_prod":false,"is_daily":false,"chose_seed":false,"campfire_upgraded":9,"win_rate":0,"timestamp":1562535433,"path_taken":["M","?","M","$","M","R","E","R","T","E","R","?","?","?","R","BOSS","M","?","$","M","$","R","M","E","T","?","R","?","?","M","R","BOSS","M","$","M","M","M","R","?","R","T","M","E","?","?","M","R","BOSS"],"build_version":"2019-07-05","purchased_purges":4,"victory":true,"max_hp_per_floor":[80,80,80,80,80,80,80,80,80,80,80,80,80,80,80,80,80,84,58,58,58,58,58,62,66,66,66,66,66,66,66,66,70,70,74,74,74,74,77,77,67,67,67,67,71,71,71,71,71,71],"card_choices":[{"not_picked":["Heavy Blade","Clothesline"],"picked":"Thunderclap","floor":1},{"not_picked":["Reckless Charge","True Grit"],"picked":"Armaments","floor":3},{"not_picked":["Feel No Pain","Fire Breathing"],"picked":"Ghostly Armor","floor":5},{"not_picked":["Armaments","Brutality"],"picked":"Seeing Red","floor":7},{"not_picked":["Clash","Hemokinesis","Sword Boomerang"],"picked":"SKIP","floor":10},{"not_picked":["Burning Pact","Searing Blow"],"picked":"Twin Strike","floor":13},{"not_picked":["Berserk","Reaper"],"picked":"Feed","floor":16},{"not_picked":["Clash+1","Searing Blow+1"],"picked":"Whirlwind+1","floor":18},{"not_picked":["Shrug It Off","Dual Wield","Clothesline"],"picked":"SKIP","floor":21},{"not_picked":["Dropkick","Armaments+1"],"picked":"Metallicize","floor":24},{"not_picked":["Anger","Armaments"],"picked":"Pommel Strike","floor":25},{"not_picked":["Clothesline","Dual Wield"],"picked":"Seeing Red","floor":31},{"not_picked":["Bludgeon","Demon Form"],"picked":"Juggernaut","floor":33},{"not_picked":["Sword Boomerang+1","Iron Wave","Perfected Strike+1"],"picked":"SKIP","floor":35},{"not_picked":["Carnage","Entrench"],"picked":"Clothesline","floor":37},{"not_picked":["Hemokinesis","Entrench+1"],"picked":"Dropkick+1","floor":38},{"not_picked":["Body Slam","Perfected Strike"],"picked":"Fire Breathing","floor":39},{"not_picked":["Clash+1","Barricade"],"picked":"Flex+1","floor":44},{"not_picked":["Sever Soul","Clothesline+1","Bludgeon"],"picked":"SKIP","floor":45},{"not_picked":["Flash of Steel","Swift Strike"],"picked":"Madness","floor":46},{"not_picked":["Swift Strike","Enlightenment"],"picked":"Secret Weapon","floor":46},{"not_picked":["Sword Boomerang+1","Cleave+1"],"picked":"True Grit+1","floor":48}],"player_experience":39481,"relics_obtained":[{"floor":7,"key":"Bag of Marbles"},{"floor":9,"key":"Bronze Scales"},{"floor":10,"key":"Matryoshka"},{"floor":14,"key":"Pen Nib"},{"floor":14,"key":"Pantograph"},{"floor":25,"key":"Anchor"},{"floor":26,"key":"Dream Catcher"},{"floor":26,"key":"Juzu Bracelet"},{"floor":27,"key":"Potion Belt"},{"floor":43,"key":"Mercury Hourglass"},{"floor":45,"key":"Bottled Flame"}],"event_choices":[{"damage_healed":0,"gold_gain":0,"player_choice":"Grow","damage_taken":0,"max_hp_gain":0,"max_hp_loss":0,"event_name":"Living Wall","floor":2,"gold_loss":0,"cards_upgraded":["Bash"]},{"damage_healed":0,"gold_gain":0,"player_choice":"Rummage","damage_taken":0,"relics_obtained":["WarpedTongs"],"max_hp_gain":0,"max_hp_loss":0,"event_name":"Accursed Blacksmith","floor":12,"gold_loss":0,"cards_obtained":["Pain"]},{"damage_healed":0,"gold_gain":0,"player_choice":"Became a vampire","damage_taken":0,"max_hp_gain":0,"max_hp_loss":26,"event_name":"Vampires","floor":19,"gold_loss":0,"cards_obtained":["Bite","Bite","Bite","Bite","Bite"]},{"damage_healed":0,"gold_gain":99,"player_choice":"Stole From Cult","damage_taken":0,"max_hp_gain":0,"max_hp_loss":0,"event_name":"Nest","floor":30,"gold_loss":0},{"damage_healed":67,"gold_gain":0,"player_choice":"Heal","damage_taken":0,"max_hp_gain":0,"max_hp_loss":10,"event_name":"The Moai Head","floor":41,"gold_loss":0},{"damage_healed":0,"gold_gain":0,"player_choice":"Memory 3","damage_taken":10,"max_hp_gain":0,"max_hp_loss":0,"event_name":"SensoryStone","floor":46,"gold_loss":0},{"damage_healed":64,"gold_gain":0,"player_choice":"Heal","damage_taken":0,"max_hp_gain":0,"max_hp_loss":0,"event_name":"MindBloom","floor":47,"gold_loss":0,"cards_obtained":["Doubt"]}],"is_beta":false,"boss_relics":[{"not_picked":["Runic Dome","Tiny House"],"picked":"Sozu"},{"not_picked":["Velvet Choker","Runic Cube"],"picked":"Coffee Dripper"}],"items_purged_floors":[4,20,29,36],"is_endless":false,"potions_floor_spawned":[3,5,7,13,21,31,33,35,38,45],"ascension_level":0}