{"gold_per_floor":[211,211,221,18,18,18,32,59,59,2,21,21,34,45,45,141,141,151,151,151,166,176,204,15,29,29,29,29,39,50,60,60,60],"floor_reached":33,"playtime":1933,"items_purged":["Strike_B"],"score":325,"play_id":"2b5a016f-c686-4791-836f-299bbbd633ca","local_time":"20181004211008","is_ascension_mode":true,"campfire_choices":[{"data":"Zap","floor":6,"key":"SMITH"},{"floor":12,"key":"REST"},{"floor":15,"key":"REST"},{"floor":28,"key":"REST"},{"floor":32,"key":"REST"}],"neow_cost":"NONE","seed_source_timestamp":121486254942000,"circlet_count":0,"master_deck":["Strike_B+1","Strike_B+1","Strike_B+1","Defend_B+1","Defend_B+1","Defend_B+1","Defend_B+1","Zap+1","Dualcast","Genetic Algorithm+1","Melter","Sweeping Beam","Hologram","Capacitor","Barrage","Steam","Loop","Rainbow","Rip and Tear+1","Conserve Battery","Melter+1","Steam","Chill+1","Hologram+1","Conserve Battery"],"relics":["Cracked Core","Membership Card","Centennial Puzzle","Bottled Lightning","Velvet Choker","Bag of Preparation","DataDisk","ClockworkSouvenir","Cables"],"potions_floor_usage":[7,11,14,23,25,29,33],"damage_taken":[{"damage":4,"enemies":"Small Slimes","floor":1,"turns":3},{"damage":0,"enemies":"Cultist","floor":3,"turns":3},{"damage":0,"enemies":"Jaw Worm","floor":7,"turns":1},{"damage":30,"enemies":"Lagavulin","floor":8,"turns":6},{"damage":0,"enemies":"Large Slime","floor":11,"turns":4},{"damage":11,"enemies":"Red Slaver","floor":13,"turns":5},{"damage":11,"enemies":"Exordium Thugs","floor":14,"turns":3},{"damage":29,"enemies":"The Guardian","floor":16,"turns":11},{"damage":21,"enemies":"Chosen","floor":18,"turns":5},{"damage":15,"enemies":"Shell Parasite","floor":21,"turns":4},{"damage":21,"enemies":"Shelled Parasite and Fungi","floor":22,"turns":5},{"damage":16,"enemies":"Gremlin Leader","floor":23,"turns":8},{"damage":0,"enemies":"Snake Plant","floor":25,"turns":4},{"damage":4,"enemies":"Snecko","floor":29,"turns":4},{"damage":8,"enemies":"Cultist and Chosen","floor":30,"turns":5},{"damage":8,"enemies":"Snake Plant","floor":31,"turns":5},{"damage":58,"enemies":"Automaton","floor":33,"turns":6}],"seed_played":"2454767864555328970","potions_obtained":[{"floor":3,"key":"Fire Potion"},{"floor":8,"key":"SkillPotion"},{"floor":11,"key":"Explosive Potion"},{"floor":18,"key":"Dexterity Potion"},{"floor":23,"key":"AttackPotion"},{"floor":25,"key":"SteroidPotion"},{"floor":30,"key":"Dexterity Potion"}],"is_trial":false,"path_per_floor":["M","?","M","$","?","R","M","E","T","$","M","R","M","M","R","B",null,"M","?","?","M","M","E","$","M","T","$","R","M","M","M","R"],"character_chosen":"DEFECT","items_purchased":["Membership Card","Capacitor","DataDisk","ClockworkSouvenir","Steam"],"campfire_rested":4,"item_purchase_floors":[4,10,24,24,24],"current_hp_per_floor":[71,71,71,71,71,71,71,41,41,41,41,63,52,41,63,34,75,54,75,75,60,39,23,23,23,23,23,45,41,33,25,47,0],"gold":60,"neow_bonus":"HUNDRED_GOLD","is_prod":false,"is_daily":false,"chose_seed":false,"campfire_upgraded":1,"win_rate":0,"timestamp":1538676608,"path_taken":["M","?","M","$","?","R","?","E","T","$","M","R","M","M","R","BOSS","M","?","?","M","?","E","$","M","T","?","R","?","M","M","R","BOSS"],"build_version":"2018-09-27","purchased_purges":1,"victory":false,"max_hp_per_floor":[75,75,75,75,75,75,75,75,75,75,75,75,75,75,75,75,75,75,75,75,75,75,75,75,75,75,75,75,75,75,75,75,75],"card_choices":[{"not_picked":["Ball Lightning","Go for the Eyes"],"picked":"Genetic Algorithm","floor":1},{"not_picked":["Stack","Steam"],"picked":"Melter","floor":3},{"not_picked":["Lockon","Streamline"],"picked":"Sweeping Beam","floor":7},{"not_picked":["Lockon","Sweeping Beam"],"picked":"Hologram","floor":8},{"not_picked":["Rebound","Undo"],"picked":"Barrage","floor":11},{"not_picked":["Aggregate","Glacier"],"picked":"Steam","floor":13},{"not_picked":["Coolheaded","Compile Driver"],"picked":"Loop","floor":14},{"not_picked":["Creative AI","Biased Cognition"],"picked":"Rainbow","floor":16},{"not_picked":["Streamline","Redo"],"picked":"Rip and Tear+1","floor":18},{"not_picked":["Go for the Eyes","Stack","Beam Cell"],"picked":"SKIP","floor":21},{"not_picked":["Redo","Undo"],"picked":"Conserve Battery","floor":22},{"not_picked":["Hello World+1","Turbo"],"picked":"Melter+1","floor":23},{"not_picked":["Leap","Gash+1","Blizzard+1"],"picked":"SKIP","floor":25},{"not_picked":["Compile Driver","Go for the Eyes"],"picked":"Chill+1","floor":29},{"not_picked":["Ball Lightning","Blizzard+1"],"picked":"Hologram+1","floor":30},{"not_picked":["Coolheaded","Sweeping Beam"],"picked":"Conserve Battery","floor":31}],"player_experience":418375,"relics_obtained":[{"floor":8,"key":"Centennial Puzzle"},{"floor":9,"key":"Bottled Lightning"},{"floor":23,"key":"Bag of Preparation"},{"floor":26,"key":"Cables"}],"event_choices":[{"event_name":"Upgrade Shrine","player_choice":"Upgraded","floor":2,"damage_taken":0},{"event_name":"The Cleric","player_choice":"Leave","floor":5,"damage_taken":0},{"event_name":"The Library","player_choice":"Heal","floor":19,"damage_taken":0},{"event_name":"Back to Basics","player_choice":"Simplicity","floor":20,"damage_taken":0}],"is_beta":false,"boss_relics":[{"not_picked":["Empty Cage","White Beast Statue"],"picked":"Velvet Choker"}],"items_purged_floors":[10],"is_endless":false,"potions_floor_spawned":[3,8,11,18,23,25,30],"killed_by":"Automaton","ascension_level":4}