{"gold_per_floor":[18,18,18,38,38,63,63,63,87,107,124,124],"floor_reached":12,"playtime":521,"items_purged":[],"score":87,"play_id":"d6a0c67a-726e-43c2-81a0-b1fdb56311e2","local_time":"20180802105541","is_ascension_mode":true,"campfire_choices":[{"floor":7,"key":"REST"}],"neow_cost":"NO_GOLD","seed_source_timestamp":403543323086611,"circlet_count":0,"master_deck":["Strike_B","Strike_B+1","Strike_B","Strike_B","Defend_B","Defend_B","Defend_B","Defend_B","Zap+1","Dualcast","Rainbow","Chaos","Madness","Skim","Buffer","Rip and Tear","Turbo"],"relics":["Cracked Core","Ornamental Fan","Gremlin Horn","Potion Belt","Odd Mushroom"],"potions_floor_usage":[10,12],"damage_taken":[{"damage":0,"enemies":"Cultist","floor":1,"turns":4},{"damage":14,"enemies":"2 Louse","floor":4,"turns":2},{"damage":33,"enemies":"Gremlin Nob","floor":6,"turns":4},{"damage":20,"floor":10,"turns":4},{"damage":7,"enemies":"Jaw Worm","floor":11,"turns":4},{"damage":10,"enemies":"Lagavulin","floor":12,"turns":5}],"seed_played":"7880354553925973988","potions_obtained":[{"floor":6,"key":"Weak Potion"},{"floor":11,"key":"EssenceOfSteel"}],"is_trial":false,"path_per_floor":["M","$","?","M","?","E","R","?","T","?","M"],"character_chosen":"DEFECT","items_purchased":[],"campfire_rested":1,"item_purchase_floors":[],"current_hp_per_floor":[75,75,75,61,46,13,35,28,28,8,1,0],"gold":124,"neow_bonus":"THREE_RARE_CARDS","is_prod":false,"is_daily":false,"chose_seed":false,"campfire_upgraded":0,"win_rate":0,"timestamp":1533196541,"path_taken":["M","?","?","M","?","E","R","?","T","?","?","E"],"build_version":"2018-07-26","purchased_purges":0,"victory":false,"max_hp_per_floor":[75,75,75,75,75,75,75,75,75,75,75,75],"card_choices":[{"not_picked":["Amplify","Buffer"],"picked":"Rainbow","floor":0},{"not_picked":["Leap","Compile Driver"],"picked":"Chaos","floor":1},{"not_picked":["Reinforced Body","Beam Cell"],"picked":"Skim","floor":4},{"not_picked":["Gash","Redo"],"picked":"Buffer","floor":6},{"not_picked":["Redo","Streamline"],"picked":"Rip and Tear","floor":10},{"not_picked":["Coolheaded","Beam Cell"],"picked":"Turbo","floor":11}],"player_experience":325325,"relics_obtained":[{"floor":6,"key":"Ornamental Fan"},{"floor":9,"key":"Potion Belt"},{"floor":10,"key":"Odd Mushroom"}],"event_choices":[{"event_name":"Match and Keep!","player_choice":"1 cards matched","floor":3,"damage_taken":0},{"event_name":"Shining Light","player_choice":"Entered Light","floor":5,"damage_taken":0},{"event_name":"Scrap Ooze","player_choice":"success","floor":8,"damage_taken":7},{"event_name":"Mushrooms","player_choice":"Fought Mushrooms","floor":10,"damage_taken":0}],"is_beta":false,"boss_relics":[],"items_purged_floors":[],"is_endless":false,"potions_floor_spawned":[6,11],"killed_by":"Lagavulin","ascension_level":3}