{"gold_per_floor":[114,134,134,134,209,209,242,261,261,116,116,131,131,131,131,256,256,276,375,39,55,55,55,98,98,125,148,48,48,48,48],"floor_reached":31,"playtime":812,"items_purged":["Pain","Injury"],"score":438,"play_id":"f9fcf7c5-470d-49d6-b31c-b8bc5616b71b","local_time":"20190112184243","is_ascension_mode":true,"campfire_choices":[{"data":"Fire Breathing","floor":6,"key":"SMITH"},{"floor":11,"key":"REST"},{"floor":15,"key":"REST"},{"data":"Infernal Blade","floor":23,"key":"SMITH"},{"data":"Barricade","floor":25,"key":"SMITH"},{"data":"Demon Form","floor":29,"key":"SMITH"}],"neow_cost":"NONE","seed_source_timestamp":37363263412600,"circlet_count":0,"master_deck":["AscendersBane","Strike_R","Strike_R","Strike_R","Strike_R","Strike_R","Defend_R","Defend_R","Defend_R","Defend_R","Bash","Fire Breathing+1","Flex","Thunderclap","Infernal Blade+1","Flex","Injury","Demon Form+1","Clumsy","Pommel Strike","Shockwave+1","Demon Form","Barricade+1","Iron Wave"],"relics":["Burning Blood","Matryoshka","Centennial Puzzle","Self Forming Clay","Pen Nib","Bronze Scales","Golden Idol","Calling Bell","Anchor","Mercury Hourglass","Gambling Chip","Toxic Egg 2","Bottled Tornado","Vajra","Dream Catcher"],"potions_floor_usage":[8,12,16,24,27],"damage_taken":[{"damage":4,"enemies":"Small Slimes","floor":1,"turns":4},{"damage":8,"enemies":"Jaw Worm","floor":2,"turns":4},{"damage":55,"enemies":"Gremlin Nob","floor":7,"turns":5},{"damage":1,"enemies":"2 Louse","floor":8,"turns":2},{"damage":14,"enemies":"Large Slime","floor":12,"turns":4},{"damage":37,"enemies":"The Guardian","floor":16,"turns":11},{"damage":17,"enemies":"Chosen","floor":18,"turns":5},{"damage":22,"enemies":"Shell Parasite","floor":21,"turns":3},{"damage":0,"enemies":"Gremlin Leader","floor":24,"turns":7},{"damage":9,"enemies":"3 Cultists","floor":27,"turns":5},{"damage":50,"enemies":"Slavers","floor":31,"turns":4}],"seed_played":"8965135276992016384","potions_obtained":[{"floor":7,"key":"PowerPotion"},{"floor":8,"key":"Explosive Potion"},{"floor":12,"key":"Explosive Potion"},{"floor":16,"key":"Explosive Potion"},{"floor":24,"key":"Weak Potion"}],"is_trial":false,"path_per_floor":["M","M","?","$","?","R","E","M","T","$","R","M","$","?","R","B",null,"M","?","$","M","?","R","E","R","T","M","$","R","?","E"],"character_chosen":"IRONCLAD","items_purchased":["Bronze Scales","Toxic Egg 2"],"campfire_rested":2,"item_purchase_floors":[10,20],"current_hp_per_floor":[82,80,73,73,62,62,13,18,18,18,44,36,36,36,62,31,74,63,63,63,47,47,47,53,53,53,50,50,50,50,0],"gold":48,"neow_bonus":"TEN_PERCENT_HP_BONUS","is_prod":false,"is_daily":false,"chose_seed":false,"campfire_upgraded":4,"win_rate":0,"timestamp":1547311363,"path_taken":["M","M","?","$","?","R","E","M","T","$","R","M","?","?","R","BOSS","M","?","$","M","?","R","E","R","T","?","$","R","?","E"],"build_version":"2019-01-10","purchased_purges":2,"victory":false,"max_hp_per_floor":[88,88,88,88,88,88,88,88,88,88,88,88,88,88,88,88,88,88,88,88,88,88,88,88,88,88,88,88,88,88,88],"card_choices":[{"not_picked":["Heavy Blade","Perfected Strike"],"picked":"Fire Breathing","floor":1},{"not_picked":["Reckless Charge","Battle Trance"],"picked":"Flex","floor":2},{"not_picked":["Spot Weakness","Clash"],"picked":"Thunderclap","floor":7},{"not_picked":["Thunderclap","Blood for Blood"],"picked":"Infernal Blade","floor":8},{"not_picked":["Wild Strike","Feel No Pain"],"picked":"Flex","floor":12},{"not_picked":["Exhume","Barricade"],"picked":"Demon Form","floor":16},{"not_picked":["Headbutt","Hemokinesis"],"picked":"Pommel Strike","floor":18},{"not_picked":["Headbutt+1","Rage+1"],"picked":"Shockwave+1","floor":21},{"not_picked":["Dropkick","Flex+1"],"picked":"Barricade","floor":24},{"not_picked":["Cleave","Warcry+1"],"picked":"Iron Wave","floor":27}],"player_experience":480447,"relics_obtained":[{"floor":7,"key":"Centennial Puzzle"},{"floor":9,"key":"Self Forming Clay"},{"floor":9,"key":"Pen Nib"},{"floor":17,"key":"Anchor"},{"floor":17,"key":"Mercury Hourglass"},{"floor":17,"key":"Gambling Chip"},{"floor":24,"key":"Bottled Tornado"},{"floor":26,"key":"Vajra"},{"floor":26,"key":"Dream Catcher"}],"event_choices":[{"damage_healed":0,"gold_gain":0,"player_choice":"Success","damage_taken":7,"relics_obtained":["Matryoshka"],"max_hp_gain":0,"max_hp_loss":0,"event_name":"Scrap Ooze","floor":3,"gold_loss":0},{"damage_healed":0,"gold_gain":75,"player_choice":"Gather Gold","damage_taken":11,"max_hp_gain":0,"max_hp_loss":0,"event_name":"World of Goop","floor":5,"gold_loss":0},{"damage_healed":0,"gold_gain":0,"player_choice":"Take Wound","damage_taken":0,"relics_obtained":["Golden Idol"],"max_hp_gain":0,"max_hp_loss":0,"event_name":"Golden Idol","floor":14,"gold_loss":0,"cards_obtained":["Injury"]},{"damage_healed":0,"gold_gain":99,"player_choice":"Stole From Cult","damage_taken":0,"max_hp_gain":0,"max_hp_loss":0,"event_name":"Nest","floor":19,"gold_loss":0},{"damage_healed":0,"gold_gain":0,"player_choice":"Copied","damage_taken":0,"max_hp_gain":0,"max_hp_loss":0,"event_name":"Duplicator","floor":22,"gold_loss":0,"cards_obtained":["Demon Form"]},{"damage_healed":0,"gold_gain":0,"player_choice":"Ignored","damage_taken":0,"max_hp_gain":0,"max_hp_loss":0,"event_name":"Ghosts","floor":30,"gold_loss":0}],"is_beta":false,"boss_relics":[{"not_picked":["Philosopher\u0027s Stone","Fusion Hammer"],"picked":"Calling Bell"}],"items_purged_floors":[20,28],"is_endless":false,"potions_floor_spawned":[7,8,12,16,24],"killed_by":"Slavers","ascension_level":12}