{"path_per_floor":["M","?","?","?","M","E","R","E","T","R","M","R","M","E","R","B",null,"M"],"character_chosen":"IRONCLAD","items_purchased":[],"gold_per_floor":[18,18,18,18,36,99,99,131,183,183,194,194,207,241,241,341,341,359,359],"floor_reached":19,"campfire_rested":3,"playtime":670,"current_hp_per_floor":[74,57,57,57,66,45,45,15,15,43,49,77,87,69,99,20,85,23,0],"items_purged":[],"gold":359,"score":266,"play_id":"25737e93-e4bc-44d9-8172-bde3fa0fa9ec","local_time":"20180506220914","is_prod":false,"is_daily":false,"chose_seed":false,"is_ascension_mode":true,"campfire_upgraded":1,"timestamp":1525633754,"path_taken":["M","?","?","?","M","E","R","E","T","R","M","R","M","E","R","BOSS","M","M"],"build_version":"2018-05-03","seed_source_timestamp":204284810866925,"purchased_purges":0,"victory":false,"master_deck":["Strike_R","Strike_R","Strike_R+1","Strike_R","Strike_R","Defend_R","Defend_R","Defend_R+1","Defend_R","Bash","Feed+1","Pommel Strike","Whirlwind+1","Flex","Bludgeon"],"max_hp_per_floor":[83,83,83,83,87,91,91,95,95,95,95,95,99,103,103,107,107,107,107],"relics":["Burning Blood","Tiny Chest","The Courier","Ancient Tea Set","Darkstone Periapt","Black Star"],"card_choices":[{"not_picked":["Dark Embrace","Berserk"],"picked":"Feed","floor":0},{"not_picked":["Rupture","Heavy Blade"],"picked":"Pommel Strike","floor":1},{"not_picked":["Perfected Strike","Wild Strike"],"picked":"Whirlwind","floor":6},{"not_picked":["Spot Weakness","Clash"],"picked":"Flex","floor":13},{"not_picked":["Impervious","Brutality"],"picked":"Bludgeon","floor":16}],"player_experience":240377,"potions_floor_usage":[5,13,16],"damage_taken":[{"damage":7,"enemies":"Small Slimes","floor":1,"turns":3},{"damage":1,"enemies":"Cultist","floor":5,"turns":4},{"damage":31,"enemies":"3 Sentries","floor":6,"turns":8},{"damage":40,"enemies":"Lagavulin","floor":8,"turns":6},{"damage":0,"enemies":"2 Louse","floor":11,"turns":2},{"damage":0,"enemies":"Large Slime","floor":13,"turns":3},{"damage":28,"enemies":"3 Sentries","floor":14,"turns":9},{"damage":89,"enemies":"Slime Boss","floor":16,"turns":10},{"damage":68,"enemies":"Shell Parasite","floor":18,"turns":7},{"damage":30,"enemies":"Spheric Guardian","floor":19,"turns":4}],"event_choices":[{"event_name":"Shining Light","player_choice":"Entered Light","floor":2,"damage_taken":0},{"event_name":"Living Wall","player_choice":"Grow","floor":3,"damage_taken":0},{"event_name":"The Cleric","player_choice":"Leave","floor":4,"damage_taken":0}],"boss_relics":[{"not_picked":["Astrolabe","Tiny House"],"picked":"Black Star"}],"potions_floor_spawned":[1,11,14],"seed_played":"6961525297984559187","killed_by":"Spheric Guardian","ascension_level":6,"is_trial":false}