{"gold_per_floor":[114,26,43,43,43,43,55,55,55,74,85,99,128,155,155,155],"floor_reached":16,"playtime":1807,"items_purged":[],"score":102,"play_id":"df3de73b-a921-4f0f-855d-7d965b7b6d4c","local_time":"20180711205049","is_ascension_mode":false,"campfire_choices":[{"data":"Masterful Stab","floor":6,"key":"SMITH"},{"data":"Masterful Stab","floor":8,"key":"SMITH"},{"floor":15,"key":"REST"}],"neow_cost":"","seed_source_timestamp":70164236587467,"circlet_count":0,"master_deck":["Defend_G","Defend_G","Defend_G","Defend_G","Defend_G","Strike_G","Strike_G","Strike_G","Strike_G","Strike_G","Survivor","Neutralize","Masterful Stab+1","Purity","Masterful Stab+1","Deflect","Prepared","Backstab","Bullet Time","Masterful Stab"],"relics":["Ring of the Snake","Tough Bandages","Happy Flower","Regal Pillow"],"potions_floor_usage":[16],"damage_taken":[{"damage":0,"enemies":"Cultist","floor":1,"turns":4},{"damage":3,"enemies":"Jaw Worm","floor":3,"turns":2},{"damage":3,"enemies":"2 Louse","floor":7,"turns":2},{"damage":20,"enemies":"Large Slime","floor":10,"turns":9},{"damage":1,"enemies":"Gremlin Gang","floor":11,"turns":4},{"damage":0,"enemies":"Blue Slaver","floor":12,"turns":3},{"damage":9,"enemies":"Lagavulin","floor":13,"turns":6},{"damage":98,"enemies":"Hexaghost","floor":16,"turns":16}],"seed_played":"6755043825821504733","potions_obtained":[{"floor":1,"key":"LiquidBronze"},{"floor":5,"key":"SteroidPotion"},{"floor":5,"key":"FairyPotion"},{"floor":5,"key":"FairyPotion"},{"floor":10,"key":"Explosive Potion"},{"floor":13,"key":"Ancient Potion"}],"is_trial":false,"path_per_floor":["M","$","M","?","?","R","M","R","T","M","M","M","E","T","R"],"character_chosen":"THE_SILENT","items_purchased":["Purity"],"campfire_rested":1,"item_purchase_floors":[2],"current_hp_per_floor":[70,70,67,67,67,67,64,64,64,44,43,43,34,34,70,0],"gold":155,"neow_bonus":"","is_prod":false,"is_daily":false,"chose_seed":false,"campfire_upgraded":2,"win_rate":0.0,"timestamp":1531360249,"path_taken":["M","$","?","?","?","R","M","R","T","M","M","M","E","?","R","BOSS"],"build_version":"2018-07-05","purchased_purges":0,"victory":false,"max_hp_per_floor":[70,70,70,70,70,70,70,70,70,70,70,70,70,70,70,70],"card_choices":[{"not_picked":["Caltrops","Slice"],"picked":"Masterful Stab","floor":1},{"not_picked":["Bouncing Flask","Slice"],"picked":"Masterful Stab","floor":3},{"not_picked":["Quick Slash","PiercingWail"],"picked":"Deflect","floor":7},{"not_picked":["Outmaneuver","Calculated Gamble"],"picked":"Prepared","floor":10},{"not_picked":["Dagger Throw","Bane"],"picked":"Backstab","floor":11},{"not_picked":["Quick Slash","Slice"],"picked":"Bullet Time","floor":12},{"not_picked":["Slice","Dagger Spray"],"picked":"Masterful Stab","floor":13}],"player_experience":36904,"relics_obtained":[{"floor":9,"key":"Tough Bandages"},{"floor":13,"key":"Happy Flower"},{"floor":14,"key":"Regal Pillow"}],"event_choices":[{"event_name":"The Cleric","player_choice":"Leave","floor":4,"damage_taken":0},{"event_name":"The Lab","player_choice":"Got Potions","floor":5,"damage_taken":0}],"boss_relics":[],"items_purged_floors":[],"is_endless":false,"potions_floor_spawned":[1,10,13],"killed_by":"Hexaghost","ascension_level":0}