{"gold_per_floor":[114,114,132,145,125,157,157,192,219,236,262,273,80,42,42,137,137,152,167,267,287,287,287],"floor_reached":23,"playtime":794,"items_purged":[],"score":358,"play_id":"55831281-3d96-4cf6-9285-bee8ab97da34","local_time":"20190409185441","is_ascension_mode":true,"campfire_choices":[{"floor":7,"key":"RECALL"},{"floor":15,"key":"REST"}],"neow_cost":"NONE","seed_source_timestamp":38802659996300,"circlet_count":0,"master_deck":["Defend_G+1","Defend_G","Defend_G","Defend_G","Defend_G","Strike_G","Strike_G","Strike_G","Strike_G","Strike_G","Survivor","Neutralize","Footwork+1","Backstab","Corpse Explosion+1","Dagger Spray","Noxious Fumes","Backstab","A Thousand Cuts","Cloak And Dagger+1","Bouncing Flask+1"],"relics":["Philosopher\u0027s Stone","Bronze Scales","War Paint","Bag of Marbles","The Courier","Bottled Tornado","Runic Dome","FossilizedHelix","Frozen Egg 2"],"potions_floor_usage":[6,6,11,11,16,18,19,21],"damage_taken":[{"damage":5,"enemies":"Small Slimes","floor":1,"turns":4},{"damage":0,"enemies":"Cultist","floor":3,"turns":4},{"damage":5,"enemies":"Jaw Worm","floor":4,"turns":2},{"damage":6,"enemies":"3 Sentries","floor":6,"turns":6},{"damage":14,"enemies":"Lagavulin","floor":8,"turns":9},{"damage":0,"enemies":"Exordium Thugs","floor":10,"turns":4},{"damage":0,"enemies":"3 Sentries","floor":11,"turns":2},{"damage":1,"enemies":"Looter","floor":12,"turns":2},{"damage":0,"enemies":"Slime Boss","floor":16,"turns":7},{"damage":0,"enemies":"2 Thieves","floor":18,"turns":1},{"damage":9,"enemies":"Shell Parasite","floor":19,"turns":5},{"damage":16,"enemies":"Colosseum Slavers","floor":20,"turns":2},{"damage":32,"enemies":"Colosseum Nobs","floor":20,"turns":4},{"damage":0,"enemies":"Cultist and Chosen","floor":21,"turns":3},{"damage":42,"enemies":"Gremlin Leader","floor":23,"turns":4}],"seed_played":"1291311808632093539","potions_obtained":[{"floor":1,"key":"Block Potion"},{"floor":4,"key":"PowerPotion"},{"floor":5,"key":"Fire Potion"},{"floor":6,"key":"PowerPotion"},{"floor":10,"key":"Weak Potion"},{"floor":16,"key":"Fire Potion"},{"floor":20,"key":"Poison Potion"}],"is_trial":false,"path_per_floor":["M","?","M","M","?","E","R","E","T","M","E","M","$","$","R","B",null,"M","M","?","M","?","E"],"character_chosen":"THE_SILENT","items_purchased":["Bottled Tornado","AttackPotion"],"campfire_rested":1,"item_purchase_floors":[13,14],"current_hp_per_floor":[65,65,65,60,60,54,54,40,40,40,40,39,39,39,60,60,68,68,59,11,11,34,0],"gold":287,"neow_bonus":"BOSS_RELIC","is_prod":false,"is_daily":false,"chose_seed":false,"campfire_upgraded":0,"win_rate":0,"timestamp":1554825281,"path_taken":["M","?","?","M","?","E","R","E","T","M","E","M","?","$","R","BOSS","M","M","?","M","?","E"],"build_version":"2019-01-23","purchased_purges":0,"victory":false,"max_hp_per_floor":[70,70,70,70,70,70,70,70,70,70,70,70,70,70,70,70,70,70,70,70,70,70,70],"card_choices":[{"not_picked":["Setup","Flying Knee"],"picked":"Footwork","floor":1},{"not_picked":["Blade Dance","Footwork"],"picked":"Backstab","floor":3},{"not_picked":["Slice","Expertise"],"picked":"Corpse Explosion","floor":4},{"not_picked":["Night Terror","Slice","Deadly Poison"],"picked":"SKIP","floor":6},{"not_picked":["Tactician","Eviscerate"],"picked":"Dagger Spray","floor":8},{"not_picked":["Dodge and Roll","All Out Attack"],"picked":"Noxious Fumes","floor":10},{"not_picked":["Heel Hook","Infinite Blades","Reflex"],"picked":"SKIP","floor":11},{"not_picked":["Dagger Spray","Backflip"],"picked":"Backstab","floor":12},{"not_picked":["Glass Knife","Corpse Explosion"],"picked":"A Thousand Cuts","floor":16},{"not_picked":["Underhanded Strike","Blur","Well Laid Plans"],"picked":"SKIP","floor":18},{"not_picked":["Flying Knee","Poisoned Stab+1"],"picked":"Cloak And Dagger+1","floor":19},{"not_picked":["Riddle With Holes","Bane"],"picked":"Bouncing Flask+1","floor":20},{"not_picked":["Reflex","Flying Knee","Quick Slash"],"picked":"SKIP","floor":21}],"player_experience":531308,"relics_obtained":[{"floor":6,"key":"Bronze Scales"},{"floor":8,"key":"War Paint"},{"floor":9,"key":"Bag of Marbles"},{"floor":11,"key":"The Courier"},{"floor":20,"key":"FossilizedHelix"},{"floor":20,"key":"Frozen Egg 2"}],"event_choices":[{"damage_healed":0,"gold_gain":0,"player_choice":"Forge","damage_taken":0,"max_hp_gain":0,"max_hp_loss":0,"event_name":"Accursed Blacksmith","floor":2,"gold_loss":0,"cards_upgraded":["Footwork"]},{"damage_healed":0,"gold_gain":0,"player_choice":"Bought 1 Potion","damage_taken":0,"max_hp_gain":0,"max_hp_loss":0,"event_name":"The Woman in Blue","floor":5,"gold_loss":0},{"damage_healed":0,"gold_gain":0,"player_choice":"Fight","damage_taken":0,"max_hp_gain":0,"max_hp_loss":0,"event_name":"Colosseum","floor":20,"gold_loss":0},{"damage_healed":0,"gold_gain":0,"player_choice":"Fought Nobs","damage_taken":0,"max_hp_gain":0,"max_hp_loss":0,"event_name":"Colosseum","floor":20,"gold_loss":0},{"damage_healed":23,"gold_gain":0,"player_choice":"Heal","damage_taken":0,"max_hp_gain":0,"max_hp_loss":0,"event_name":"The Library","floor":22,"gold_loss":0}],"is_beta":false,"boss_relics":[{"not_picked":["Lizard Tail","Tiny House"],"picked":"Runic Dome"}],"items_purged_floors":[],"is_endless":false,"potions_floor_spawned":[1,4,6,10,16,20,20],"killed_by":"Gremlin Leader","ascension_level":5}