{"gold_per_floor":[111,36,36,50,69,84,145,157,157,157,32,32,68,88,88,219,219,243,18,39,57,57,57,71,0,24,24,24,24],"floor_reached":29,"playtime":1749,"items_purged":["Strike_R","Strike_R","Defend_R"],"score":248,"play_id":"285e86d7-1c70-4d28-a492-942f0b52feb0","local_time":"20190718084500","is_ascension_mode":true,"campfire_choices":[{"data":"Bash","floor":12,"key":"SMITH"},{"data":"Rampage","floor":15,"key":"SMITH"},{"data":"Searing Blow","floor":23,"key":"SMITH"}],"neow_cost":"NONE","seed_source_timestamp":41579306105591,"circlet_count":0,"master_deck":["Bash+1","Headbutt","Thunderclap","Armaments","Battle Trance","Shockwave","True Grit","Sword Boomerang","Rampage+1","Offering","Clothesline+1","Carnage+1","Feed+1","Shrug It Off+1","Combust","Searing Blow+1","Sentinel"],"relics":["Burning Blood","Bottled Lightning","Dodecahedron","Golden Idol","Pantograph","Astrolabe","PreservedInsect","Sundial"],"potions_floor_usage":[7,7,13,16,16,20,21,21,21],"damage_taken":[{"damage":7,"enemies":"Jaw Worm","floor":1,"turns":3},{"damage":6,"enemies":"Cultist","floor":4,"turns":3},{"damage":0,"enemies":"2 Louse","floor":5,"turns":2},{"damage":0,"enemies":"Large Slime","floor":6,"turns":5},{"damage":22,"enemies":"Gremlin Nob","floor":7,"turns":4},{"damage":16,"enemies":"Blue Slaver","floor":8,"turns":4},{"damage":42,"enemies":"3 Sentries","floor":13,"turns":7},{"damage":8,"enemies":"Lots of Slimes","floor":14,"turns":3},{"damage":13,"enemies":"Slime Boss","floor":16,"turns":6},{"damage":17,"enemies":"Shell Parasite","floor":18,"turns":3},{"damage":27,"enemies":"3 Byrds","floor":20,"turns":5},{"damage":11,"enemies":"3 Cultists","floor":21,"turns":4},{"damage":39,"enemies":"Snake Plant","floor":24,"turns":5},{"damage":17,"enemies":"Centurion and Healer","floor":29,"turns":2}],"seed_played":"8412959198563592011","potions_obtained":[{"floor":3,"key":"BloodPotion"},{"floor":3,"key":"Block Potion"},{"floor":3,"key":"Swift Potion"},{"floor":8,"key":"FearPotion"},{"floor":13,"key":"Strength Potion"}],"is_trial":false,"path_per_floor":["M","$","?","M","M","M","?","M","T","?","$","R","E","M","R","B",null,"M","$","M","M","?","R","M","$","T","?","?","M"],"character_chosen":"IRONCLAD","items_purchased":["True Grit","EntropicBrew","Ancient Potion"],"campfire_rested":0,"item_purchase_floors":[11,19,25],"current_hp_per_floor":[79,79,79,79,80,80,64,54,54,54,54,54,36,34,34,52,74,63,63,46,45,45,45,12,12,12,12,12,0],"gold":24,"neow_bonus":"REMOVE_CARD","is_prod":false,"is_daily":false,"chose_seed":false,"campfire_upgraded":3,"win_rate":0,"timestamp":1563457500,"path_taken":["M","$","?","M","M","?","?","M","T","?","?","R","E","M","R","BOSS","M","?","?","M","?","R","?","$","T","?","?","?"],"build_version":"2019-07-17","purchased_purges":3,"victory":false,"max_hp_per_floor":[80,80,80,80,80,80,80,80,80,74,74,74,74,74,74,74,74,74,74,78,82,82,82,82,82,82,82,82,82],"card_choices":[{"not_picked":["Thunderclap","Warcry"],"picked":"Headbutt","floor":1},{"not_picked":["Carnage","Sword Boomerang"],"picked":"Thunderclap","floor":4},{"not_picked":["Rupture","Pommel Strike"],"picked":"Armaments","floor":5},{"not_picked":["Pummel","Seeing Red"],"picked":"Battle Trance","floor":6},{"not_picked":["Sword Boomerang","Juggernaut"],"picked":"Shockwave","floor":7},{"not_picked":["Rupture","Clash","Battle Trance"],"picked":"SKIP","floor":8},{"not_picked":["Battle Trance","Barricade"],"picked":"Sword Boomerang","floor":13},{"not_picked":["Infernal Blade","Warcry"],"picked":"Rampage","floor":14},{"not_picked":["Bludgeon","Barricade"],"picked":"Offering","floor":16},{"not_picked":["Heavy Blade","Armaments"],"picked":"Shrug It Off+1","floor":18},{"not_picked":["Armaments","Iron Wave+1"],"picked":"Combust","floor":20},{"not_picked":["Perfected Strike","Havoc"],"picked":"Searing Blow","floor":21},{"not_picked":["Twin Strike","True Grit","Flex+1"],"picked":"SKIP","floor":24}],"player_experience":349404,"relics_obtained":[{"floor":7,"key":"Bottled Lightning"},{"floor":9,"key":"Dodecahedron"},{"floor":13,"key":"Pantograph"},{"floor":26,"key":"PreservedInsect"}],"event_choices":[{"damage_healed":0,"gold_gain":0,"player_choice":"Got Potions","damage_taken":0,"max_hp_gain":0,"max_hp_loss":0,"event_name":"Lab","floor":3,"gold_loss":0},{"damage_healed":0,"gold_gain":0,"player_choice":"Searched \u00272\u0027 times","damage_taken":0,"max_hp_gain":0,"max_hp_loss":0,"event_name":"Dead Adventurer","floor":7,"gold_loss":0},{"damage_healed":0,"gold_gain":0,"player_choice":"Lose Max HP","damage_taken":0,"relics_obtained":["Golden Idol"],"max_hp_gain":0,"max_hp_loss":6,"event_name":"Golden Idol","floor":10,"gold_loss":0},{"damage_healed":0,"gold_gain":0,"cards_transformed":["Defend_R"],"player_choice":"Transformed","damage_taken":0,"max_hp_gain":0,"max_hp_loss":0,"event_name":"Transmorgrifier","floor":22,"gold_loss":0,"cards_obtained":["Sentinel"]},{"damage_healed":0,"gold_gain":0,"player_choice":"Opened","damage_taken":0,"relics_obtained":["Sundial"],"max_hp_gain":0,"max_hp_loss":0,"event_name":"The Mausoleum","floor":27,"gold_loss":0},{"cards_removed":["Defend_R"],"damage_healed":0,"gold_gain":0,"player_choice":"Card Removal","damage_taken":0,"max_hp_gain":0,"max_hp_loss":0,"event_name":"Wheel of Change","floor":28,"gold_loss":0}],"is_beta":false,"boss_relics":[{"not_picked":["Black Star","Busted Crown"],"picked":"Astrolabe"}],"items_purged_floors":[2,11,19],"is_endless":false,"potions_floor_spawned":[4,5,8,13,20],"killed_by":"Centurion and Healer","ascension_level":2}