{"gold_per_floor":[115,190,190,190,115,115,145,145,145,171,171,185,210,234,234,234],"floor_reached":16,"playtime":347,"items_purged":["Regret"],"score":261,"play_id":"4f7a6a48-7add-4fbf-a3d7-1cae28e23d5e","local_time":"20190328164055","is_ascension_mode":true,"campfire_choices":[{"floor":6,"key":"RECALL"},{"data":"Fire Breathing","floor":8,"key":"SMITH"},{"data":"Pommel Strike","floor":15,"key":"SMITH"}],"neow_cost":"NONE","seed_source_timestamp":31247354319800,"circlet_count":0,"master_deck":["AscendersBane","Strike_R","Strike_R","Strike_R","Strike_R","Strike_R","Defend_R","Defend_R","Defend_R","Defend_R","Bash","Fire Breathing+1","Pommel Strike+1","Havoc+1","Warcry+1","Iron Wave","Ghostly Armor+1"],"relics":["Burning Blood","NeowsBlessing","Regal Pillow","Calipers","Toxic Egg 2","Orichalcum","Golden Idol"],"potions_floor_usage":[13,13],"damage_taken":[{"damage":0,"enemies":"Jaw Worm","floor":1,"turns":1},{"damage":0,"enemies":"3 Sentries","floor":7,"turns":1},{"damage":0,"enemies":"Gremlin Nob","floor":10,"turns":1},{"damage":3,"enemies":"2 Louse","floor":12,"turns":2},{"damage":0,"enemies":"Small Slimes","floor":13,"turns":1},{"damage":0,"enemies":"2 Fungi Beasts","floor":14,"turns":4},{"damage":74,"enemies":"Slime Boss","floor":16,"turns":12}],"seed_played":"3466822172837986730","potions_obtained":[{"floor":10,"key":"SkillPotion"},{"floor":12,"key":"Explosive Potion"}],"is_trial":false,"path_per_floor":["M","?","?","?","$","R","E","R","T","E","?","M","M","M","R","B"],"character_chosen":"IRONCLAD","items_purchased":[],"campfire_rested":0,"item_purchase_floors":[],"current_hp_per_floor":[78,67,67,60,60,60,66,66,66,72,52,55,61,67,67,0],"gold":234,"neow_bonus":"THREE_ENEMY_KILL","is_prod":false,"is_daily":false,"chose_seed":false,"campfire_upgraded":2,"win_rate":0,"timestamp":1553784055,"path_taken":["M","?","?","?","$","R","E","R","T","E","?","M","?","M","R","BOSS"],"build_version":"2019-01-23","purchased_purges":1,"victory":false,"max_hp_per_floor":[80,80,80,80,80,80,80,80,80,80,80,80,80,80,80,80],"card_choices":[{"not_picked":["Anger","Rage"],"picked":"Fire Breathing","floor":1},{"not_picked":["Rage","Iron Wave"],"picked":"Pommel Strike","floor":7},{"not_picked":["Sword Boomerang","Rupture"],"picked":"Havoc+1","floor":10},{"not_picked":["Headbutt","Flex+1"],"picked":"Warcry+1","floor":12},{"not_picked":["Feel No Pain","Clash"],"picked":"Iron Wave","floor":13},{"not_picked":["Pommel Strike","Spot Weakness+1"],"picked":"Ghostly Armor+1","floor":14}],"player_experience":504140,"relics_obtained":[{"floor":7,"key":"Toxic Egg 2"},{"floor":10,"key":"Orichalcum"}],"event_choices":[{"damage_healed":0,"gold_gain":75,"player_choice":"Gather Gold","damage_taken":11,"max_hp_gain":0,"max_hp_loss":0,"event_name":"World of Goop","floor":2,"gold_loss":0},{"damage_healed":0,"gold_gain":0,"player_choice":"Box","damage_taken":0,"relics_obtained":["Regal Pillow"],"max_hp_gain":0,"max_hp_loss":0,"event_name":"Big Fish","floor":3,"gold_loss":0,"cards_obtained":["Regret"]},{"damage_healed":0,"gold_gain":0,"player_choice":"Success","damage_taken":7,"relics_obtained":["Calipers"],"max_hp_gain":0,"max_hp_loss":0,"event_name":"Scrap Ooze","floor":4,"gold_loss":0},{"damage_healed":0,"gold_gain":0,"player_choice":"Take Damage","damage_taken":20,"relics_obtained":["Golden Idol"],"max_hp_gain":0,"max_hp_loss":0,"event_name":"Golden Idol","floor":11,"gold_loss":0}],"is_beta":false,"boss_relics":[],"items_purged_floors":[5],"is_endless":false,"potions_floor_spawned":[10,12],"killed_by":"Slime Boss","ascension_level":13}