{"gold_per_floor":[114,7,19,37,57,90,90,106,106,126,142,154,329,252,252,330,330,342,441,441,29,0],"floor_reached":22,"playtime":881,"items_purged":["Defend_R"],"score":310,"play_id":"0978190a-9117-48b5-ae9a-b8021eee2f9f","local_time":"20190412195720","is_ascension_mode":true,"campfire_choices":[{"floor":7,"key":"REST"},{"floor":15,"key":"RECALL"}],"neow_cost":"NONE","seed_source_timestamp":14610684420300,"circlet_count":0,"master_deck":["AscendersBane","Strike_R","Strike_R","Strike_R","Defend_R","Defend_R+1","Defend_R+1","Bash","Flame Barrier","Dropkick","Rampage","Shrug It Off","Juggernaut","Shrug It Off","Iron Wave","Seeing Red","Flame Barrier","Thunderclap","Barricade","Burning Pact","Pummel","Demon Form"],"relics":["Burning Blood","NeowsBlessing","Shuriken","Dodecahedron","Empty Cage","Blood Vial","War Paint"],"potions_floor_usage":[5,5,6,16,16,22,22],"damage_taken":[{"damage":0,"enemies":"Cultist","floor":1,"turns":1},{"damage":0,"enemies":"Small Slimes","floor":3,"turns":1},{"damage":0,"enemies":"2 Louse","floor":4,"turns":1},{"damage":13,"enemies":"Red Slaver","floor":5,"turns":5},{"damage":50,"enemies":"3 Sentries","floor":6,"turns":8},{"damage":4,"enemies":"Large Slime","floor":8,"turns":10},{"damage":12,"enemies":"2 Fungi Beasts","floor":10,"turns":4},{"damage":8,"enemies":"Gremlin Gang","floor":11,"turns":6},{"damage":5,"enemies":"Exordium Thugs","floor":12,"turns":8},{"damage":33,"enemies":"The Guardian","floor":16,"turns":13},{"damage":48,"enemies":"Shell Parasite","floor":18,"turns":14},{"damage":40,"enemies":"2 Thieves","floor":22,"turns":3}],"seed_played":"815725536203364961","potions_obtained":[{"floor":1,"key":"Dexterity Potion"},{"floor":3,"key":"EssenceOfSteel"},{"floor":5,"key":"EssenceOfSteel"},{"floor":11,"key":"Fire Potion"},{"floor":12,"key":"SkillPotion"},{"floor":16,"key":"GamblersBrew"}],"is_trial":false,"path_per_floor":["M","$","M","M","M","E","R","M","T","M","M","M","?","?","R","B",null,"M","?","?","$","M"],"character_chosen":"IRONCLAD","items_purchased":["Flame Barrier","Dropkick","Blood Vial","War Paint","PowerPotion"],"campfire_rested":1,"item_purchase_floors":[2,2,21,21,21],"current_hp_per_floor":[78,78,80,80,73,29,53,55,55,49,47,48,48,48,48,21,65,23,23,23,23,0],"gold":0,"neow_bonus":"THREE_ENEMY_KILL","is_prod":false,"is_daily":false,"chose_seed":false,"campfire_upgraded":0,"win_rate":0,"timestamp":1555088240,"path_taken":["M","$","?","M","M","E","R","M","T","?","?","M","?","?","R","BOSS","M","?","?","$","M"],"build_version":"2019-01-23","purchased_purges":1,"victory":false,"max_hp_per_floor":[80,80,80,80,80,80,80,80,80,80,80,80,80,80,80,80,80,80,80,80,80,80],"card_choices":[{"not_picked":["Havoc","Anger"],"picked":"Rupture","floor":1},{"not_picked":["Twin Strike","Clash"],"picked":"Rampage","floor":3},{"not_picked":["Heavy Blade","Twin Strike"],"picked":"Shrug It Off","floor":4},{"not_picked":["Cleave","Twin Strike"],"picked":"Juggernaut","floor":5},{"not_picked":["Wild Strike","Bludgeon"],"picked":"Shrug It Off","floor":6},{"not_picked":["Dual Wield","Headbutt"],"picked":"Iron Wave","floor":8},{"not_picked":["Pummel","Iron Wave"],"picked":"Seeing Red","floor":10},{"not_picked":["Pommel Strike","Headbutt"],"picked":"Flame Barrier","floor":11},{"not_picked":["Shrug It Off","Iron Wave"],"picked":"Thunderclap","floor":12},{"not_picked":["Reaper","Impervious"],"picked":"Barricade","floor":16},{"not_picked":["Rampage","Pommel Strike"],"picked":"Burning Pact","floor":18}],"player_experience":538711,"relics_obtained":[{"floor":6,"key":"Shuriken"}],"event_choices":[{"damage_healed":0,"gold_gain":175,"player_choice":"AGREE","damage_taken":0,"max_hp_gain":0,"max_hp_loss":0,"event_name":"Liars Game","floor":13,"gold_loss":0,"cards_obtained":["Doubt"]},{"damage_healed":0,"gold_gain":0,"player_choice":"Paid Gold","damage_taken":0,"relics_obtained":["Dodecahedron"],"max_hp_gain":0,"max_hp_loss":0,"event_name":"WeMeetAgain","floor":14,"gold_loss":77},{"damage_healed":0,"gold_gain":99,"player_choice":"Stole From Cult","damage_taken":0,"max_hp_gain":0,"max_hp_loss":0,"event_name":"Nest","floor":19,"gold_loss":0},{"damage_healed":0,"gold_gain":0,"cards_transformed":["Strike_R","Strike_R"],"player_choice":"Became Test Subject","damage_taken":0,"max_hp_gain":0,"max_hp_loss":0,"event_name":"Drug Dealer","floor":20,"gold_loss":0,"cards_obtained":["Pummel","Demon Form"]}],"is_beta":false,"boss_relics":[{"not_picked":["Runic Cube","Snecko Eye"],"picked":"Empty Cage"}],"items_purged_floors":[21],"is_endless":false,"potions_floor_spawned":[1,3,5,11,12,16],"killed_by":"2 Thieves","ascension_level":13}