{"gold_per_floor":[110,128,128,148,164,199,215,243,243,268,268,288,288,288,288,419,419,435,459,459,459,459,492,492,535,562,661,661,661,673,688,688,785,785,799,799,816,816,833,833,377,0,0,17,63,63,83,83,83,83],"floor_reached":50,"playtime":1697,"items_purged":[],"score":894,"play_id":"73bc5256-c09f-44c2-9ea6-b145ed535785","local_time":"20190711203919","is_ascension_mode":true,"campfire_choices":[{"data":"Zap","floor":13,"key":"SMITH"},{"floor":15,"key":"REST"},{"floor":24,"key":"RECALL"},{"floor":32,"key":"REST"},{"floor":40,"key":"REST"},{"floor":49,"key":"REST"}],"neow_cost":"NONE","seed_source_timestamp":46358082543000,"circlet_count":0,"master_deck":["Strike_B+1","Strike_B+1","Strike_B+1","Strike_B+1","Defend_B+1","Defend_B+1","Defend_B+1","Defend_B+1","Zap+1","Dualcast","Conserve Battery","Rip and Tear","Reboot","Cold Snap","Ball Lightning","Doom and Gloom","Steam","Rip and Tear","Seek","BootSequence","Leap","Creative AI","Loop","Defragment","Reinforced Body","Double Energy+1","Reboot","Sunder","Dark Shackles","Enlightenment","The Bomb","Go for the Eyes+1","Rebound+1","Writhe","Coolheaded+1","Conserve Battery","Leap+1","Conserve Battery"],"relics":["Cracked Core","NeowsBlessing","Bag of Preparation","Anchor","Symbiotic Virus","Vajra","Bloody Idol","Fusion Hammer","Ginger","Ancient Tea Set","Strawberry","Mercury Hourglass","Cursed Key","Spirit Poop","PreservedInsect","Ice Cream","Red Mask","Bag of Marbles","Prayer Wheel"],"potions_floor_usage":[6,6,6,8,10,16,16,23,25,30,33,39,45,47,50],"damage_taken":[{"damage":0,"enemies":"Small Slimes","floor":1,"turns":1},{"damage":0,"enemies":"Cultist","floor":2,"turns":1},{"damage":0,"enemies":"Jaw Worm","floor":4,"turns":1},{"damage":4,"enemies":"Looter","floor":5,"turns":2},{"damage":14,"enemies":"Gremlin Nob","floor":6,"turns":3},{"damage":8,"enemies":"Blue Slaver","floor":7,"turns":3},{"damage":5,"enemies":"Lagavulin","floor":8,"turns":4},{"damage":0,"enemies":"Gremlin Nob","floor":10,"turns":2},{"damage":0,"enemies":"Large Slime","floor":12,"turns":4},{"damage":0,"enemies":"Hexaghost","floor":16,"turns":7},{"damage":1,"enemies":"Spheric Guardian","floor":18,"turns":3},{"damage":0,"enemies":"Chosen","floor":19,"turns":4},{"damage":13,"enemies":"Slavers","floor":23,"turns":3},{"damage":23,"enemies":"Book of Stabbing","floor":25,"turns":5},{"damage":17,"enemies":"Snake Plant","floor":30,"turns":6},{"damage":0,"enemies":"Chosen and Byrds","floor":31,"turns":3},{"damage":0,"enemies":"Champ","floor":33,"turns":10},{"damage":3,"enemies":"Orb Walker","floor":35,"turns":3},{"damage":0,"enemies":"3 Shapes","floor":37,"turns":3},{"damage":30,"enemies":"Writhing Mass","floor":39,"turns":4},{"damage":10,"enemies":"Sphere and 2 Shapes","floor":44,"turns":3},{"damage":35,"enemies":"2 Orb Walkers","floor":45,"turns":4},{"damage":16,"enemies":"Spire Growth","floor":47,"turns":4},{"damage":83,"enemies":"Donu and Deca","floor":50,"turns":8}],"seed_played":"-3535556373975664854","potions_obtained":[{"floor":1,"key":"Regen Potion"},{"floor":4,"key":"EntropicBrew"},{"floor":5,"key":"Poison Potion"},{"floor":8,"key":"Ancient Potion"},{"floor":10,"key":"SkillPotion"},{"floor":16,"key":"Fire Potion"},{"floor":19,"key":"FocusPotion"},{"floor":23,"key":"Poison Potion"},{"floor":25,"key":"Swift Potion"},{"floor":31,"key":"Dexterity Potion"},{"floor":37,"key":"PowerPotion"},{"floor":39,"key":"Energy Potion"},{"floor":44,"key":"AttackPotion"}],"is_trial":false,"path_per_floor":["M","M","?","M","M","E","M","E","T","E","?","M","R","?","R","B",null,"M","M","?","?","?","E","R","E","T","?","?","T","M","M","R","B",null,"M","?","M","?","M","R","$","?","T","M","?","$","M","?","R","B"],"character_chosen":"DEFECT","items_purchased":["PreservedInsect","Ice Cream"],"campfire_rested":4,"item_purchase_floors":[41,41],"current_hp_per_floor":[68,68,68,68,64,59,51,46,46,46,46,46,46,28,50,50,69,68,75,75,75,75,62,62,46,46,46,46,46,41,53,77,82,82,82,72,77,77,59,82,82,82,82,82,59,59,48,48,72,0],"gold":83,"neow_bonus":"THREE_ENEMY_KILL","is_prod":false,"is_daily":false,"chose_seed":false,"campfire_upgraded":1,"win_rate":0,"timestamp":1562866759,"path_taken":["M","M","?","?","M","E","M","E","T","E","?","?","R","?","R","BOSS","M","M","?","?","?","E","R","E","T","?","?","?","M","M","R","BOSS","M","?","M","?","?","R","$","?","T","M","?","?","M","?","R","BOSS"],"build_version":"2019-07-05","purchased_purges":0,"victory":false,"max_hp_per_floor":[75,75,75,75,75,75,75,75,75,75,75,75,75,75,75,75,75,75,75,75,75,75,75,75,82,82,82,82,82,82,82,82,82,82,82,82,82,82,82,82,82,82,82,82,82,82,82,82,82,82],"card_choices":[{"not_picked":["Doom and Gloom","Go for the Eyes"],"picked":"Conserve Battery","floor":1},{"not_picked":["Auto Shields","Steam"],"picked":"Rip and Tear","floor":2},{"not_picked":["Consume","Stack"],"picked":"Ball Lightning","floor":4},{"not_picked":["Ball Lightning","Cold Snap"],"picked":"Doom and Gloom","floor":5},{"not_picked":["Fusion","Reprogram"],"picked":"Steam","floor":6},{"not_picked":["Hello World","Ball Lightning"],"picked":"Rip and Tear","floor":7},{"not_picked":["Machine Learning","Streamline"],"picked":"Seek","floor":8},{"not_picked":["Steam","Lockon"],"picked":"BootSequence","floor":10},{"not_picked":["Reprogram","Steam"],"picked":"Leap","floor":12},{"not_picked":["Seek","Hyperbeam"],"picked":"Creative AI","floor":16},{"not_picked":["Redo","Beam Cell"],"picked":"Self Repair","floor":18},{"not_picked":["Heatsinks+1","Redo","Beam Cell"],"picked":"SKIP","floor":19},{"not_picked":["Ball Lightning+1","Conserve Battery+1"],"picked":"Defragment","floor":23},{"not_picked":["Coolheaded","Leap"],"picked":"Reinforced Body","floor":25},{"not_picked":["Core Surge","Leap"],"picked":"Double Energy+1","floor":30},{"not_picked":["Beam Cell","Hologram","Streamline"],"picked":"SKIP","floor":31},{"not_picked":["Seek","Machine Learning"],"picked":"Reboot","floor":33},{"not_picked":["Steam","Cold Snap"],"picked":"Sunder","floor":35},{"not_picked":["Impatience","Enlightenment"],"picked":"Dark Shackles","floor":36},{"not_picked":["Deep Breath","Impatience"],"picked":"Enlightenment","floor":36},{"not_picked":["Panacea","Dramatic Entrance"],"picked":"The Bomb","floor":36},{"not_picked":["Gash+1","Stack"],"picked":"Go for the Eyes+1","floor":37},{"not_picked":["Ball Lightning","Compile Driver"],"picked":"Rebound+1","floor":39},{"not_picked":["FTL+1","Streamline"],"picked":"Coolheaded+1","floor":44},{"not_picked":["Barrage","Streamline"],"picked":"Conserve Battery","floor":45},{"not_picked":["Scrape+1","Rebound+1"],"picked":"Leap+1","floor":47},{"not_picked":["Barrage","Recycle+1"],"picked":"Conserve Battery","floor":47}],"player_experience":660993,"relics_obtained":[{"floor":6,"key":"Bag of Preparation"},{"floor":8,"key":"Anchor"},{"floor":9,"key":"Symbiotic Virus"},{"floor":10,"key":"Vajra"},{"floor":23,"key":"Ancient Tea Set"},{"floor":25,"key":"Strawberry"},{"floor":29,"key":"Mercury Hourglass"},{"floor":43,"key":"Bag of Marbles"},{"floor":45,"key":"Prayer Wheel"}],"event_choices":[{"damage_healed":0,"gold_gain":0,"player_choice":"2 cards matched","damage_taken":0,"max_hp_gain":0,"max_hp_loss":0,"event_name":"Match and Keep!","floor":3,"gold_loss":0,"cards_obtained":["Reboot","Cold Snap"]},{"damage_healed":0,"gold_gain":0,"player_choice":"Bought 0 Potions","damage_taken":0,"max_hp_gain":0,"max_hp_loss":0,"event_name":"The Woman in Blue","floor":11,"gold_loss":0},{"damage_healed":0,"gold_gain":0,"player_choice":"Take Damage","damage_taken":18,"relics_obtained":["Golden Idol"],"max_hp_gain":0,"max_hp_loss":0,"event_name":"Golden Idol","floor":14,"gold_loss":0},{"damage_healed":0,"gold_gain":0,"player_choice":"Simplicity","damage_taken":0,"max_hp_gain":0,"max_hp_loss":0,"event_name":"Back to Basics","floor":20,"gold_loss":0,"cards_upgraded":["Strike_B","Strike_B","Strike_B","Strike_B","Defend_B","Defend_B","Defend_B","Defend_B"]},{"damage_healed":0,"gold_gain":0,"player_choice":"Read","damage_taken":0,"max_hp_gain":0,"max_hp_loss":0,"event_name":"The Library","floor":21,"gold_loss":0,"cards_obtained":["Loop"]},{"damage_healed":0,"gold_gain":0,"player_choice":"Opened","damage_taken":0,"relics_obtained":["Ginger"],"max_hp_gain":0,"max_hp_loss":0,"event_name":"The Mausoleum","floor":22,"gold_loss":0,"cards_obtained":["Writhe"]},{"damage_healed":0,"gold_gain":99,"player_choice":"Stole From Cult","damage_taken":0,"max_hp_gain":0,"max_hp_loss":0,"event_name":"Nest","floor":27,"gold_loss":0},{"damage_healed":0,"gold_gain":0,"player_choice":"Gave Idol","damage_taken":0,"relics_obtained":["Bloody Idol"],"max_hp_gain":0,"max_hp_loss":0,"event_name":"Forgotten Altar","floor":28,"relics_lost":["Golden Idol"],"gold_loss":0},{"damage_healed":0,"gold_gain":0,"player_choice":"Memory 3","damage_taken":10,"max_hp_gain":0,"max_hp_loss":0,"event_name":"SensoryStone","floor":36,"gold_loss":0},{"cards_removed":["Writhe"],"damage_healed":0,"gold_gain":0,"player_choice":"Offered Curse","damage_taken":0,"relics_obtained":["Spirit Poop"],"max_hp_gain":0,"max_hp_loss":0,"event_name":"Bonfire Elementals","floor":38,"gold_loss":0},{"damage_healed":0,"gold_gain":0,"player_choice":"Paid","damage_taken":0,"relics_obtained":["Red Mask"],"max_hp_gain":0,"max_hp_loss":0,"event_name":"Tomb of Lord Red Mask","floor":42,"gold_loss":377},{"damage_healed":0,"gold_gain":0,"player_choice":"Fight","damage_taken":0,"max_hp_gain":0,"max_hp_loss":0,"event_name":"Mysterious Sphere","floor":45,"gold_loss":0},{"cards_removed":["Self Repair"],"damage_healed":0,"gold_gain":0,"player_choice":"Removed Power","damage_taken":0,"max_hp_gain":0,"max_hp_loss":0,"event_name":"Falling","floor":48,"gold_loss":0}],"is_beta":false,"boss_relics":[{"not_picked":["Pandora\u0027s Box","Eternal Feather"],"picked":"Fusion Hammer"},{"not_picked":["Tiny House","Empty Cage"],"picked":"Cursed Key"}],"items_purged_floors":[],"is_endless":false,"potions_floor_spawned":[1,4,5,8,10,16,19,23,25,31,37,39,44],"killed_by":"Donu and Deca","ascension_level":6}