{"gold_per_floor":[15,15,15,33,48,48,77,77,104,29,46,64,98,109,109,208,208,208,208,208,69,69,69,69,69,69,69,19,19,19,19,19,19],"floor_reached":33,"playtime":1124,"items_purged":["Defend_R","Strike_R","Strike_R"],"score":429,"play_id":"d67e5d7a-8671-4eb9-a7ce-d3ddaf8d777e","local_time":"20181008002329","is_ascension_mode":true,"campfire_choices":[{"data":"Infernal Blade","floor":6.0,"key":"SMITH"},{"floor":8.0,"key":"REST"},{"floor":15.0,"key":"REST"},{"data":"Whirlwind","floor":23,"key":"SMITH"},{"data":"Flame Barrier","floor":29,"key":"SMITH"},{"floor":32,"key":"REST"}],"neow_cost":"NO_GOLD","seed_source_timestamp":0,"circlet_count":0,"master_deck":["Strike_R","Strike_R","Strike_R","Defend_R","Defend_R+1","Defend_R+1","Bash","AscendersBane","Demon Form","Infernal Blade+1","Shockwave","Cleave","Flame Barrier+1","Intimidate","Spot Weakness","Heavy Blade","Immolate","Bloodletting","Whirlwind+1","Seeing Red","Pommel Strike+1"],"special_seed":0,"relics":["Burning Blood","Frozen Egg 2","Blue Candle","War Paint","Orichalcum","Bronze Scales","Ectoplasm","PreservedInsect","Smiling Mask","Ornamental Fan"],"potions_floor_usage":[25,27,33],"damage_taken":[{"damage":1.0,"enemies":"Cultist","floor":1.0,"turns":4.0},{"damage":7.0,"enemies":"2 Louse","floor":4.0,"turns":4.0},{"damage":1.0,"enemies":"Small Slimes","floor":5.0,"turns":3.0},{"damage":25.0,"enemies":"3 Sentries","floor":7.0,"turns":9.0},{"damage":2.0,"enemies":"Red Slaver","floor":11.0,"turns":3.0},{"damage":2.0,"enemies":"Exordium Thugs","floor":12.0,"turns":4.0},{"damage":22.0,"enemies":"Gremlin Nob","floor":13.0,"turns":5.0},{"damage":8.0,"enemies":"Gremlin Gang","floor":14.0,"turns":3.0},{"damage":34.0,"enemies":"Hexaghost","floor":16.0,"turns":7.0},{"damage":5,"enemies":"Chosen","floor":18,"turns":3},{"damage":12,"enemies":"Gremlin Leader","floor":24,"turns":6},{"damage":5,"enemies":"Spheric Guardian","floor":25,"turns":3},{"damage":15,"enemies":"Snake Plant","floor":27,"turns":2},{"damage":4,"enemies":"Cultist and Chosen","floor":30,"turns":3},{"damage":14,"enemies":"Snecko","floor":31,"turns":3},{"damage":86,"enemies":"Collector","floor":33,"turns":7}],"seed_played":"-9098718910812662223","potions_obtained":[{"floor":1.0,"key":"GamblersBrew"},{"floor":4.0,"key":"AttackPotion"},{"floor":5.0,"key":"SpeedPotion"},{"floor":13.0,"key":"PowerPotion"},{"floor":14.0,"key":"SkillPotion"},{"floor":24,"key":"Fire Potion"},{"floor":25,"key":"Fire Potion"},{"floor":31,"key":"SteroidPotion"}],"is_trial":false,"path_per_floor":["M","T","?","M","M","R","E","R","T","$","M","M","E","M","R","B",null,"M","?","?","$","T","R","E","M","T","M","$","R","M","M","R"],"character_chosen":"IRONCLAD","items_purchased":["Whirlwind"],"campfire_rested":3,"item_purchase_floors":[21],"current_hp_per_floor":[77,77,52,51,56,56,37,61,61,61,65,69,53,51,75,47,72,73,73,73,73,73,73,67,68,68,59,59,59,61,53,77,0],"gold":19,"neow_bonus":"THREE_RARE_CARDS","is_prod":false,"is_daily":false,"chose_seed":false,"campfire_upgraded":3,"win_rate":0,"timestamp":1538947409,"path_taken":["M","?","?","?","M","R","E","R","T","$","?","M","E","M","R","BOSS","M","?","?","?","?","R","E","?","T","?","$","R","?","M","R","BOSS"],"build_version":"2018-10-04v2","purchased_purges":3,"victory":false,"max_hp_per_floor":[80,80,80,80,80,80,80,80,80,80,80,80,80,80,80,80,80,80,80,80,80,80,80,80,80,80,80,80,80,80,80,80,80],"card_choices":[{"not_picked":["Brutality","Fiend Fire"],"picked":"Demon Form","floor":0.0},{"not_picked":["Clothesline","Twin Strike"],"picked":"Infernal Blade","floor":1.0},{"not_picked":["Dropkick","Flex"],"picked":"Shockwave","floor":4.0},{"not_picked":["True Grit","Wild Strike"],"picked":"Cleave","floor":5.0},{"not_picked":["Armaments","Fiend Fire"],"picked":"Flame Barrier","floor":7.0},{"not_picked":["Rage","Havoc"],"picked":"Intimidate","floor":11.0},{"not_picked":["Pummel","Thunderclap","Clothesline"],"picked":"SKIP","floor":12.0},{"not_picked":["Wild Strike","Perfected Strike"],"picked":"Spot Weakness","floor":13.0},{"not_picked":["Disarm","Inflame+1"],"picked":"Heavy Blade","floor":14.0},{"not_picked":["Demon Form+1","Berserk+1"],"picked":"Immolate","floor":16.0},{"not_picked":["Thunderclap","Perfected Strike","Warcry+1"],"picked":"SKIP","floor":18},{"not_picked":["Iron Wave","Sword Boomerang","Power Through"],"picked":"SKIP","floor":24},{"not_picked":["Armaments","Cleave+1","Body Slam+1"],"picked":"SKIP","floor":25},{"not_picked":["Body Slam","Dropkick"],"picked":"Seeing Red","floor":27},{"not_picked":["Wild Strike+1","Dual Wield","Sword Boomerang"],"picked":"SKIP","floor":30},{"not_picked":["Immolate","Body Slam+1"],"picked":"Pommel Strike+1","floor":31}],"player_experience":426818,"relics_obtained":[{"floor":2.0,"key":"Frozen Egg 2"},{"floor":7.0,"key":"War Paint"},{"floor":9.0,"key":"Orichalcum"},{"floor":13.0,"key":"Bronze Scales"},{"floor":22,"key":"PreservedInsect"},{"floor":24,"key":"Smiling Mask"},{"floor":26,"key":"Ornamental Fan"}],"event_choices":[{"event_name":"Scrap Ooze","player_choice":"success","floor":3.0,"damage_taken":25.0},{"event_name":"The Library","player_choice":"Read","floor":19,"damage_taken":0},{"event_name":"The Woman in Blue","player_choice":"Bought 0 Potions","floor":20,"damage_taken":0}],"is_beta":false,"boss_relics":[{"not_picked":["Lizard Tail","Astrolabe"],"picked":"Ectoplasm"}],"items_purged_floors":[10,21,28],"is_endless":false,"potions_floor_spawned":[1,4,5,13,14,24,25,31],"killed_by":"Collector","ascension_level":11}