{"gold_per_floor":[115,115,135,135,23,52,52,63,63,75,103,103,103,3,3,3],"floor_reached":16,"playtime":476,"items_purged":["Decay","Strike_B"],"score":130,"play_id":"d63027f5-fc43-46cb-a62b-2bf009ef91a3","local_time":"20180929190658","is_ascension_mode":true,"campfire_choices":[{"data":"White Noise","floor":7,"key":"SMITH"},{"data":"White Noise","floor":13,"key":"SMITH"},{"floor":15,"key":"REST"}],"neow_cost":"NONE","seed_source_timestamp":726423653967888,"circlet_count":0,"master_deck":["Strike_B","Strike_B","Strike_B","Defend_B","Defend_B","Defend_B","Defend_B","Zap","Dualcast","Gash","White Noise+1","BootSequence","White Noise+1","Capacitor","Scrape+1","Undo"],"relics":["Cracked Core","DataDisk","Molten Egg 2","Omamori","Sundial","Matryoshka"],"potions_floor_usage":[11,16],"damage_taken":[{"damage":2,"enemies":"Jaw Worm","floor":1,"turns":3},{"damage":3,"enemies":"Cultist","floor":3,"turns":3},{"damage":20,"enemies":"Lagavulin","floor":6,"turns":6},{"damage":0,"enemies":"2 Louse","floor":8,"turns":3},{"damage":3,"enemies":"Blue Slaver","floor":10,"turns":3},{"damage":25,"enemies":"3 Sentries","floor":11,"turns":6},{"damage":58,"enemies":"Slime Boss","floor":16,"turns":7}],"seed_played":"8999109654511239914","potions_obtained":[{"floor":8,"key":"LiquidBronze"},{"floor":11,"key":"Swift Potion"}],"is_trial":false,"path_per_floor":["M","?","M","?","$","E","R","M","T","M","E","?","R","$","R"],"character_chosen":"DEFECT","items_purchased":["BootSequence"],"campfire_rested":1,"item_purchase_floors":[5],"current_hp_per_floor":[73,73,70,67,67,47,47,54,54,58,33,33,33,33,55,0],"gold":3,"neow_bonus":"RANDOM_COMMON_RELIC","is_prod":false,"is_daily":false,"chose_seed":false,"campfire_upgraded":2,"win_rate":0,"timestamp":1538237218,"path_taken":["M","?","M","?","?","E","R","M","T","?","E","?","R","$","R","BOSS"],"build_version":"2018-09-27","purchased_purges":2,"victory":false,"max_hp_per_floor":[75,75,75,75,75,75,75,75,75,75,75,75,75,75,75,75],"card_choices":[{"not_picked":["Ball Lightning","Cold Snap"],"picked":"Gash","floor":1},{"not_picked":["Redo","Static Discharge"],"picked":"White Noise","floor":3},{"not_picked":["Streamline+1","Turbo"],"picked":"White Noise","floor":6},{"not_picked":["Chaos","Cold Snap+1"],"picked":"Capacitor","floor":8},{"not_picked":["Steam","Cold Snap+1"],"picked":"Scrape+1","floor":10},{"not_picked":["Steam Power","Compile Driver+1"],"picked":"Undo","floor":11}],"player_experience":397230,"relics_obtained":[{"floor":6,"key":"Omamori"},{"floor":9,"key":"Sundial"},{"floor":11,"key":"Matryoshka"}],"event_choices":[{"event_name":"Wheel of Change","player_choice":"Curse","floor":2,"damage_taken":0},{"event_name":"Scrap Ooze","player_choice":"success","floor":4,"damage_taken":3},{"event_name":"The Woman in Blue","player_choice":"Bought 0 Potions","floor":12,"damage_taken":0}],"is_beta":false,"boss_relics":[],"items_purged_floors":[5,14],"is_endless":false,"potions_floor_spawned":[8,11],"killed_by":"Slime Boss","ascension_level":4}