{"path_per_floor":["M","$","M","?","?","E","R","E","T","M"],"character_chosen":"DEFECT","items_purchased":[],"gold_per_floor":[110,35,45,45,295,330,330,362,362,378,378],"floor_reached":11,"campfire_rested":1,"playtime":335,"item_purchase_floors":[],"current_hp_per_floor":[75,75,75,63,63,28,52,13,13,9,0],"items_purged":["Strike_B"],"gold":378,"score":89,"play_id":"475ea90d-4128-450f-b76a-bdaafd3f5cbd","local_time":"20180620204947","is_prod":false,"is_daily":false,"chose_seed":false,"is_ascension_mode":true,"campfire_upgraded":0,"win_rate":0,"timestamp":1529516987,"campfire_choices":[{"floor":7,"key":"REST"}],"path_taken":["M","$","M","?","?","E","R","E","T","?","M"],"build_version":"2018-06-14v2","seed_source_timestamp":481718115862068,"purchased_purges":1,"victory":false,"master_deck":["Strike_B","Strike_B","Strike_B","Defend_B","Defend_B","Defend_B","Defend_B","Zap","Dualcast","Ball Lightning","Sweeping Beam","Regret","Electrodynamics","Conserve Battery","Streamline","Melter"],"max_hp_per_floor":[75,75,75,75,75,82,82,82,82,82,82],"relics":["Cracked Core","Prayer Wheel","Strawberry","Unceasing Top","Girya"],"card_choices":[{"not_picked":["Hologram","Sunder"],"picked":"Ball Lightning","floor":1},{"not_picked":["Go for the Eyes","Steam"],"picked":"Sweeping Beam","floor":3},{"not_picked":["Sweeping Beam","White Noise"],"picked":"Electrodynamics","floor":6},{"not_picked":["Aggregate","Steam"],"picked":"Conserve Battery","floor":8},{"not_picked":["Turbo","Skim"],"picked":"Streamline","floor":10},{"not_picked":["Coolheaded","Hologram"],"picked":"Melter","floor":10}],"player_experience":281639,"potions_floor_usage":[],"damage_taken":[{"damage":0,"enemies":"2 Louse","floor":1,"turns":2},{"damage":0,"enemies":"Small Slimes","floor":3,"turns":2},{"damage":42,"enemies":"Lagavulin","floor":6,"turns":5},{"damage":39,"enemies":"Gremlin Nob","floor":8,"turns":4},{"damage":4,"enemies":"Jaw Worm","floor":10,"turns":3},{"damage":12,"enemies":"Lots of Slimes","floor":11,"turns":1}],"relics_obtained":[{"floor":6,"key":"Strawberry"},{"floor":8,"key":"Unceasing Top"},{"floor":9,"key":"Girya"}],"event_choices":[{"event_name":"Scrap Ooze","player_choice":"success","floor":4,"damage_taken":12},{"event_name":"Golden Shrine","player_choice":"Desecrate","floor":5,"damage_taken":0}],"boss_relics":[],"items_purged_floors":[2],"is_endless":false,"potions_floor_spawned":[],"seed_played":"-2551928118783470092","killed_by":"Lots of Slimes","ascension_level":2,"potions_obtained":[],"is_trial":false}