{"path_per_floor":["M","?","?","M","M","E","M","E","T","R","M","E","R","E","R","B",null,"M","?","M","?","M","E","R","$","T","M","?","R","E","M","R","B",null,"M","T","$","?","M","E","R","M","T","R","E","R","M","M","R","B"],"character_chosen":"DEFECT","items_purchased":["Thread and Needle","Sundial","Loop"],"gold_per_floor":[118,118,118,134,145,170,188,222,222,222,232,263,263,297,297,395,395,411,461,471,671,683,718,718,3,30,41,41,41,41,57,57,160,160,173,200,150,150,162,191,191,209,236,236,264,264,275,290,290,290],"floor_reached":51,"campfire_rested":6,"playtime":2624,"item_purchase_floors":[25,25,25],"current_hp_per_floor":[75,75,60,60,60,50,59,56,56,82,82,74,74,44,72,11,106,80,80,78,78,66,17,63,63,63,53,53,99,89,73,73,2,106,93,93,93,93,54,40,86,81,81,81,79,79,68,68,106,77],"items_purged":["Strike_B","Strike_B"],"gold":290,"score":961,"play_id":"0a4dc0a1-baca-4452-adff-fb4d7b603f92","local_time":"20180614085501","is_prod":false,"is_daily":false,"chose_seed":false,"is_ascension_mode":true,"campfire_upgraded":0,"win_rate":0.0,"timestamp":1528955701,"campfire_choices":[{"floor":10,"key":"REST"},{"floor":13,"key":"DIG"},{"floor":15,"key":"REST"},{"floor":24,"key":"REST"},{"floor":29,"key":"REST"},{"floor":32,"key":"DIG"},{"floor":41,"key":"REST"},{"floor":44,"key":"DIG"},{"floor":46,"key":"DIG"},{"floor":49,"key":"REST"}],"path_taken":["M","?","?","M","M","E","?","E","T","R","M","E","R","E","R","BOSS","M","?","?","?","M","E","R","$","T","M","?","R","E","M","R","BOSS","M","?","$","?","M","E","R","M","T","R","E","R","?","M","R","BOSS"],"build_version":"2018-06-07v3","seed_source_timestamp":1469517879247,"purchased_purges":2,"victory":true,"master_deck":["Strike_B+1","Strike_B","Defend_B+1","Defend_B","Defend_B","Defend_B","Zap","Dualcast","Barrage","Regret","Sweeping Beam","FTL","Beam Cell","Reinforced Body","Streamline","Beam Cell","Defragment","Reboot","Echo Form","Normality","Clumsy","Clumsy","Beam Cell","Melter","Chill+1","Melter","Loop","Seek","Glacier","Creative AI+1","Go for the Eyes","Rainbow","Flash of Steel","Sweeping Beam+1","Go for the Eyes+1","Sweeping Beam+1","Gash+1"],"max_hp_per_floor":[75,75,75,75,75,75,75,89,89,89,89,89,89,96,96,96,106,106,106,106,106,106,106,106,106,106,106,106,106,106,106,106,106,106,106,106,106,106,106,106,106,106,106,106,106,106,106,106,106,106],"relics":["Cracked Core","NeowsBlessing","Potion Belt","Toolbox","Mango","Dead Branch","Shovel","Smiling Mask","Strawberry","Calling Bell","Regal Pillow","Pear","Du-Vu Doll","Gremlin Horn","Thread and Needle","Sundial","Ancient Tea Set","Frozen Egg 2","Black Star","Happy Flower","Mummified Hand","Meat on the Bone","Art of War","Pen Nib","Omamori","Dream Catcher","Dodecahedron"],"card_choices":[{"not_picked":["Ball Lightning","Leap"],"picked":"Barrage","floor":1},{"not_picked":["Coolheaded","Go for the Eyes"],"picked":"Sweeping Beam","floor":4},{"not_picked":["Redo","Hologram"],"picked":"FTL","floor":5},{"not_picked":["Skim","Steam Power"],"picked":"Beam Cell","floor":6},{"not_picked":["Stack","Auto Shields"],"picked":"Reinforced Body","floor":7},{"not_picked":["Leap","Compile Driver"],"picked":"Streamline","floor":8},{"not_picked":["Leap","Hologram"],"picked":"Beam Cell","floor":11},{"not_picked":["Compile Driver","Force Field"],"picked":"Defragment","floor":12},{"not_picked":["Reinforced Body","Cold Snap"],"picked":"Reboot","floor":14},{"not_picked":["Biased Cognition","Reboot"],"picked":"Echo Form","floor":16},{"not_picked":["Chill","Blizzard+1"],"picked":"Beam Cell","floor":18},{"not_picked":["Coolheaded","Hello World"],"picked":"Melter","floor":20},{"not_picked":["Streamline","FTL"],"picked":"Chill+1","floor":22},{"not_picked":["Gash","Barrage"],"picked":"Melter","floor":23},{"not_picked":["Compile Driver","Leap"],"picked":"Seek","floor":27},{"not_picked":["Beam Cell","Steam"],"picked":"Glacier","floor":31},{"not_picked":["Reboot","Machine Learning+1"],"picked":"Creative AI+1","floor":33},{"not_picked":["Cold Snap","Streamline+1"],"picked":"Go for the Eyes","floor":35},{"not_picked":["Barrage","Lockon","Cold Snap"],"picked":"SKIP","floor":39},{"not_picked":["Steam","Stack"],"picked":"Sweeping Beam+1","floor":40},{"not_picked":["Ball Lightning","Genetic Algorithm","Rebound+1"],"picked":"SKIP","floor":42},{"not_picked":["Force Field+1","Hologram"],"picked":"Go for the Eyes+1","floor":45},{"not_picked":["Redo+1","Static Discharge+1","Leap"],"picked":"SKIP","floor":47},{"not_picked":["Conserve Battery+1","Coolheaded+1"],"picked":"Sweeping Beam+1","floor":48},{"not_picked":["Cold Snap","Leap"],"picked":"Gash+1","floor":49}],"player_experience":254880,"potions_floor_usage":[7,11,14,16,23,30,30,35,39,45,47],"damage_taken":[{"damage":0,"enemies":"2 Louse","floor":1,"turns":1},{"damage":0,"enemies":"Small Slimes","floor":4,"turns":1},{"damage":0,"enemies":"Jaw Worm","floor":5,"turns":1},{"damage":10,"enemies":"3 Sentries","floor":6,"turns":5},{"damage":0,"enemies":"2 Fungi Beasts","floor":7,"turns":3},{"damage":21,"enemies":"Lagavulin","floor":8,"turns":8},{"damage":0,"enemies":"Lots of Slimes","floor":11,"turns":1},{"damage":8,"enemies":"Gremlin Nob","floor":12,"turns":3},{"damage":37,"enemies":"Lagavulin","floor":14,"turns":6},{"damage":68,"enemies":"Slime Boss","floor":16,"turns":11},{"damage":26,"enemies":"2 Thieves","floor":18,"turns":4},{"damage":2,"enemies":"Chosen","floor":20,"turns":2},{"damage":12,"enemies":"Sentry and Sphere","floor":22,"turns":3},{"damage":49,"enemies":"Gremlin Leader","floor":23,"turns":8},{"damage":10,"enemies":"Cultist and Chosen","floor":27,"turns":6},{"damage":10,"enemies":"Book of Stabbing","floor":30,"turns":3},{"damage":16,"enemies":"Centurion and Healer","floor":31,"turns":4},{"damage":71,"enemies":"Automaton","floor":33,"turns":7},{"damage":13,"enemies":"3 Shapes","floor":35,"turns":2},{"damage":39,"enemies":"Orb Walker","floor":39,"turns":5},{"damage":14,"enemies":"Giant Head","floor":40,"turns":9},{"damage":5,"enemies":"Sphere and 2 Shapes","floor":42,"turns":4},{"damage":2,"enemies":"2 Orb Walkers","floor":45,"turns":3},{"damage":11,"enemies":"Maw","floor":47,"turns":5},{"damage":0,"enemies":"3 Darklings","floor":48,"turns":3},{"damage":29,"enemies":"Donu and Deca","floor":50,"turns":8}],"relics_obtained":[{"floor":6,"key":"Toolbox"},{"floor":8,"key":"Mango"},{"floor":9,"key":"Dead Branch"},{"floor":12,"key":"Shovel"},{"floor":13,"key":"Smiling Mask"},{"floor":14,"key":"Strawberry"},{"floor":17,"key":"Regal Pillow"},{"floor":17,"key":"Pear"},{"floor":17,"key":"Du-Vu Doll"},{"floor":23,"key":"Gremlin Horn"},{"floor":26,"key":"Ancient Tea Set"},{"floor":32,"key":"Frozen Egg 2"},{"floor":36,"key":"Happy Flower"},{"floor":40,"key":"Mummified Hand"},{"floor":40,"key":"Meat on the Bone"},{"floor":43,"key":"Art of War"},{"floor":44,"key":"Pen Nib"},{"floor":45,"key":"Omamori"},{"floor":45,"key":"Dream Catcher"},{"floor":46,"key":"Dodecahedron"}],"event_choices":[{"event_name":"Big Fish","player_choice":"Box","floor":2,"damage_taken":0},{"event_name":"Shining Light","player_choice":"Entered Light","floor":3,"damage_taken":0},{"event_name":"The Joust","player_choice":"Bet on Murderer","floor":19,"damage_taken":0},{"event_name":"Wheel of Change","player_choice":"Gold","floor":21,"damage_taken":0},{"event_name":"Vampires","player_choice":"Ignored","floor":28,"damage_taken":0},{"event_name":"Match and Keep!","player_choice":"2 cards matched","floor":38,"damage_taken":0}],"boss_relics":[{"not_picked":["Runic Pyramid","Inserter"],"picked":"Calling Bell"},{"not_picked":["Runic Dome","Eternal Feather"],"picked":"Black Star"}],"items_purged_floors":[25,37],"potions_floor_spawned":[6,8,12,14,16,22,27,33,35,42,45],"seed_played":"5093397566128917786","ascension_level":1,"potions_obtained":[{"floor":6,"key":"Regen Potion"},{"floor":8,"key":"Explosive Potion"},{"floor":12,"key":"SpeedPotion"},{"floor":14,"key":"PowerPotion"},{"floor":16,"key":"SmokeBomb"},{"floor":22,"key":"Explosive Potion"},{"floor":27,"key":"Ancient Potion"},{"floor":33,"key":"Block Potion"},{"floor":35,"key":"Dexterity Potion"},{"floor":42,"key":"Ancient Potion"},{"floor":45,"key":"AttackPotion"}],"is_trial":false}