{"gold_per_floor":[114,128,128,128,144,144,144,144,144,144,157,175,189,219,219,319,319,339,352,352,352,363,363,29,45,45,45],"floor_reached":27,"playtime":814,"items_purged":[],"score":344,"play_id":"4c1d7a8b-42ae-49b1-953b-158115c7285e","local_time":"20190312090205","is_ascension_mode":true,"campfire_choices":[{"data":"Mayhem","floor":6,"key":"SMITH"},{"data":"Pommel Strike","floor":10,"key":"SMITH"},{"floor":15,"key":"REST"},{"data":"Immolate","floor":23,"key":"SMITH"}],"neow_cost":"TEN_PERCENT_HP_LOSS","seed_source_timestamp":4234217261099,"circlet_count":0,"master_deck":["AscendersBane","Strike_R","Strike_R","Strike_R","Strike_R","Strike_R","Defend_R+1","Defend_R","Defend_R+1","Defend_R","Bash","Mayhem+1","Purity","Pommel Strike+1","Cleave","Jack Of All Trades+1","Immolate","Ghostly Armor","Seeing Red","Immolate+1","Juggernaut+1","Flex","Twin Strike"],"relics":["Burning Blood","Anchor","Frozen Egg 2","Busted Crown","Brimstone","Blood Vial","Bottled Tornado"],"potions_floor_usage":[14,14,19,19,22,22,22,22],"damage_taken":[{"damage":0,"enemies":"Cultist","floor":1,"turns":4},{"damage":20,"enemies":"2 Louse","floor":2,"turns":3},{"damage":7,"enemies":"Jaw Worm","floor":5,"turns":3},{"damage":6,"enemies":"Exordium Thugs","floor":11,"turns":3},{"damage":0,"enemies":"2 Fungi Beasts","floor":12,"turns":2},{"damage":3,"enemies":"Blue Slaver","floor":13,"turns":3},{"damage":30,"enemies":"Gremlin Nob","floor":14,"turns":4},{"damage":35,"enemies":"The Guardian","floor":16,"turns":8},{"damage":12,"enemies":"3 Byrds","floor":18,"turns":4},{"damage":3,"enemies":"Spheric Guardian","floor":19,"turns":3},{"damage":27,"enemies":"Snake Plant","floor":22,"turns":4},{"damage":0,"enemies":"Chosen and Byrds","floor":25,"turns":3},{"damage":62,"enemies":"Book of Stabbing","floor":27,"turns":4}],"seed_played":"4094966466892211309","potions_obtained":[{"floor":12,"key":"BloodPotion"},{"floor":13,"key":"Poison Potion"},{"floor":16,"key":"Swift Potion"},{"floor":18,"key":"Fire Potion"},{"floor":20,"key":"BloodPotion"},{"floor":20,"key":"EntropicBrew"}],"is_trial":false,"path_per_floor":["M","M","?","$","M","R","?","?","T","R","M","M","M","E","R","B",null,"M","M","?","$","M","R","$","M","T","E"],"character_chosen":"IRONCLAD","items_purchased":["Brimstone","Blood Vial"],"campfire_rested":1,"item_purchase_floors":[24,24],"current_hp_per_floor":[72,58,58,58,57,57,43,43,43,43,43,49,52,35,56,27,61,55,58,58,58,44,44,44,52,52,0],"gold":45,"neow_bonus":"RANDOM_COLORLESS_2","is_prod":false,"is_daily":false,"chose_seed":false,"campfire_upgraded":3,"win_rate":0,"timestamp":1552374125,"path_taken":["M","M","?","?","M","R","?","?","T","R","M","?","M","E","R","BOSS","M","M","?","$","M","R","$","?","T","E"],"build_version":"2019-01-23","purchased_purges":0,"victory":false,"max_hp_per_floor":[72,72,72,72,72,72,72,72,72,72,72,72,72,72,72,72,72,72,72,72,72,72,72,72,72,72,72],"card_choices":[{"not_picked":["Clash","Heavy Blade"],"picked":"Pommel Strike","floor":1},{"not_picked":["Evolve","Havoc"],"picked":"Cleave","floor":2},{"not_picked":["Second Wind","Anger","Entrench"],"picked":"SKIP","floor":5},{"not_picked":["True Grit","Heavy Blade","Body Slam"],"picked":"SKIP","floor":11},{"not_picked":["Warcry","Dark Embrace"],"picked":"Ghostly Armor","floor":12},{"not_picked":["Clothesline","Evolve"],"picked":"Seeing Red","floor":13},{"not_picked":["Armaments","Shrug It Off"],"picked":"Immolate","floor":14},{"not_picked":["Double Tap","Impervious"],"picked":"Juggernaut+1","floor":16},{"not_picked":["Perfected Strike"],"picked":"SKIP","floor":18},{"not_picked":[],"picked":"Flex","floor":19},{"not_picked":["Armaments"],"picked":"SKIP","floor":22},{"not_picked":[],"picked":"Twin Strike","floor":25}],"player_experience":495848,"relics_obtained":[{"floor":9,"key":"Anchor"},{"floor":14,"key":"Frozen Egg 2"},{"floor":26,"key":"Bottled Tornado"}],"event_choices":[{"damage_healed":0,"gold_gain":0,"player_choice":"2 cards matched","damage_taken":0,"max_hp_gain":0,"max_hp_loss":0,"event_name":"Match and Keep!","floor":3,"gold_loss":0,"cards_obtained":["Jack Of All Trades","Immolate"]},{"damage_healed":0,"gold_gain":0,"player_choice":"Entered Light","damage_taken":14,"max_hp_gain":0,"max_hp_loss":0,"event_name":"Shining Light","floor":7,"gold_loss":0,"cards_upgraded":["Defend_R","Defend_R"]},{"damage_healed":0,"gold_gain":0,"player_choice":"Upgraded","damage_taken":0,"max_hp_gain":0,"max_hp_loss":0,"event_name":"Upgrade Shrine","floor":8,"gold_loss":0,"cards_upgraded":["Jack Of All Trades"]},{"damage_healed":0,"gold_gain":0,"player_choice":"Got Potions","damage_taken":0,"max_hp_gain":0,"max_hp_loss":0,"event_name":"Lab","floor":20,"gold_loss":0}],"is_beta":false,"boss_relics":[{"not_picked":["Orrery","White Beast Statue"],"picked":"Busted Crown"}],"items_purged_floors":[],"is_endless":false,"potions_floor_spawned":[12,13,16,18],"killed_by":"Book of Stabbing","ascension_level":12}