{"gold_per_floor":[109,125,125,135,23,23,23,23,23,54,24,24,24,24,24,147,147,162,183,126,147,47,47,47,68,68,68,81,81,116,116,116,242,242,263,263,173,188,201,214,257,106,130,130,173,197,237,261,261,261],"floor_reached":51,"playtime":2070,"items_purged":["Defend_G","Defend_G"],"score":878,"play_id":"13cf56a0-6b37-4550-a4ed-d879d8e0cef1","local_time":"20180925101315","is_ascension_mode":true,"campfire_choices":[{"data":"Bouncing Flask","floor":6,"key":"SMITH"},{"floor":12,"key":"REST"},{"data":"Noxious Fumes","floor":15,"key":"SMITH"},{"floor":23,"key":"REST"},{"floor":29,"key":"REST"},{"floor":32,"key":"REST"},{"floor":44,"key":"REST"},{"floor":49,"key":"REST"}],"neow_cost":"NONE","seed_source_timestamp":347192134266421,"circlet_count":0,"master_deck":["Defend_G+1","Defend_G+1","Survivor","Neutralize","Deadly Poison","Prepared","Bouncing Flask+1","Noxious Fumes+1","Poisoned Stab","Adrenaline","Flechettes+1","Deflect+1","Dodge and Roll","Bouncing Flask+1","Catalyst+1","Burst","Adrenaline+1","Catalyst+1","Noxious Fumes","Bouncing Flask+1"],"relics":["Empty Cage","Golden Idol","War Paint","Art of War","Dream Catcher","Astrolabe","Tiny Chest","Thread and Needle","Meat on the Bone","Bag of Marbles","Sozu","Darkstone Periapt","Snake Skull","Lantern","FossilizedHelix","Calipers"],"potions_floor_usage":[4,18,30,33,40,50],"damage_taken":[{"damage":5,"enemies":"Jaw Worm","floor":1,"turns":7},{"damage":12,"enemies":"Small Slimes","floor":2,"turns":5},{"damage":0,"enemies":"2 Louse","floor":4,"turns":2},{"damage":21,"enemies":"Gremlin Nob","floor":10,"turns":4},{"damage":0,"enemies":"Looter","floor":11,"turns":4},{"damage":3,"enemies":"The Guardian","floor":16,"turns":7},{"damage":24,"enemies":"2 Thieves","floor":18,"turns":4},{"damage":8,"enemies":"Shell Parasite","floor":19,"turns":4},{"damage":17,"enemies":"Centurion and Healer","floor":21,"turns":6},{"damage":29,"enemies":"Snecko","floor":25,"turns":5},{"damage":8,"enemies":"Snake Plant","floor":28,"turns":3},{"damage":2,"enemies":"Book of Stabbing","floor":30,"turns":4},{"damage":17,"enemies":"Champ","floor":33,"turns":5},{"damage":15,"enemies":"3 Darklings","floor":35,"turns":4},{"damage":0,"enemies":"Orb Walker","floor":38,"turns":2},{"damage":0,"enemies":"Maw","floor":39,"turns":3},{"damage":0,"enemies":"Reptomancer","floor":40,"turns":3},{"damage":14,"enemies":"Nemesis","floor":41,"turns":3},{"damage":0,"enemies":"Giant Head","floor":45,"turns":3},{"damage":7,"enemies":"3 Darklings","floor":46,"turns":4},{"damage":17,"enemies":"2 Orb Walkers","floor":47,"turns":3},{"damage":0,"enemies":"Sphere and 2 Shapes","floor":48,"turns":3},{"damage":30,"enemies":"Donu and Deca","floor":50,"turns":6}],"seed_played":"7870596439126331909","potions_obtained":[{"floor":1,"key":"Fire Potion"},{"floor":16,"key":"Fruit Juice"},{"floor":21,"key":"Strength Potion"},{"floor":25,"key":"FairyPotion"},{"floor":28,"key":"Dexterity Potion"},{"floor":30,"key":"Swift Potion"},{"floor":33,"key":"GhostInAJar"}],"is_trial":false,"path_per_floor":["M","M","?","M","$","R","?","$","T","E","M","R","?","$","R","B",null,"M","M","?","M","$","R","?","M","T","T","M","R","E","$","R","B",null,"M","?","?","M","M","M","E","$","T","R","E","M","E","M","R","B"],"character_chosen":"THE_SILENT","items_purchased":["Bouncing Flask","Snake Skull"],"campfire_rested":6,"item_purchase_floors":[5,42],"current_hp_per_floor":[65,53,46,46,46,46,46,46,46,25,25,44,44,44,44,41,65,46,38,38,21,21,42,42,13,13,13,17,38,36,36,57,40,70,55,55,55,55,55,55,41,41,41,62,62,55,38,38,59,41],"gold":261,"neow_bonus":"BOSS_RELIC","is_prod":false,"is_daily":false,"chose_seed":false,"campfire_upgraded":2,"win_rate":0,"timestamp":1537859595,"path_taken":["M","M","?","?","$","R","?","$","T","E","?","R","?","?","R","BOSS","M","M","?","M","$","R","?","?","T","?","M","R","E","$","R","BOSS","M","?","?","?","M","M","E","$","T","R","E","M","E","M","R","BOSS"],"build_version":"2018-09-20","purchased_purges":2,"victory":true,"max_hp_per_floor":[70,70,70,70,70,70,65,65,65,65,65,65,65,65,65,65,65,70,70,70,70,70,70,70,70,70,70,70,70,70,70,70,70,70,70,70,70,70,70,70,70,70,70,70,70,70,70,70,70,70],"card_choices":[{"not_picked":["Accuracy","Predator"],"picked":"Deadly Poison","floor":1},{"not_picked":["Cloak And Dagger","Quick Slash"],"picked":"Prepared","floor":2},{"not_picked":["Flying Knee","Terror","Dagger Throw"],"picked":"SKIP","floor":4},{"not_picked":["Outmaneuver","Sucker Punch"],"picked":"Noxious Fumes","floor":10},{"not_picked":["Deflect","Prepared"],"picked":"Poisoned Stab","floor":11},{"not_picked":["Doppelganger","Burst"],"picked":"Adrenaline","floor":16},{"not_picked":["Underhanded Strike","Eviscerate","PiercingWail+1"],"picked":"SKIP","floor":18},{"not_picked":["Prepared","Underhanded Strike","PiercingWail+1"],"picked":"SKIP","floor":19},{"not_picked":["Backflip","Underhanded Strike"],"picked":"Dodge and Roll","floor":21},{"not_picked":["Backflip","PiercingWail"],"picked":"Bouncing Flask+1","floor":23},{"not_picked":["Underhanded Strike","Dagger Throw"],"picked":"Catalyst+1","floor":25},{"not_picked":["Flying Knee","Underhanded Strike+1"],"picked":"Burst","floor":28},{"not_picked":["Blade Dance","Bane","Setup"],"picked":"SKIP","floor":30},{"not_picked":["Storm of Steel","Wraith Form v2"],"picked":"Adrenaline","floor":33},{"not_picked":["Flying Knee","PiercingWail","Prepared+1"],"picked":"SKIP","floor":35},{"not_picked":["Deflect","Footwork+1"],"picked":"Catalyst+1","floor":38},{"not_picked":["Terror+1","Underhanded Strike","Flechettes"],"picked":"SKIP","floor":39},{"not_picked":["Tools of the Trade","Backflip+1","Outmaneuver+1"],"picked":"SKIP","floor":40},{"not_picked":["Backstab","Distraction"],"picked":"Noxious Fumes","floor":41},{"not_picked":["Backstab+1","Unload"],"picked":"Bouncing Flask+1","floor":45},{"not_picked":["Deflect","Acrobatics","Sucker Punch+1"],"picked":"SKIP","floor":46},{"not_picked":["Deflect+1","Expertise","Underhanded Strike"],"picked":"SKIP","floor":47},{"not_picked":["Concentrate","Outmaneuver","Acrobatics+1"],"picked":"SKIP","floor":48}],"player_experience":379583,"relics_obtained":[{"floor":9,"key":"War Paint"},{"floor":10,"key":"Art of War"},{"floor":26,"key":"Thread and Needle"},{"floor":27,"key":"Meat on the Bone"},{"floor":30,"key":"Bag of Marbles"},{"floor":41,"key":"Darkstone Periapt"},{"floor":43,"key":"Lantern"},{"floor":45,"key":"FossilizedHelix"},{"floor":47,"key":"Calipers"}],"event_choices":[{"event_name":"Golden Wing","player_choice":"Card Removal","floor":3,"damage_taken":0},{"event_name":"Golden Idol","player_choice":"Lose Max HP","floor":7,"damage_taken":0},{"event_name":"Dead Adventurer","player_choice":"Searched \u00273\u0027 times","floor":13,"damage_taken":0},{"event_name":"WeMeetAgain","player_choice":"Gold","floor":20,"damage_taken":0},{"event_name":"Ghosts","player_choice":"Ignored","floor":24,"damage_taken":0},{"event_name":"Tomb of Lord Red Mask","player_choice":"Ignored","floor":36,"damage_taken":0},{"event_name":"Designer","player_choice":"Full Service","floor":37,"damage_taken":0}],"is_beta":false,"boss_relics":[{"not_picked":["Black Star","Lizard Tail"],"picked":"Astrolabe"},{"not_picked":["Orrery","WristBlade"],"picked":"Sozu"}],"items_purged_floors":[5,22],"is_endless":false,"potions_floor_spawned":[1,16,21,25,28,30,33,35,40,41,45,48],"ascension_level":2}