{"gold_per_floor":[13,31,49,62,62,94,94,120,120,120,140,156,156,175,175,246,246,257,9,22,72,82,112,112,142,142,142,142,142],"floor_reached":29,"playtime":1298,"items_purged":[],"score":477,"play_id":"ae738fb8-d823-49e4-827b-7b0741c08622","local_time":"20190715214946","is_ascension_mode":true,"campfire_choices":[{"floor":7.0,"key":"REST"},{"floor":10.0,"key":"REST"},{"floor":15.0,"key":"REST"},{"floor":24,"key":"REST"}],"neow_cost":"NO_GOLD","seed_source_timestamp":0,"circlet_count":0,"master_deck":["AscendersBane","Strike_R+1","Strike_R","Strike_R","Strike_R+1","Strike_R","Defend_R","Defend_R","Defend_R","Defend_R","Bash","Impatience","Finesse","Iron Wave","Disarm","Shockwave","Demon Form","Berserk","Rage","Spot Weakness","Sword Boomerang","Dropkick","Demon Form","Cleave","Dramatic Entrance","Battle Trance","Bash","Heavy Blade"],"special_seed":0,"relics":["Burning Blood","Whetstone","Odd Mushroom","Regal Pillow","Sozu","Tiny Chest","Paper Frog","Bronze Scales"],"potions_floor_usage":[20],"damage_taken":[{"damage":10.0,"enemies":"Small Slimes","floor":1.0,"turns":3.0},{"damage":5.0,"enemies":"Jaw Worm","floor":2.0,"turns":4.0},{"damage":1.0,"enemies":"Cultist","floor":3.0,"turns":4.0},{"damage":10.0,"enemies":"Blue Slaver","floor":4.0,"turns":4.0},{"damage":69.0,"enemies":"3 Sentries","floor":6.0,"turns":8.0},{"damage":35.0,"enemies":"The Mushroom Lair","floor":8.0,"turns":6.0},{"damage":26.0,"enemies":"Large Slime","floor":11.0,"turns":9.0},{"damage":34.0,"enemies":"Gremlin Gang","floor":12.0,"turns":5.0},{"damage":10.0,"enemies":"2 Fungi Beasts","floor":14.0,"turns":4.0},{"damage":26.0,"enemies":"Slime Boss","floor":16.0,"turns":11.0},{"damage":1,"enemies":"Chosen","floor":18,"turns":5},{"damage":11,"enemies":"Spheric Guardian","floor":20,"turns":3},{"damage":2,"enemies":"Centurion and Healer","floor":22,"turns":7},{"damage":24,"enemies":"Slavers","floor":23,"turns":6},{"damage":61,"enemies":"Book of Stabbing","floor":25,"turns":6},{"damage":23,"enemies":"Snecko","floor":29,"turns":3}],"seed_played":"7687112315092090397","potions_obtained":[{"floor":1.0,"key":"BloodPotion"},{"floor":3.0,"key":"PowerPotion"},{"floor":6.0,"key":"Ancient Potion"},{"floor":11.0,"key":"FairyPotion"},{"floor":14.0,"key":"Fire Potion"}],"is_trial":false,"path_per_floor":["M","M","M","M","?","E","R","?","T","R","M","M","$","M","R","B",null,"M","$","M","?","M","E","R","E","T","?","$","M"],"character_chosen":"IRONCLAD","items_purchased":["Tiny Chest","Dramatic Entrance"],"campfire_rested":4,"item_purchase_floors":[19,19],"current_hp_per_floor":[64,65,70,66,66,21,43,14,14,51,31,13,13,9,46,26,63,68,68,63,63,67,49,75,20,20,20,20,0],"gold":142,"neow_bonus":"RANDOM_COLORLESS_2","is_prod":false,"is_daily":false,"chose_seed":false,"campfire_upgraded":0,"win_rate":0,"timestamp":1563216586,"path_taken":["M","M","M","M","?","E","R","?","T","R","M","M","$","?","R","BOSS","M","$","?","?","M","E","R","E","T","?","$","M"],"build_version":"2019-07-05","purchased_purges":0,"victory":false,"max_hp_per_floor":[75,75,75,75,75,75,75,75,75,75,75,75,75,75,75,75,75,75,75,75,75,75,75,75,75,75,75,75,75],"card_choices":[{"not_picked":["Pommel Strike","True Grit"],"picked":"Iron Wave","floor":1.0},{"not_picked":["Sword Boomerang","Burning Pact"],"picked":"Disarm","floor":2.0},{"not_picked":["Clothesline","Havoc"],"picked":"Shockwave","floor":3.0},{"not_picked":["Pummel","Evolve"],"picked":"Demon Form","floor":4.0},{"not_picked":["Headbutt","Pommel Strike"],"picked":"Berserk","floor":6.0},{"not_picked":["Iron Wave","Havoc"],"picked":"Rage","floor":8.0},{"not_picked":["Clothesline","Iron Wave"],"picked":"Spot Weakness","floor":11.0},{"not_picked":["Iron Wave","Havoc"],"picked":"Sword Boomerang","floor":12.0},{"not_picked":["Shrug It Off","Fire Breathing"],"picked":"Dropkick","floor":14.0},{"not_picked":["Dark Embrace","Reaper"],"picked":"Demon Form","floor":16.0},{"not_picked":["Infernal Blade","Shockwave"],"picked":"Cleave","floor":18},{"not_picked":["Sentinel","Body Slam","Armaments"],"picked":"SKIP","floor":20},{"not_picked":["Combust","Perfected Strike","Clothesline"],"picked":"SKIP","floor":22},{"not_picked":["Reckless Charge+1","Armaments","True Grit"],"picked":"SKIP","floor":23},{"not_picked":["Bloodletting","True Grit"],"picked":"Battle Trance","floor":25}],"player_experience":669802,"relics_obtained":[{"floor":6.0,"key":"Whetstone"},{"floor":8.0,"key":"Odd Mushroom"},{"floor":9.0,"key":"Regal Pillow"},{"floor":23,"key":"Paper Frog"},{"floor":25,"key":"Bronze Scales"}],"event_choices":[{"damage_healed":0.0,"max_hp_gain":0.0,"max_hp_loss":0.0,"gold_gain":0.0,"event_name":"Golden Wing","player_choice":"Ignored","floor":5.0,"gold_loss":0.0,"damage_taken":0.0},{"damage_healed":0.0,"max_hp_gain":0.0,"max_hp_loss":0.0,"gold_gain":0.0,"event_name":"Mushrooms","player_choice":"Fought Mushrooms","floor":8.0,"gold_loss":0.0,"damage_taken":0.0},{"damage_healed":0,"gold_gain":50,"player_choice":"Stole From Cult","damage_taken":0,"max_hp_gain":0,"max_hp_loss":0,"event_name":"Nest","floor":21,"gold_loss":0},{"damage_healed":0,"gold_gain":0,"player_choice":"2 cards matched","damage_taken":0,"max_hp_gain":0,"max_hp_loss":0,"event_name":"Match and Keep!","floor":27,"gold_loss":0,"cards_obtained":["Bash","Heavy Blade"]}],"is_beta":false,"boss_relics":[{"not_picked":["Black Blood","Astrolabe"],"picked":"Sozu"}],"items_purged_floors":[],"is_endless":false,"potions_floor_spawned":[1,3,6,11,14,23,25],"killed_by":"Snecko","ascension_level":16}