{"gold_per_floor":[10,24,38,38,57,82,99,109,134,84,104,5,20,31,31,136,136,156,156,156,173,23,57,57,72,72,72,87,102,131,143,143,143],"floor_reached":33,"playtime":2966,"items_purged":["Defend_B"],"score":345,"play_id":"59f9083c-7795-4025-b965-484b77af1b2f","local_time":"20181107221036","is_ascension_mode":false,"campfire_choices":[{"floor":15,"key":"REST"},{"data":"Machine Learning","floor":24,"key":"SMITH"},{"data":"Hello World","floor":27,"key":"SMITH"},{"data":"Double Energy","floor":32,"key":"SMITH"}],"neow_cost":"NO_GOLD","seed_source_timestamp":2436216643882686,"circlet_count":0,"master_deck":["Strike_B","Strike_B","Defend_B","Defend_B","Defend_B","Zap","Dualcast","Hologram","Rebound","Aggregate","Rebound","Hologram","Auto Shields","Hello World+1","Ball Lightning","Compile Driver","Rebound","Double Energy+1","Machine Learning+1","Conserve Battery+1","Writhe","Ghostly","Ghostly","Ghostly","Ghostly","Ghostly","Sunder+1","Tempest+1","Melter+1","Streamline+1","Fission","Sweeping Beam"],"relics":["Cracked Core","Torii","Mango","Bag of Preparation","Nuclear Battery","Blood Vial","PreservedInsect","Bronze Scales","Dodecahedron","Happy Flower"],"potions_floor_usage":[6,6,16,16,28],"damage_taken":[{"damage":6,"enemies":"Jaw Worm","floor":1,"turns":3},{"damage":9,"enemies":"2 Louse","floor":2,"turns":4},{"damage":1,"enemies":"Cultist","floor":3,"turns":3},{"damage":0,"enemies":"Large Slime","floor":5,"turns":4},{"damage":22,"enemies":"Gremlin Nob","floor":6,"turns":4},{"damage":2,"enemies":"2 Fungi Beasts","floor":7,"turns":3},{"damage":8,"enemies":"3 Louse","floor":8,"turns":3},{"damage":2,"enemies":"Large Slime","floor":11,"turns":6},{"damage":13,"enemies":"Blue Slaver","floor":13,"turns":3},{"damage":1,"enemies":"Exordium Thugs","floor":14,"turns":4},{"damage":23,"enemies":"Slime Boss","floor":16,"turns":8},{"damage":17,"enemies":"Spheric Guardian","floor":18,"turns":4},{"damage":3,"enemies":"2 Thieves","floor":21,"turns":5},{"damage":43,"enemies":"Gremlin Leader","floor":23,"turns":8},{"damage":1,"enemies":"Sentry and Sphere","floor":25,"turns":4},{"damage":0,"enemies":"Shelled Parasite and Fungi","floor":28,"turns":3},{"damage":0,"enemies":"Snecko","floor":29,"turns":4},{"damage":0,"enemies":"Book of Stabbing","floor":30,"turns":4},{"damage":4,"enemies":"Chosen and Byrds","floor":31,"turns":6},{"damage":10,"enemies":"Automaton","floor":33,"turns":8}],"seed_played":"852798204710531752","potions_obtained":[{"floor":1,"key":"Fruit Juice"},{"floor":5,"key":"Energy Potion"},{"floor":6,"key":"SteroidPotion"},{"floor":13,"key":"FocusPotion"},{"floor":21,"key":"Block Potion"},{"floor":23,"key":"EssenceOfSteel"}],"is_trial":false,"path_per_floor":["M","M","M","?","M","E","M","M","T","?","M","$","M","M","R","B",null,"M","?","?","M","$","E","R","M","T","R","M","M","E","M","R","B"],"character_chosen":"DEFECT","items_purchased":["Compile Driver","PreservedInsect"],"campfire_rested":1,"item_purchase_floors":[12,22],"current_hp_per_floor":[69,60,59,52,52,49,47,39,39,39,37,37,24,23,51,28,94,77,77,47,44,44,3,3,4,4,4,6,8,10,8,8,0],"gold":143,"neow_bonus":"ONE_RARE_RELIC","is_prod":false,"is_daily":false,"chose_seed":false,"campfire_upgraded":3,"win_rate":0,"timestamp":1541650236,"path_taken":["M","M","M","?","M","E","M","M","T","?","M","$","M","M","R","BOSS","M","?","?","M","$","E","R","M","T","R","M","M","E","M","R","BOSS"],"build_version":"2018-11-01","purchased_purges":1,"victory":false,"max_hp_per_floor":[75,75,75,75,75,94,94,94,94,94,94,94,94,94,94,94,94,94,94,47,47,47,47,47,47,47,47,47,47,47,47,47,47],"card_choices":[{"not_picked":["Static Discharge","Ball Lightning"],"picked":"Hologram","floor":1},{"not_picked":["Static Discharge","Sunder"],"picked":"Rebound","floor":2},{"not_picked":["Sweeping Beam","White Noise"],"picked":"Aggregate","floor":3},{"not_picked":["Streamline","Go for the Eyes"],"picked":"Rebound","floor":5},{"not_picked":["Conserve Battery","Beam Cell"],"picked":"Hologram","floor":6},{"not_picked":["Rainbow","Turbo"],"picked":"Auto Shields","floor":7},{"not_picked":["Ball Lightning","Redo"],"picked":"Hello World","floor":8},{"not_picked":["Compile Driver","Barrage"],"picked":"Ball Lightning","floor":11},{"not_picked":["Cold Snap","Scrape"],"picked":"Rebound","floor":13},{"not_picked":["Glacier","Echo Form"],"picked":"Double Energy","floor":14},{"not_picked":["Multi-Cast","Buffer"],"picked":"Machine Learning","floor":16},{"not_picked":["Hologram","Gash"],"picked":"Conserve Battery+1","floor":18},{"not_picked":["Storm","Ball Lightning"],"picked":"Sunder+1","floor":21},{"not_picked":["Self Repair","Cold Snap"],"picked":"Tempest+1","floor":23},{"not_picked":["Streamline","Buffer"],"picked":"Melter+1","floor":25},{"not_picked":["Static Discharge","Coolheaded","Go for the Eyes"],"picked":"SKIP","floor":28},{"not_picked":["Genetic Algorithm","Conserve Battery"],"picked":"Streamline+1","floor":29},{"not_picked":["Cold Snap+1","Hyperbeam"],"picked":"Fission","floor":30},{"not_picked":["Leap","Rip and Tear"],"picked":"Sweeping Beam","floor":31}],"player_experience":116159,"relics_obtained":[{"floor":6,"key":"Mango"},{"floor":9,"key":"Bag of Preparation"},{"floor":23,"key":"Bronze Scales"},{"floor":26,"key":"Dodecahedron"},{"floor":30,"key":"Happy Flower"}],"event_choices":[{"cards_removed":["Strike_B"],"damage_healed":0,"gold_gain":0,"player_choice":"Card Removal","damage_taken":7,"max_hp_gain":0,"max_hp_loss":0,"event_name":"Golden Wing","floor":4,"gold_loss":0},{"cards_removed":["Strike_B"],"damage_healed":0,"gold_gain":0,"player_choice":"Card Removal","damage_taken":0,"max_hp_gain":0,"max_hp_loss":0,"event_name":"The Cleric","floor":10,"gold_loss":50},{"damage_healed":0,"gold_gain":0,"player_choice":"Opened","damage_taken":0,"relics_obtained":["Blood Vial"],"max_hp_gain":0,"max_hp_loss":0,"event_name":"The Mausoleum","floor":19,"gold_loss":0,"cards_obtained":["Writhe"]},{"damage_healed":0,"gold_gain":0,"player_choice":"Became a Ghost","damage_taken":0,"max_hp_gain":0,"max_hp_loss":47,"event_name":"Ghosts","floor":20,"gold_loss":0,"cards_obtained":["Ghostly","Ghostly","Ghostly","Ghostly","Ghostly"]}],"is_beta":false,"boss_relics":[{"not_picked":["Astrolabe","Eternal Feather"],"picked":"Nuclear Battery"}],"items_purged_floors":[12],"is_endless":false,"potions_floor_spawned":[1,5,6,13,21,23],"killed_by":"Automaton","ascension_level":0}