{"gold_per_floor":[111,186,186,196,208,208,233,246,246,246,265,296,308,325,325,325],"floor_reached":16,"playtime":892,"items_purged":[],"score":150,"play_id":"26c74123-6286-434a-8467-510a8856e13d","local_time":"20190718092308","is_ascension_mode":true,"campfire_choices":[{"data":"Bash","floor":6,"key":"SMITH"},{"data":"Searing Blow","floor":10,"key":"SMITH"},{"floor":15,"key":"REST"}],"neow_cost":"PERCENT_DAMAGE","seed_source_timestamp":44725082532007,"circlet_count":0,"master_deck":["Strike_R","Strike_R","Strike_R+1","Strike_R+1","Strike_R","Defend_R","Defend_R","Defend_R","Defend_R","Bash+1","Perfected Strike","Pain","Heavy Blade","Clothesline","Iron Wave","Searing Blow+1","Whirlwind","Twin Strike"],"relics":["Burning Blood","WarpedTongs","Whetstone","PreservedInsect","The Courier"],"potions_floor_usage":[11,12,16],"damage_taken":[{"damage":4,"enemies":"2 Louse","floor":1,"turns":3},{"damage":2,"enemies":"Cultist","floor":4,"turns":3},{"damage":14,"enemies":"Jaw Worm","floor":5,"turns":2},{"damage":41,"enemies":"Lagavulin","floor":7,"turns":5},{"damage":3,"enemies":"Blue Slaver","floor":8,"turns":3},{"damage":16,"enemies":"3 Louse","floor":11,"turns":3},{"damage":22,"enemies":"3 Sentries","floor":12,"turns":5},{"damage":14,"enemies":"Looter","floor":13,"turns":3},{"damage":7,"enemies":"Exordium Thugs","floor":14,"turns":3},{"damage":44,"enemies":"Hexaghost","floor":16,"turns":9}],"seed_played":"-226299409805244460","potions_obtained":[{"floor":7,"key":"SteroidPotion"},{"floor":8,"key":"Regen Potion"},{"floor":12,"key":"FairyPotion"},{"floor":14,"key":"SpeedPotion"}],"is_trial":false,"path_per_floor":["M","?","?","M","M","R","E","M","T","R","M","E","M","M","R","B"],"character_chosen":"IRONCLAD","items_purchased":[],"campfire_rested":1,"item_purchase_floors":[],"current_hp_per_floor":[74,63,63,67,59,59,24,27,27,27,26,10,15,14,42,0],"gold":325,"neow_bonus":"TWENTY_PERCENT_HP_BONUS","is_prod":false,"is_daily":false,"chose_seed":false,"campfire_upgraded":2,"win_rate":0,"timestamp":1563459788,"path_taken":["M","?","?","?","M","R","E","?","T","R","M","E","M","M","R","BOSS"],"build_version":"2019-07-17","purchased_purges":0,"victory":false,"max_hp_per_floor":[96,96,96,96,96,96,96,96,96,96,96,96,96,96,96,96],"card_choices":[{"not_picked":["Havoc","Warcry"],"picked":"Perfected Strike","floor":1},{"not_picked":["Disarm","Armaments"],"picked":"Heavy Blade","floor":4},{"not_picked":["Sword Boomerang","Heavy Blade"],"picked":"Clothesline","floor":5},{"not_picked":["Carnage","Sword Boomerang"],"picked":"Iron Wave","floor":7},{"not_picked":["Metallicize","Wild Strike"],"picked":"Searing Blow","floor":8},{"not_picked":["Armaments","Sentinel"],"picked":"Whirlwind","floor":11},{"not_picked":["Flex","Fire Breathing"],"picked":"Twin Strike","floor":12},{"not_picked":["Havoc","Iron Wave","Thunderclap"],"picked":"SKIP","floor":13},{"not_picked":["Sword Boomerang","Wild Strike","Warcry"],"picked":"SKIP","floor":14}],"player_experience":351153,"relics_obtained":[{"floor":7,"key":"Whetstone"},{"floor":9,"key":"PreservedInsect"},{"floor":12,"key":"The Courier"}],"event_choices":[{"damage_healed":0,"gold_gain":75,"player_choice":"Gather Gold","damage_taken":11,"max_hp_gain":0,"max_hp_loss":0,"event_name":"World of Goop","floor":2,"gold_loss":0},{"damage_healed":0,"gold_gain":0,"player_choice":"Rummage","damage_taken":0,"relics_obtained":["WarpedTongs"],"max_hp_gain":0,"max_hp_loss":0,"event_name":"Accursed Blacksmith","floor":3,"gold_loss":0,"cards_obtained":["Pain"]}],"is_beta":false,"boss_relics":[],"items_purged_floors":[],"is_endless":false,"potions_floor_spawned":[7,8,12,14],"killed_by":"Hexaghost","ascension_level":2}