{"gold_per_floor":[109,109,34,34,10,43,59,74,74,107,117,117],"floor_reached":12,"playtime":436,"items_purged":["Strike_R"],"score":141,"play_id":"9ac1bb96-d43f-4c1c-9769-a01adbccd6dd","local_time":"20181112221806","is_ascension_mode":true,"campfire_choices":[],"neow_cost":"PERCENT_DAMAGE","seed_source_timestamp":544569213394299,"circlet_count":0,"master_deck":["AscendersBane","Strike_R","Strike_R","Strike_R","Defend_R","Defend_R","Defend_R","Pummel+1","Armaments","Flex","Inflame","Uppercut","Combust","Armaments"],"relics":["Burning Blood","Champion Belt","Blue Candle","Pantograph"],"potions_floor_usage":[6,10],"damage_taken":[{"damage":10,"enemies":"Jaw Worm","floor":1,"turns":5},{"damage":38,"enemies":"3 Sentries","floor":6,"turns":14},{"damage":0,"enemies":"2 Louse","floor":7,"turns":2},{"damage":1,"enemies":"Cultist","floor":8,"turns":3},{"damage":15,"enemies":"Lagavulin","floor":10,"turns":6},{"damage":15,"enemies":"3 Louse","floor":11,"turns":4},{"damage":13,"enemies":"Blue Slaver","floor":12,"turns":2}],"seed_played":"-2939931559374528464","potions_obtained":[{"floor":1,"key":"EssenceOfSteel"},{"floor":8,"key":"FearPotion"}],"is_trial":false,"path_per_floor":["M","?","$","?","$","E","M","M","T","E","M","M"],"character_chosen":"IRONCLAD","items_purchased":["Armaments"],"campfire_rested":0,"item_purchase_floors":[5],"current_hp_per_floor":[47,47,47,47,47,15,21,26,26,17,8,0],"gold":117,"neow_bonus":"REMOVE_TWO","is_prod":false,"is_daily":false,"chose_seed":false,"campfire_upgraded":0,"win_rate":0,"timestamp":1542053886,"path_taken":["M","?","$","?","$","E","M","?","T","E","M","M"],"build_version":"2018-11-08","purchased_purges":1,"victory":false,"max_hp_per_floor":[80,80,80,80,80,80,80,80,80,80,80,80],"card_choices":[{"not_picked":["Warcry","Whirlwind"],"picked":"Pummel","floor":1},{"not_picked":["Havoc","Body Slam"],"picked":"Flex","floor":6},{"not_picked":["Shrug It Off","Twin Strike"],"picked":"Inflame","floor":7},{"not_picked":["Intimidate","Searing Blow"],"picked":"Uppercut","floor":8},{"not_picked":["Dual Wield","Cleave"],"picked":"Combust","floor":10},{"not_picked":["Wild Strike","Hemokinesis"],"picked":"Armaments","floor":11}],"player_experience":458398,"relics_obtained":[{"floor":6,"key":"Champion Belt"},{"floor":9,"key":"Blue Candle"},{"floor":10,"key":"Pantograph"}],"event_choices":[{"damage_healed":0,"gold_gain":0,"player_choice":"Grow","damage_taken":0,"max_hp_gain":0,"max_hp_loss":0,"event_name":"Living Wall","floor":2,"gold_loss":0,"cards_upgraded":["Pummel"]},{"cards_removed":["Bash"],"damage_healed":0,"gold_gain":0,"player_choice":"Card Removal","damage_taken":0,"max_hp_gain":0,"max_hp_loss":0,"event_name":"Wheel of Change","floor":4,"gold_loss":0}],"is_beta":false,"boss_relics":[],"items_purged_floors":[3],"is_endless":false,"potions_floor_spawned":[1,8],"killed_by":"Blue Slaver","ascension_level":12}