{"gold_per_floor":[118,293,243,34,44,44,73,86,111,145,163,163,163,16,16,16],"floor_reached":16,"playtime":414,"items_purged":[],"score":178,"play_id":"a13a50cd-8a00-42fc-abd4-ebcea1e168c5","local_time":"20190414173630","is_ascension_mode":true,"campfire_choices":[{"floor":6,"key":"RECALL"},{"floor":12,"key":"REST"},{"floor":15,"key":"REST"}],"neow_cost":"NONE","seed_source_timestamp":34577289794099,"circlet_count":0,"master_deck":["AscendersBane","Strike_R","Strike_R","Strike_R","Strike_R+1","Strike_R","Defend_R+1","Defend_R","Defend_R","Bash+1","Armaments+1","Corruption","Intimidate","Thunderclap","Demon Form","Ghostly Armor"],"relics":["Lizard Tail","Sling","Whetstone","Potion Belt","War Paint"],"potions_floor_usage":[7,10],"damage_taken":[{"damage":13,"enemies":"Jaw Worm","floor":1,"turns":4},{"damage":6,"enemies":"Cultist","floor":5,"turns":4},{"damage":32,"enemies":"Gremlin Nob","floor":7,"turns":4},{"damage":5,"enemies":"2 Louse","floor":8,"turns":2},{"damage":43,"enemies":"3 Sentries","floor":10,"turns":10},{"damage":7,"enemies":"Blue Slaver","floor":11,"turns":4},{"damage":54,"enemies":"The Guardian","floor":16,"turns":8}],"seed_played":"-4599597084754571671","potions_obtained":[{"floor":5,"key":"SteroidPotion"},{"floor":7,"key":"Block Potion"},{"floor":11,"key":"Ancient Potion"}],"is_trial":false,"path_per_floor":["M","?","?","$","M","R","E","M","T","E","M","R","?","$","R","B"],"character_chosen":"IRONCLAD","items_purchased":["Sling","War Paint"],"campfire_rested":2,"item_purchase_floors":[4,14],"current_hp_per_floor":[59,59,59,59,53,53,21,16,16,20,13,37,30,30,54,0],"gold":16,"neow_bonus":"BOSS_RELIC","is_prod":false,"is_daily":false,"chose_seed":false,"campfire_upgraded":0,"win_rate":0,"timestamp":1555252590,"path_taken":["M","?","?","?","?","R","E","M","T","E","?","R","?","$","R","BOSS"],"build_version":"2019-01-23","purchased_purges":0,"victory":false,"max_hp_per_floor":[80,80,80,80,80,80,80,80,80,80,80,80,80,80,80,80],"card_choices":[{"not_picked":["Body Slam","Dual Wield"],"picked":"Armaments","floor":1},{"not_picked":["Combust","Sword Boomerang"],"picked":"Corruption","floor":5},{"not_picked":["Warcry","Hemokinesis"],"picked":"Intimidate","floor":7},{"not_picked":["Dropkick","Twin Strike"],"picked":"Thunderclap","floor":8},{"not_picked":["Iron Wave","Flex"],"picked":"Demon Form","floor":10},{"not_picked":["Inflame","Sword Boomerang"],"picked":"Ghostly Armor","floor":11}],"player_experience":545487,"relics_obtained":[{"floor":7,"key":"Whetstone"},{"floor":10,"key":"Potion Belt"}],"event_choices":[{"damage_healed":0,"gold_gain":175,"player_choice":"AGREE","damage_taken":0,"max_hp_gain":0,"max_hp_loss":0,"event_name":"Liars Game","floor":2,"gold_loss":0,"cards_obtained":["Doubt"]},{"cards_removed":["Doubt"],"damage_healed":0,"gold_gain":0,"player_choice":"Card Removal","damage_taken":0,"max_hp_gain":0,"max_hp_loss":0,"event_name":"The Cleric","floor":3,"gold_loss":50},{"cards_removed":["Defend_R"],"damage_healed":0,"gold_gain":0,"player_choice":"Card Removal","damage_taken":7,"max_hp_gain":0,"max_hp_loss":0,"event_name":"Golden Wing","floor":13,"gold_loss":0}],"is_beta":false,"boss_relics":[],"items_purged_floors":[],"is_endless":false,"potions_floor_spawned":[5,7,11],"killed_by":"The Guardian","ascension_level":13}