{"path_per_floor":["M","M","$","?","$","E","T","R","T","?","?","$","?","M","R","B",null,"M","?","M","M","$","R","T","M","T","R","$","M","M","$","R","B",null,"M","M","?","T","M","R","E","?","T","M","M","R","$","M","R","B"],"character_chosen":"IRONCLAD","items_purchased":["Pen Nib","Oddly Smooth Stone","Flex","Tiny Chest","Pear"],"gold_per_floor":[114,129,129,304,4,34,59,59,109,59,59,11,11,26,26,126,126,141,141,156,171,51,51,51,66,66,66,66,81,96,96,96,196,196,211,226,226,226,241,241,271,271,271,286,301,301,51,66,66,66],"floor_reached":51,"campfire_rested":0,"playtime":998,"current_hp_per_floor":[80,83,83,83,83,83,83,83,83,83,76,76,51,57,57,63,83,83,83,83,83,83,83,83,81,81,81,81,79,83,83,83,83,83,83,83,83,83,83,83,83,83,83,76,74,74,84,86,86,63],"items_purged":[],"gold":66,"score":927,"play_id":"2465381d-6180-42b5-857a-d29a9d856b95","local_time":"20180326100218","daily_mods":["Time Dilation","Lethality","Hoarder"],"is_prod":false,"is_daily":true,"is_ascension_mode":false,"campfire_upgraded":8,"timestamp":1522047738,"path_taken":["M","?","$","?","$","E","?","R","T","?","?","?","?","M","R","BOSS","M","?","?","M","?","R","?","?","T","R","$","M","M","$","R","BOSS","M","M","?","?","?","R","E","?","T","?","?","R","$","M","R","BOSS"],"build_version":"2018-03-22v2","purchased_purges":0,"victory":true,"master_deck":["Strike_R","Strike_R","Strike_R","Strike_R","Defend_R","Defend_R","Defend_R","Defend_R","Bash","Infernal Blade+1","Infernal Blade+1","Infernal Blade+1","Thunderclap","Thunderclap","Thunderclap","Doubt","Rampage","Rampage","Rampage","Flex+1","Flex+1","Flex","Flex","Flex","Flex","Offering+1","Offering+1","Offering+1","Inflame+1","Inflame+1","Inflame+1","Offering+1","Offering+1","Offering+1"],"max_hp_per_floor":[80,83,83,83,83,83,83,83,83,83,83,83,83,83,83,83,83,83,83,83,83,83,83,83,83,83,83,83,83,83,83,83,83,83,83,83,83,83,83,83,83,83,83,83,83,83,93,93,93,93],"relics":["Burning Blood","Pen Nib","Oddly Smooth Stone","Matryoshka","Bag of Preparation","Ancient Tea Set","Happy Flower","Prayer Wheel","Darkstone Periapt","Sozu","Ornamental Fan","Tiny Chest","Vajra","Ice Cream","Philosopher\u0027s Stone","Red Skull","Dream Catcher","Thread and Needle","Pear"],"card_choices":[{"not_picked":["Reckless Charge","Iron Wave"],"picked":"Infernal Blade","floor":1},{"not_picked":["Armaments","Shrug It Off"],"picked":"Thunderclap","floor":2},{"not_picked":["Armaments","Sword Boomerang"],"picked":"Rampage","floor":6},{"not_picked":["Evolve","Pommel Strike"],"picked":"Flex","floor":14},{"not_picked":["Reaper","Impervious"],"picked":"Offering","floor":16},{"not_picked":["Iron Wave","Dual Wield"],"picked":"Inflame","floor":30}],"player_experience":130207,"potions_floor_usage":[41],"damage_taken":[{"damage":0,"enemies":"Cultist","floor":1,"turns":2},{"damage":0,"enemies":"Small Slimes","floor":2,"turns":2},{"damage":0,"enemies":"Gremlin Nob","floor":6,"turns":2},{"damage":0,"enemies":"Jaw Worm","floor":14,"turns":1},{"damage":0,"enemies":"Slime Boss","floor":16,"turns":1},{"damage":4,"enemies":"Shell Parasite","floor":18,"turns":1},{"damage":4,"enemies":"Spheric Guardian","floor":20,"turns":1},{"damage":4,"enemies":"Centurion and Healer","floor":21,"turns":1},{"damage":8,"enemies":"3 Cultists","floor":25,"turns":1},{"damage":8,"enemies":"Snake Plant","floor":29,"turns":1},{"damage":0,"enemies":"Snecko","floor":30,"turns":1},{"damage":4,"enemies":"Collector","floor":33,"turns":1},{"damage":0,"enemies":"Orb Walker","floor":35,"turns":1},{"damage":4,"enemies":"3 Shapes","floor":36,"turns":1},{"damage":4,"enemies":"3 Darklings","floor":39,"turns":1},{"damage":4,"enemies":"2 Orb Walkers","floor":41,"turns":2},{"damage":13,"enemies":"4 Shapes","floor":44,"turns":2},{"damage":8,"enemies":"Maw","floor":45,"turns":1},{"damage":4,"enemies":"3 Darklings","floor":48,"turns":1},{"damage":29,"enemies":"Donu and Deca","floor":50,"turns":2}],"event_choices":[{"event_name":"Liars Game","player_choice":"agreed","floor":4,"damage_taken":0},{"event_name":"The Cleric","player_choice":"Card Removal","floor":10,"damage_taken":0},{"event_name":"Golden Wing","player_choice":"Card Removal","floor":11,"damage_taken":0},{"event_name":"Scrap Ooze","player_choice":"success","floor":13,"damage_taken":25},{"event_name":"The Mausoleum","player_choice":"Yes","floor":19,"damage_taken":0},{"event_name":"Duplicator","player_choice":"One dupe","floor":42,"damage_taken":0}],"boss_relics":[{"not_picked":["Astrolabe","Question Card"],"picked":"Sozu"},{"not_picked":["Tiny House","Snecko Eye"],"picked":"Philosopher\u0027s Stone"}],"potions_floor_spawned":[1,20,21,30,35,39,41,45],"seed_played":"5744524933272245147","ascension_level":0,"is_trial":false}