{"path_per_floor":["M","$","?","?","M","?","E","M","T","M","$","?","M","M","R"],"character_chosen":"IRONCLAD","items_purchased":["Molten Egg 2","Toxic Egg 2"],"gold_per_floor":[144,144,319,319,364,364,454,499,499,544,44,44,89,134,134],"floor_reached":16,"campfire_rested":1,"playtime":1163,"current_hp_per_floor":[80,80,80,80,75,68,25,25,25,29,29,29,34,40,75],"items_purged":[],"gold":134,"score":102,"play_id":"7b19abc6-a840-478b-8046-5226f5d84d37","local_time":"20180310083118","daily_mods":["Allstar","Midas","Night Terrors"],"is_prod":false,"is_daily":true,"is_ascension_mode":false,"campfire_upgraded":0,"timestamp":1520663478,"path_taken":["M","$","?","?","M","?","E","?","T","M","?","?","?","M","R","BOSS"],"build_version":"2018-03-09","purchased_purges":0,"victory":false,"master_deck":["Strike_R","Strike_R","Strike_R","Strike_R","Strike_R","Defend_R","Defend_R","Defend_R","Defend_R","Bash","Purity","Thinking Ahead","Twin Strike+1","Pummel","Pommel Strike","Shrug It Off","Shrug It Off","Whirlwind+1","Cleave+1"],"max_hp_per_floor":[80,80,80,80,80,80,80,80,80,80,80,80,80,80,75],"relics":["Burning Blood","Matryoshka","Prayer Wheel","Vajra","Molten Egg 2","Toxic Egg 2"],"card_choices":[{"not_picked":["Havoc","Carnage"],"picked":"Twin Strike"},{"not_picked":["Perfected Strike","Havoc"],"picked":"Pummel"},{"not_picked":["Corruption","Armaments"],"picked":"Pommel Strike"},{"not_picked":["Inflame","Armaments"],"picked":"Shrug It Off"},{"not_picked":["Burning Pact","Body Slam"],"picked":"Shrug It Off"},{"not_picked":["Infernal Blade","Entrench"],"picked":"Whirlwind"},{"not_picked":["Pommel Strike","Twin Strike"],"picked":"Cleave"}],"player_experience":62176,"potions_floor_usage":[7,16],"damage_taken":[{"damage":4,"enemies":"Small Slimes","floor":1,"turns":4},{"damage":11,"enemies":"Jaw Worm","floor":5,"turns":2},{"damage":49,"enemies":"Lagavulin","floor":7,"turns":7},{"damage":6,"enemies":"Cultist","floor":8,"turns":3},{"damage":2,"enemies":"Looter","floor":10,"turns":3},{"damage":1,"enemies":"2 Fungi Beasts","floor":13,"turns":4},{"damage":0,"enemies":"Large Slime","floor":14,"turns":3},{"damage":76,"enemies":"The Guardian","floor":16,"turns":13}],"event_choices":[{"event_name":"Liars Game","player_choice":"agreed","floor":3,"damage_taken":0},{"event_name":"Upgrade Shrine","player_choice":"Upgraded","floor":4,"damage_taken":0},{"event_name":"Golden Wing","player_choice":"Card Removal","floor":6,"damage_taken":0},{"event_name":"Shining Light","player_choice":"Ignored","floor":12,"damage_taken":0}],"boss_relics":[],"potions_floor_spawned":[5,13],"seed_played":"-2228362409843830943","killed_by":"The Guardian","ascension_level":0,"is_trial":false}