{"gold_per_floor":[317,343,293,308,318,318,305,305,351,351,383,164,176,201,201,300,300,314,326,326,326,23,57,57,75,75,105,105,169,44,60,60,60],"floor_reached":33,"playtime":1532,"items_purged":["Defend_G","Strike_G","Strike_G"],"score":424,"play_id":"a9fbde6a-f30c-4f07-883c-18ca26172215","local_time":"20180923195511","is_ascension_mode":true,"campfire_choices":[{"data":"Dodge and Roll","floor":6,"key":"SMITH"},{"data":"Neutralize","floor":8,"key":"SMITH"},{"data":"Poisoned Stab","floor":10,"key":"SMITH"},{"data":"Crippling Poison","floor":15,"key":"SMITH"},{"data":"Terror","floor":24,"key":"SMITH"},{"floor":32,"key":"REST"}],"neow_cost":"NO_GOLD","seed_source_timestamp":209862896114730,"circlet_count":0,"master_deck":["Defend_G","Defend_G","Defend_G","Survivor","Neutralize+1","Blur","Prepared","Dodge and Roll+1","Poisoned Stab+1","Terror+1","Crippling Poison+1","Die Die Die","Deadly Poison+1","Slice","Distraction+1","Poisoned Stab","Bullet Time+1","Poisoned Stab","Backflip+1"],"relics":["Ring of the Snake","Old Coin","Strawberry","Vajra","Anchor","Bag of Marbles","Mango","Philosopher\u0027s Stone","TwistedFunnel","Toxic Egg 2","Sundial","Art of War","Tiny Chest"],"potions_floor_usage":[7,11,27,27,29,33],"damage_taken":[{"damage":3,"enemies":"Cultist","floor":1,"turns":4},{"damage":0,"enemies":"2 Louse","floor":4,"turns":3},{"damage":1,"enemies":"Small Slimes","floor":5,"turns":4},{"damage":9,"enemies":"Exordium Thugs","floor":7,"turns":7},{"damage":11,"enemies":"3 Sentries","floor":11,"turns":8},{"damage":0,"enemies":"2 Fungi Beasts","floor":13,"turns":5},{"damage":16,"enemies":"Gremlin Nob","floor":14,"turns":3},{"damage":50,"enemies":"Slime Boss","floor":16,"turns":15},{"damage":1,"enemies":"Shell Parasite","floor":18,"turns":3},{"damage":0,"enemies":"Chosen","floor":19,"turns":4},{"damage":25,"enemies":"Slavers","floor":23,"turns":5},{"damage":7,"enemies":"Sentry and Sphere","floor":25,"turns":3},{"damage":0,"enemies":"Gremlin Leader","floor":27,"turns":4},{"damage":4,"enemies":"Slavers","floor":29,"turns":3},{"damage":9,"enemies":"Centurion and Healer","floor":31,"turns":4},{"damage":94,"enemies":"Automaton","floor":33,"turns":6}],"seed_played":"-5733061211718486177","potions_obtained":[{"floor":1,"key":"SkillPotion"},{"floor":7,"key":"LiquidBronze"},{"floor":16,"key":"Ancient Potion"},{"floor":18,"key":"Regen Potion"},{"floor":23,"key":"Fire Potion"},{"floor":25,"key":"EssenceOfSteel"},{"floor":27,"key":"Poison Potion"}],"is_trial":false,"path_per_floor":["M","T","?","M","M","R","M","R","T","R","E","$","M","E","R","B",null,"M","M","?","?","$","E","R","M","T","E","?","E","$","M","R"],"character_chosen":"THE_SILENT","items_purchased":["Bag of Marbles","TwistedFunnel"],"campfire_rested":1,"item_purchase_floors":[12,22],"current_hp_per_floor":[67,74,74,74,73,73,64,64,64,64,53,53,53,51,51,1,91,90,90,90,90,90,65,65,58,58,72,72,68,68,59,86,0],"gold":60,"neow_bonus":"ONE_RARE_RELIC","is_prod":false,"is_daily":false,"chose_seed":false,"campfire_upgraded":5,"win_rate":0,"timestamp":1537721711,"path_taken":["M","?","?","M","?","R","M","R","T","R","E","$","M","E","R","BOSS","M","M","?","?","$","E","R","M","T","E","?","E","$","M","R","BOSS"],"build_version":"2018-09-20","purchased_purges":3,"victory":false,"max_hp_per_floor":[70,77,77,77,77,77,77,77,77,77,77,77,77,91,91,91,91,91,91,91,91,91,91,91,91,91,91,91,91,91,91,91,91],"card_choices":[{"not_picked":["Reflex","Outmaneuver"],"picked":"Blur","floor":1},{"not_picked":["Blur","Deflect"],"picked":"Prepared","floor":4},{"not_picked":["Dagger Throw","Poisoned Stab"],"picked":"Dodge and Roll","floor":5},{"not_picked":["Acrobatics","Cloak And Dagger"],"picked":"Poisoned Stab","floor":7},{"not_picked":["Caltrops","Backstab"],"picked":"Terror","floor":11},{"not_picked":["Setup","Leg Sweep","Expertise"],"picked":"SKIP","floor":13},{"not_picked":["Blade Dance","Prepared"],"picked":"Crippling Poison","floor":14},{"not_picked":["Wraith Form v2","Tools of the Trade"],"picked":"Die Die Die","floor":16},{"not_picked":["Sucker Punch","Acrobatics","Accuracy"],"picked":"SKIP","floor":18},{"not_picked":["Prepared","Catalyst"],"picked":"Deadly Poison+1","floor":19},{"not_picked":["Endless Agony","Flechettes"],"picked":"Distraction+1","floor":23},{"not_picked":["Dagger Throw+1","Terror+1"],"picked":"Poisoned Stab","floor":25},{"not_picked":["Cloak And Dagger+1","Bane"],"picked":"Bullet Time+1","floor":27},{"not_picked":["Night Terror+1","Underhanded Strike"],"picked":"Poisoned Stab","floor":29},{"not_picked":["Dagger Throw+1","Sucker Punch+1"],"picked":"Backflip+1","floor":31}],"player_experience":372152,"relics_obtained":[{"floor":2,"key":"Strawberry"},{"floor":9,"key":"Vajra"},{"floor":11,"key":"Anchor"},{"floor":14,"key":"Mango"},{"floor":23,"key":"Toxic Egg 2"},{"floor":26,"key":"Sundial"},{"floor":27,"key":"Art of War"},{"floor":29,"key":"Tiny Chest"}],"event_choices":[{"event_name":"The Cleric","player_choice":"Card Removal","floor":3,"damage_taken":0},{"event_name":"Transmorgrifier","player_choice":"Transform","floor":20,"damage_taken":0},{"event_name":"Bonfire Elementals","player_choice":"BASIC","floor":21,"damage_taken":0},{"event_name":"Back to Basics","player_choice":"Elegance","floor":28,"damage_taken":0}],"is_beta":false,"boss_relics":[{"not_picked":["White Beast Statue","Black Star"],"picked":"Philosopher\u0027s Stone"}],"items_purged_floors":[12,22,30],"is_endless":false,"potions_floor_spawned":[1,7,16,18,23,25,27],"killed_by":"Automaton","ascension_level":2}