{"gold_per_floor":[116,116,2,20,20,39,51,51,51,326,336,12,44,62,62,138,138,155,55,330,66,85,85,85,85,112,125,136,153,28,41,41,41],"floor_reached":33,"playtime":2861,"items_purged":["Strike_G","Regret","Regret"],"score":473,"play_id":"979b532b-57e7-4ae3-a64c-7a105541b513","local_time":"20190704003730","is_ascension_mode":true,"campfire_choices":[{"floor":8.0,"key":"REST"},{"floor":15.0,"key":"REST"},{"data":"1","floor":23,"key":"LIFT"},{"data":"2","floor":25,"key":"LIFT"},{"data":"3","floor":32,"key":"LIFT"}],"neow_cost":"NONE","seed_source_timestamp":981319379670135,"circlet_count":0,"master_deck":["AscendersBane","Strike_G","Strike_G","Strike_G","Defend_G","Defend_G","Defend_G","Defend_G","Defend_G","Survivor","Neutralize+1","Terror","Deadly Poison","Caltrops","Sucker Punch","PiercingWail","Dagger Spray","Endless Agony","Bouncing Flask","Footwork","Deadly Poison","Dash","Adrenaline","Deadly Poison+1","Backflip","Crippling Poison","Leg Sweep"],"special_seed":0,"relics":["Ring of the Snake","Girya","Anchor","Dead Branch","Coffee Dripper","Ninja Scroll","Ancient Tea Set"],"potions_floor_usage":[29,33,33],"damage_taken":[{"damage":7.0,"enemies":"Jaw Worm","floor":1.0,"turns":6.0},{"damage":0.0,"enemies":"Small Slimes","floor":4.0,"turns":5.0},{"damage":0.0,"enemies":"Cultist","floor":6.0,"turns":3.0},{"damage":13.0,"enemies":"Exordium Thugs","floor":7.0,"turns":7.0},{"damage":5.0,"enemies":"Lots of Slimes","floor":11.0,"turns":4.0},{"damage":26.0,"enemies":"3 Sentries","floor":13.0,"turns":10.0},{"damage":3.0,"enemies":"Gremlin Gang","floor":14.0,"turns":5.0},{"damage":30.0,"enemies":"The Guardian","floor":16.0,"turns":10.0},{"damage":0,"enemies":"Chosen","floor":18,"turns":2},{"damage":14,"enemies":"Spheric Guardian","floor":22,"turns":5},{"damage":2,"enemies":"Centurion and Healer","floor":27,"turns":4},{"damage":6,"enemies":"Snake Plant","floor":28,"turns":4},{"damage":12,"enemies":"Snecko","floor":29,"turns":3},{"damage":0,"enemies":"3 Cultists","floor":31,"turns":4},{"damage":29,"enemies":"Champ","floor":33,"turns":8}],"seed_played":"2959357504986007385","potions_obtained":[{"floor":6.0,"key":"Dexterity Potion"},{"floor":7.0,"key":"EssenceOfSteel"},{"floor":13.0,"key":"Regen Potion"},{"floor":14.0,"key":"AttackPotion"},{"floor":16.0,"key":"GhostInAJar"},{"floor":31,"key":"Dexterity Potion"}],"is_trial":false,"path_per_floor":["M","?","$","M","?","M","M","R","T","?","M","$","E","M","R","B",null,"M","$","?","$","M","R","$","R","T","M","M","M","$","M","R","B"],"character_chosen":"THE_SILENT","items_purchased":["Caltrops","Anchor","Bouncing Flask","Footwork","Ninja Scroll"],"campfire_rested":2,"item_purchase_floors":[3,12,12,12,21],"current_hp_per_floor":[52,52,52,52,34,34,21,40,40,40,35,35,9,21,40,10,52,52,52,52,52,38,38,38,38,38,36,30,18,18,18,18,0],"gold":41,"neow_bonus":"TRANSFORM_CARD","is_prod":false,"is_daily":false,"chose_seed":false,"campfire_upgraded":0,"win_rate":0,"timestamp":1562215050,"path_taken":["M","?","$","M","?","M","M","R","T","?","M","$","E","M","R","BOSS","M","$","?","?","?","R","$","R","T","?","?","M","$","M","R","BOSS"],"build_version":"2019-07-01","purchased_purges":3,"victory":false,"max_hp_per_floor":[66,66,66,66,66,66,66,66,66,66,66,66,66,66,66,66,66,66,66,66,66,66,66,66,66,66,66,66,66,66,66,66,66],"card_choices":[{"not_picked":["Catalyst","Setup"],"picked":"Deadly Poison","floor":1.0},{"not_picked":["Heel Hook","Deflect"],"picked":"Sucker Punch","floor":4.0},{"not_picked":["Backflip","Riddle With Holes"],"picked":"PiercingWail","floor":6.0},{"not_picked":["Backflip","Distraction"],"picked":"Dagger Spray","floor":7.0},{"not_picked":["Storm of Steel","Slice"],"picked":"Endless Agony","floor":11.0},{"not_picked":["Dodge and Roll","Tactician"],"picked":"Deadly Poison","floor":13.0},{"not_picked":["Escape Plan","Riddle With Holes"],"picked":"Dash","floor":14.0},{"not_picked":["Unload","Storm of Steel"],"picked":"Adrenaline","floor":16.0},{"not_picked":["Dagger Throw","Flying Knee"],"picked":"Deadly Poison+1","floor":18},{"not_picked":["Accuracy","Masterful Stab","Finisher"],"picked":"SKIP","floor":22},{"not_picked":["Acrobatics","Terror"],"picked":"Backflip","floor":27},{"not_picked":["Dash","Choke","Prepared"],"picked":"SKIP","floor":28},{"not_picked":["Prepared+1","Acrobatics"],"picked":"Crippling Poison","floor":29},{"not_picked":["Sucker Punch","Reflex"],"picked":"Leg Sweep","floor":31}],"player_experience":2381810,"relics_obtained":[{"floor":13.0,"key":"Dead Branch"},{"floor":26,"key":"Ancient Tea Set"}],"event_choices":[{"damage_healed":0.0,"max_hp_gain":0.0,"max_hp_loss":0.0,"gold_gain":0.0,"event_name":"Living Wall","player_choice":"Grow","floor":2.0,"gold_loss":0.0,"damage_taken":0.0,"cards_upgraded":["Neutralize"]},{"damage_healed":0.0,"max_hp_gain":0.0,"max_hp_loss":0.0,"gold_gain":0.0,"event_name":"Scrap Ooze","player_choice":"Success","floor":5.0,"gold_loss":0.0,"damage_taken":18.0,"relics_obtained":["Girya"]},{"damage_healed":0.0,"max_hp_gain":0.0,"max_hp_loss":0.0,"gold_gain":275.0,"event_name":"Golden Shrine","player_choice":"Desecrate","floor":10.0,"gold_loss":0.0,"damage_taken":0.0,"cards_obtained":["Regret"]},{"damage_healed":0,"gold_gain":275,"player_choice":"Desecrate","damage_taken":0,"max_hp_gain":0,"max_hp_loss":0,"event_name":"Golden Shrine","floor":20,"gold_loss":0,"cards_obtained":["Regret"]}],"is_beta":false,"boss_relics":[{"not_picked":["Ectoplasm","Black Star"],"picked":"Coffee Dripper"}],"items_purged_floors":[3,19,30],"is_endless":false,"potions_floor_spawned":[6,7,13,14,16,18,22,31],"killed_by":"Champ","ascension_level":18}