{"gold_per_floor":[15,27,302,5,16,49,49,65,111,129,159,174,174,194,194,298,298,315,331,341,136,148,148,32,32,32,44,319,353,376,401,413,425],"floor_reached":33,"playtime":2123,"items_purged":["Regret"],"score":379,"play_id":"61bf45ae-0da3-4919-b708-41a9f44615c2","local_time":"20190424145119","is_ascension_mode":true,"campfire_choices":[{"floor":7.0,"key":"REST"},{"floor":13.0,"key":"REST"},{"floor":15.0,"key":"REST"},{"floor":23.0,"key":"REST"},{"floor":32.0,"key":"REST"}],"neow_cost":"NO_GOLD","seed_source_timestamp":0,"circlet_count":0,"master_deck":["Defend_G","Defend_G","Defend_G","Defend_G","Defend_G","Strike_G","Strike_G","Strike_G","Strike_G","Strike_G","Survivor","Neutralize","Catalyst","Crippling Poison","Crippling Poison","Crippling Poison","Calculated Gamble","Backstab","Bane","Bouncing Flask","Malaise","Catalyst+1","PiercingWail","Acrobatics+1"],"special_seed":0,"relics":["Ring of the Snake","Dead Branch","Blood Vial","Blue Candle","Omamori","Sozu","TwistedFunnel","Tiny Chest","Gambling Chip","Letter Opener","MawBank"],"potions_floor_usage":[],"damage_taken":[{"damage":1.0,"enemies":"Small Slimes","floor":1.0,"turns":4.0},{"damage":4.0,"enemies":"Cultist","floor":2.0,"turns":4.0},{"damage":3.0,"enemies":"Jaw Worm","floor":5.0,"turns":4.0},{"damage":31.0,"enemies":"3 Sentries","floor":6.0,"turns":8.0},{"damage":0.0,"enemies":"Large Slime","floor":8.0,"turns":8.0},{"damage":0.0,"enemies":"Lots of Slimes","floor":10.0,"turns":3.0},{"damage":41.0,"enemies":"Lagavulin","floor":11.0,"turns":8.0},{"damage":9.0,"enemies":"2 Fungi Beasts","floor":12.0,"turns":2.0},{"damage":7.0,"enemies":"Large Slime","floor":14.0,"turns":5.0},{"damage":50.0,"enemies":"Slime Boss","floor":16.0,"turns":10.0},{"damage":17.0,"enemies":"Spheric Guardian","floor":18.0,"turns":7.0},{"damage":14.0,"enemies":"2 Thieves","floor":19.0,"turns":3.0},{"damage":10.0,"enemies":"Centurion and Healer","floor":20.0,"turns":6.0},{"damage":8.0,"enemies":"Chosen and Byrds","floor":22.0,"turns":3.0},{"damage":3.0,"enemies":"Snake Plant","floor":27.0,"turns":4.0},{"damage":1.0,"enemies":"Gremlin Leader","floor":29.0,"turns":5.0},{"damage":0.0,"enemies":"Snecko","floor":30.0,"turns":2.0},{"damage":11.0,"enemies":"Centurion and Healer","floor":31.0,"turns":5.0},{"damage":66,"enemies":"Champ","floor":33,"turns":9}],"seed_played":"7839068542463798266","potions_obtained":[{"floor":1.0,"key":"SpeedPotion"},{"floor":2.0,"key":"GamblersBrew"},{"floor":8.0,"key":"Block Potion"},{"floor":11.0,"key":"Poison Potion"}],"is_trial":false,"path_per_floor":["M","M","?","$","M","E","R","M","T","M","E","M","R","M","R","B",null,"M","M","M","$","M","R","$","T","T","M","?","E","M","M","R","B"],"character_chosen":"THE_SILENT","items_purchased":["Crippling Poison","Blood Vial","TwistedFunnel","Tiny Chest"],"campfire_rested":5,"item_purchase_floors":[4,4,21,24],"current_hp_per_floor":[69,65,65,65,64,35,56,58,58,60,21,14,35,30,51,3,53,38,26,18,18,12,33,33,33,33,32,32,33,35,26,47,0],"gold":425,"neow_bonus":"ONE_RARE_RELIC","is_prod":false,"is_daily":false,"chose_seed":false,"campfire_upgraded":0,"win_rate":0,"timestamp":1556106679,"path_taken":["M","M","?","?","?","E","R","M","T","M","E","M","R","M","R","BOSS","M","M","M","$","?","R","?","?","T","M","?","E","?","M","R","BOSS"],"build_version":"2019-01-23","purchased_purges":1,"victory":false,"max_hp_per_floor":[70,70,70,70,70,70,70,70,70,70,70,70,70,70,70,70,70,70,70,70,70,70,70,70,70,70,70,70,70,70,70,70,70],"card_choices":[{"not_picked":["Underhanded Strike","Slice"],"picked":"Catalyst","floor":1.0},{"not_picked":["Terror","Prepared"],"picked":"Crippling Poison","floor":2.0},{"not_picked":["Backflip","Dagger Spray"],"picked":"Crippling Poison","floor":5.0},{"not_picked":["Dash","Tactician"],"picked":"Calculated Gamble","floor":6.0},{"not_picked":["Tactician","Flechettes"],"picked":"Backstab","floor":8.0},{"not_picked":["Reflex","Outmaneuver"],"picked":"Bane","floor":10.0},{"not_picked":["Heel Hook","Phantasmal Killer"],"picked":"Bouncing Flask","floor":11.0},{"not_picked":["Dodge and Roll","Setup","Choke"],"picked":"SKIP","floor":12.0},{"not_picked":["Prepared","Riddle With Holes","Dagger Spray"],"picked":"SKIP","floor":14.0},{"not_picked":["Die Die Die","A Thousand Cuts"],"picked":"Malaise","floor":16.0},{"not_picked":["Backflip","Leg Sweep"],"picked":"Catalyst+1","floor":18.0},{"not_picked":["Dagger Spray","Escape Plan"],"picked":"PiercingWail","floor":19.0},{"not_picked":["Slice","Flying Knee"],"picked":"Acrobatics+1","floor":20.0},{"not_picked":["Escape Plan","Acrobatics+1","Blade Dance"],"picked":"SKIP","floor":22.0},{"not_picked":["Dagger Spray","Expertise","Riddle With Holes"],"picked":"SKIP","floor":27.0},{"not_picked":["Accuracy","Concentrate","Reflex"],"picked":"SKIP","floor":29.0},{"not_picked":["Flechettes","Finisher","Expertise"],"picked":"SKIP","floor":30.0},{"not_picked":["Quick Slash","Backflip","Dagger Throw+1"],"picked":"SKIP","floor":31.0}],"player_experience":588080,"relics_obtained":[{"floor":6.0,"key":"Blue Candle"},{"floor":11.0,"key":"Omamori"},{"floor":25.0,"key":"Gambling Chip"},{"floor":26.0,"key":"Letter Opener"},{"floor":29.0,"key":"MawBank"}],"event_choices":[{"damage_healed":0.0,"max_hp_gain":0.0,"max_hp_loss":0.0,"gold_gain":275.0,"event_name":"Golden Shrine","player_choice":"Desecrate","floor":3.0,"gold_loss":0.0,"damage_taken":0.0,"cards_obtained":["Regret"]},{"damage_healed":0.0,"max_hp_gain":0.0,"max_hp_loss":0.0,"gold_gain":275.0,"event_name":"Golden Shrine","player_choice":"Desecrate","floor":28.0,"gold_loss":0.0,"damage_taken":0.0,"cards_obtained":["Regret"]}],"is_beta":false,"boss_relics":[{"not_picked":["Fusion Hammer","Runic Pyramid"],"picked":"Sozu"}],"items_purged_floors":[4],"is_endless":false,"potions_floor_spawned":[1,2,8,11,19,20,22,30],"killed_by":"Champ","ascension_level":5}