{"gold_per_floor":[118,46,46,60,60,60,95,121,145,72,90,90,110,139,139,235,235,254,254,194],"floor_reached":20,"playtime":920,"items_purged":[],"score":256,"play_id":"e28ea442-5f66-41ae-bafd-fbc9b129711f","local_time":"20190517134040","is_ascension_mode":true,"campfire_choices":[{"data":"Noxious Fumes","floor":6.0,"key":"SMITH"},{"floor":12.0,"key":"REST"},{"floor":15.0,"key":"REST"}],"neow_cost":"NONE","seed_source_timestamp":0,"circlet_count":0,"master_deck":["Defend_G","Defend_G","Defend_G+1","Defend_G","Defend_G","Strike_G","Strike_G","Strike_G","Survivor+1","Neutralize","Heel Hook","Noxious Fumes+1","Deadly Poison","Dodge and Roll","Noxious Fumes","Bouncing Flask","Corpse Explosion","Blur","Footwork","Calculated Gamble"],"special_seed":0,"relics":["Ring of the Snake","NeowsBlessing","Blood Vial","War Paint","Ginger","Odd Mushroom","Oddly Smooth Stone","Potion Belt","White Beast Statue"],"potions_floor_usage":[18,20],"damage_taken":[{"damage":0.0,"enemies":"2 Louse","floor":1.0,"turns":1.0},{"damage":0.0,"enemies":"Cultist","floor":4.0,"turns":1.0},{"damage":0.0,"enemies":"Lagavulin","floor":7.0,"turns":1.0},{"damage":41.0,"enemies":"The Mushroom Lair","floor":8.0,"turns":5.0},{"damage":0.0,"enemies":"Jaw Worm","floor":11.0,"turns":4.0},{"damage":0.0,"enemies":"Large Slime","floor":13.0,"turns":5.0},{"damage":32.0,"enemies":"Gremlin Nob","floor":14.0,"turns":5.0},{"damage":33.0,"enemies":"The Guardian","floor":16.0,"turns":10.0},{"damage":54,"enemies":"3 Byrds","floor":18,"turns":6},{"damage":0,"enemies":"2 Thieves","floor":20,"turns":3}],"seed_played":"-56555023570956247","potions_obtained":[{"floor":1.0,"key":"LiquidBronze"},{"floor":7.0,"key":"Strength Potion"},{"floor":11.0,"key":"Explosive Potion"},{"floor":16.0,"key":"SteroidPotion"},{"floor":18,"key":"Swift Potion"}],"is_trial":false,"path_per_floor":["M","$","?","M","?","R","E","?","T","$","M","R","M","E","R","B",null,"M","?","M"],"character_chosen":"THE_SILENT","items_purchased":["Noxious Fumes","Noxious Fumes"],"campfire_rested":2,"item_purchase_floors":[2,10],"current_hp_per_floor":[70,70,70,70,63,63,65,26,26,26,28,49,51,21,42,11,55,3,3,5],"gold":194,"neow_bonus":"THREE_ENEMY_KILL","is_prod":false,"is_daily":false,"chose_seed":false,"campfire_upgraded":1,"win_rate":0,"timestamp":1558089640,"path_taken":["M","$","?","?","?","R","E","?","T","?","?","R","M","E","R","BOSS","M","?","M"],"build_version":"2019-01-23","purchased_purges":0,"victory":false,"max_hp_per_floor":[70,70,70,70,70,70,70,70,70,70,70,70,70,70,70,70,70,70,70,70],"card_choices":[{"not_picked":["Expertise","Acrobatics"],"picked":"Heel Hook","floor":1.0},{"not_picked":["Poisoned Stab","PiercingWail"],"picked":"Deadly Poison","floor":4.0},{"not_picked":["Underhanded Strike","Bane"],"picked":"Dodge and Roll","floor":7.0},{"not_picked":["Blade Dance","Bane"],"picked":"Bouncing Flask","floor":11.0},{"not_picked":["Wraith Form v2","Outmaneuver","Predator"],"picked":"SKIP","floor":13.0},{"not_picked":["Acrobatics","Eviscerate","Dagger Throw"],"picked":"SKIP","floor":14.0},{"not_picked":["Storm of Steel","Venomology"],"picked":"Corpse Explosion","floor":16.0},{"not_picked":["Bane","Underhanded Strike"],"picked":"Blur","floor":18}],"player_experience":614392,"relics_obtained":[{"floor":7.0,"key":"Ginger"},{"floor":8.0,"key":"Odd Mushroom"},{"floor":9.0,"key":"Oddly Smooth Stone"},{"floor":14.0,"key":"Potion Belt"}],"event_choices":[{"damage_healed":0.0,"max_hp_gain":0.0,"max_hp_loss":0.0,"gold_gain":0.0,"event_name":"WeMeetAgain","player_choice":"Gave Potion","floor":3.0,"gold_loss":0.0,"damage_taken":0.0,"relics_obtained":["Blood Vial"]},{"damage_healed":0.0,"max_hp_gain":0.0,"max_hp_loss":0.0,"gold_gain":0.0,"event_name":"Scrap Ooze","player_choice":"Success","floor":5.0,"gold_loss":0.0,"damage_taken":7.0,"relics_obtained":["War Paint"]},{"damage_healed":0.0,"max_hp_gain":0.0,"max_hp_loss":0.0,"gold_gain":0.0,"event_name":"Mushrooms","player_choice":"Fought Mushrooms","floor":8.0,"gold_loss":0.0,"damage_taken":0.0},{"damage_healed":0,"gold_gain":0,"cards_transformed":["Strike_G","Strike_G"],"player_choice":"Became Test Subject","damage_taken":0,"max_hp_gain":0,"max_hp_loss":0,"event_name":"Drug Dealer","floor":19,"gold_loss":0,"cards_obtained":["Footwork","Calculated Gamble"]}],"is_beta":false,"boss_relics":[{"not_picked":["Eternal Feather","Coffee Dripper"],"picked":"White Beast Statue"}],"items_purged_floors":[],"is_endless":false,"potions_floor_spawned":[1,7,11,16,18],"killed_by":"2 Thieves","ascension_level":5}