{"gold_per_floor":[119,119,132,5,21,21,21,21,44,44,44,76,90,103,103,203,203,213,230,240,165,165,165,175,175,175,193,207,207,107,134,134,134],"floor_reached":33,"playtime":1296,"items_purged":["Writhe","Shame"],"score":292,"play_id":"cd2f30c5-f8d3-4982-9a9c-17a9b510b5e0","local_time":"20190709181711","is_ascension_mode":false,"campfire_choices":[{"data":"Bash","floor":6,"key":"SMITH"},{"data":"Shrug It Off","floor":8,"key":"SMITH"},{"data":"Flex","floor":11,"key":"SMITH"},{"data":"Armaments","floor":15,"key":"SMITH"},{"floor":23,"key":"RECALL"},{"floor":25,"key":"REST"},{"floor":29,"key":"REST"},{"floor":32,"key":"REST"}],"neow_cost":"CURSE","seed_source_timestamp":14940148190230,"circlet_count":0,"master_deck":["Strike_R","Strike_R","Strike_R","Strike_R","Strike_R","Defend_R","Defend_R","Defend_R","Bash+1","Double Tap+1","Battle Trance","Shrug It Off+1","Flex+1","Carnage","Armaments+1","Offering","Pommel Strike+1","Headbutt+1","Ghostly Armor+1","Warcry+1","Rupture"],"relics":["Burning Blood","Anchor","Bag of Marbles","Fusion Hammer","Juzu Bracelet","Meat on the Bone"],"potions_floor_usage":[20,31,31,33],"damage_taken":[{"damage":10,"enemies":"Small Slimes","floor":1,"turns":5},{"damage":1,"enemies":"Cultist","floor":3,"turns":3},{"damage":0,"enemies":"2 Louse","floor":5,"turns":4},{"damage":22,"enemies":"Gremlin Nob","floor":12,"turns":5},{"damage":2,"enemies":"Exordium Wildlife","floor":13,"turns":4},{"damage":0,"enemies":"3 Louse","floor":14,"turns":3},{"damage":23,"enemies":"The Guardian","floor":16,"turns":11},{"damage":0,"enemies":"Chosen","floor":18,"turns":5},{"damage":6,"enemies":"3 Byrds","floor":19,"turns":4},{"damage":9,"enemies":"Sentry and Sphere","floor":20,"turns":5},{"damage":12,"enemies":"Centurion and Healer","floor":24,"turns":3},{"damage":10,"enemies":"Shelled Parasite and Fungi","floor":27,"turns":5},{"damage":0,"enemies":"Snake Plant","floor":28,"turns":3},{"damage":6,"enemies":"Slavers","floor":31,"turns":4},{"damage":80,"enemies":"Automaton","floor":33,"turns":10}],"seed_played":"-140131249132089067","potions_obtained":[{"floor":13,"key":"Dexterity Potion"},{"floor":14,"key":"Fire Potion"},{"floor":19,"key":"SpeedPotion"},{"floor":24,"key":"FearPotion"},{"floor":27,"key":"EssenceOfSteel"},{"floor":28,"key":"Strength Potion"}],"is_trial":false,"path_per_floor":["M","?","M","$","M","R","?","R","T","$","R","E","M","M","R","B",null,"M","M","M","?","?","R","M","R","T","M","M","R","$","E","R","B"],"character_chosen":"IRONCLAD","items_purchased":["True Grit"],"campfire_rested":3,"item_purchase_floors":[4],"current_hp_per_floor":[76,76,80,80,80,80,80,80,80,80,80,64,68,74,74,57,80,80,80,77,77,77,77,71,80,80,76,80,80,80,80,80,0],"gold":134,"neow_bonus":"THREE_RARE_CARDS","is_prod":false,"is_daily":false,"chose_seed":false,"campfire_upgraded":4,"win_rate":0,"timestamp":1562689031,"path_taken":["M","?","?","$","M","R","?","R","T","?","R","E","?","M","R","BOSS","M","?","M","?","?","R","M","R","T","M","M","R","$","E","R","BOSS"],"build_version":"2019-07-05","purchased_purges":2,"victory":false,"max_hp_per_floor":[80,80,80,80,80,80,80,80,80,80,80,80,80,80,80,80,80,80,80,80,80,80,80,80,80,80,80,80,80,80,80,80,80],"card_choices":[{"not_picked":["Impervious","Barricade"],"picked":"Double Tap","floor":0},{"not_picked":["Perfected Strike","Searing Blow"],"picked":"Battle Trance","floor":1},{"not_picked":["Spot Weakness","Flame Barrier"],"picked":"Shrug It Off","floor":3},{"not_picked":["True Grit","Warcry"],"picked":"Flex","floor":5},{"not_picked":["Flame Barrier","Dual Wield","Shrug It Off"],"picked":"SKIP","floor":12},{"not_picked":["Cleave","Body Slam"],"picked":"Carnage","floor":13},{"not_picked":["Warcry","Limit Break"],"picked":"Armaments","floor":14},{"not_picked":["Berserk","Demon Form"],"picked":"Offering","floor":16},{"not_picked":["Heavy Blade","Twin Strike+1"],"picked":"Pommel Strike+1","floor":18},{"not_picked":["Dual Wield+1","Reaper"],"picked":"Headbutt+1","floor":19},{"not_picked":["Twin Strike","Thunderclap","Bloodletting"],"picked":"SKIP","floor":20},{"not_picked":["Reckless Charge","Spot Weakness"],"picked":"Ghostly Armor+1","floor":24},{"not_picked":["Armaments","Clash"],"picked":"Warcry+1","floor":27},{"not_picked":["Rampage","Entrench","Cleave"],"picked":"SKIP","floor":28},{"not_picked":["Brutality","Armaments"],"picked":"Rupture","floor":31}],"player_experience":45613,"relics_obtained":[{"floor":9,"key":"Anchor"},{"floor":12,"key":"Bag of Marbles"},{"floor":31,"key":"Meat on the Bone"}],"event_choices":[{"damage_healed":0,"gold_gain":0,"player_choice":"Upgraded","damage_taken":0,"max_hp_gain":0,"max_hp_loss":0,"event_name":"Upgrade Shrine","floor":2,"gold_loss":0,"cards_upgraded":["Double Tap"]},{"cards_removed":["True Grit"],"damage_healed":5,"gold_gain":0,"player_choice":"Offered Common","damage_taken":0,"max_hp_gain":0,"max_hp_loss":0,"event_name":"Bonfire Elementals","floor":7,"gold_loss":0},{"cards_removed":["True Grit"],"damage_healed":5,"gold_gain":0,"player_choice":"Offered Special","damage_taken":0,"max_hp_gain":0,"max_hp_loss":0,"event_name":"Bonfire Elementals","floor":7,"gold_loss":0},{"cards_removed":["Defend_R"],"damage_healed":0,"gold_gain":0,"player_choice":"Gave Gold","damage_taken":0,"max_hp_gain":0,"max_hp_loss":0,"event_name":"Beggar","floor":21,"gold_loss":75},{"damage_healed":0,"gold_gain":0,"player_choice":"Stole Relic","damage_taken":0,"relics_obtained":["Juzu Bracelet"],"max_hp_gain":0,"max_hp_loss":0,"event_name":"Addict","floor":22,"gold_loss":0,"cards_obtained":["Shame"]}],"is_beta":false,"boss_relics":[{"not_picked":["Black Star","Black Blood"],"picked":"Fusion Hammer"}],"items_purged_floors":[4,30],"is_endless":false,"potions_floor_spawned":[13,14,19,24,27,28],"killed_by":"Automaton","ascension_level":0}