{"gold_per_floor":[114,125,141,141,151,151,181,200,200,165,165,178,178,253,253,349,349,360,360,435,447,458,485,485,63,63,63,63,63,14,27,27,124,124,142,142,142],"floor_reached":37,"playtime":1382,"items_purged":["Writhe"],"score":546,"play_id":"9cbbe017-7b42-4e4f-b39c-150241549ea6","local_time":"20190402184420","is_ascension_mode":true,"campfire_choices":[{"floor":6,"key":"RECALL"},{"data":"Zap","floor":11,"key":"SMITH"},{"floor":15,"key":"REST"},{"floor":24,"key":"REST"},{"data":"Chill","floor":28,"key":"SMITH"},{"floor":32,"key":"REST"}],"neow_cost":"NONE","seed_source_timestamp":37640009496100,"circlet_count":0,"master_deck":["Zap+1","Dualcast","Capacitor","Steam+1","White Noise+1","Self Repair","Loop+1","Coolheaded","Chill+1","Multi-Cast","Heatsinks","Reboot","Reinforced Body","Scrape","Sunder","Seek","Stack","Capacitor","Cold Snap","Coolheaded","Melter+1","Leap+1","Loop","Buffer","Madness","Madness"],"relics":["FrozenCore","NeowsBlessing","Mercury Hourglass","Pandora\u0027s Box","Bag of Marbles","Kunai","Bronze Scales","ClockworkSouvenir","StoneCalendar"],"potions_floor_usage":[12,16,16,23,23,33,35,35],"damage_taken":[{"damage":0,"enemies":"Cultist","floor":1,"turns":1},{"damage":0,"enemies":"2 Louse","floor":2,"turns":1},{"damage":0,"enemies":"Small Slimes","floor":3,"turns":1},{"damage":5,"enemies":"3 Louse","floor":5,"turns":3},{"damage":40,"enemies":"Gremlin Nob","floor":7,"turns":5},{"damage":7,"enemies":"2 Fungi Beasts","floor":8,"turns":4},{"damage":4,"enemies":"Blue Slaver","floor":12,"turns":3},{"damage":26,"enemies":"Hexaghost","floor":16,"turns":7},{"damage":6,"enemies":"Chosen","floor":18,"turns":5},{"damage":0,"enemies":"Shell Parasite","floor":21,"turns":7},{"damage":30,"enemies":"Snake Plant","floor":22,"turns":5},{"damage":34,"enemies":"Slavers","floor":23,"turns":6},{"damage":24,"enemies":"Snecko","floor":31,"turns":6},{"damage":0,"enemies":"Champ","floor":33,"turns":10},{"damage":1,"enemies":"3 Shapes","floor":35,"turns":4},{"damage":79,"enemies":"2 Orb Walkers","floor":37,"turns":5}],"seed_played":"253154677699666081","potions_obtained":[{"floor":2,"key":"Energy Potion"},{"floor":7,"key":"FocusPotion"},{"floor":12,"key":"AttackPotion"},{"floor":16,"key":"Poison Potion"},{"floor":18,"key":"LiquidBronze"},{"floor":22,"key":"GamblersBrew"},{"floor":23,"key":"Explosive Potion"},{"floor":35,"key":"LiquidBronze"}],"is_trial":false,"path_per_floor":["M","M","M","?","M","R","E","M","T","?","R","M","?","?","R","B",null,"M","?","?","M","M","E","R","$","T","?","R","?","$","M","R","B",null,"M","?","?"],"character_chosen":"DEFECT","items_purchased":["Bronze Scales","ClockworkSouvenir","Explosive Potion"],"campfire_rested":3,"item_purchase_floors":[25,25,30],"current_hp_per_floor":[75,75,75,75,70,70,37,37,37,55,55,58,43,32,54,35,65,66,66,59,66,43,16,38,38,38,63,63,63,63,46,68,75,75,75,66,0],"gold":142,"neow_bonus":"THREE_ENEMY_KILL","is_prod":false,"is_daily":false,"chose_seed":false,"campfire_upgraded":2,"win_rate":0,"timestamp":1554219860,"path_taken":["M","M","M","?","M","R","E","M","T","?","R","M","?","?","R","BOSS","M","?","?","?","?","E","R","?","T","?","R","?","$","M","R","BOSS","M","?","?"],"build_version":"2019-01-23","purchased_purges":1,"victory":false,"max_hp_per_floor":[75,75,75,75,75,75,75,75,75,75,75,75,75,75,75,75,75,75,75,75,75,75,75,75,75,75,75,75,75,75,75,75,75,75,75,75,75],"card_choices":[{"not_picked":["Gash","Beam Cell"],"picked":"Capacitor","floor":1},{"not_picked":["Auto Shields","Go for the Eyes"],"picked":"Steam","floor":2},{"not_picked":["Fusion","Beam Cell"],"picked":"White Noise","floor":3},{"not_picked":["Streamline","Beam Cell"],"picked":"Self Repair","floor":5},{"not_picked":["Cold Snap","Force Field"],"picked":"Loop","floor":7},{"not_picked":["Double Energy","Turbo"],"picked":"Coolheaded","floor":8},{"not_picked":["Darkness","Stack"],"picked":"Chill","floor":12},{"not_picked":["Seek","Core Surge"],"picked":"Multi-Cast","floor":16},{"not_picked":["Reprogram+1","Hologram+1"],"picked":"Cold Snap","floor":18},{"not_picked":["Ball Lightning","Go for the Eyes"],"picked":"Coolheaded","floor":21},{"not_picked":["Gash","Redo"],"picked":"Melter+1","floor":22},{"not_picked":["Meteor Strike","Streamline"],"picked":"Leap+1","floor":23},{"not_picked":["Steam","Leap+1"],"picked":"Loop","floor":31},{"not_picked":["Biased Cognition","Seek"],"picked":"Buffer","floor":33},{"not_picked":["Compile Driver","Rebound","Gash"],"picked":"SKIP","floor":35}],"player_experience":513115,"relics_obtained":[{"floor":7,"key":"Mercury Hourglass"},{"floor":23,"key":"Kunai"},{"floor":26,"key":"StoneCalendar"}],"event_choices":[{"damage_healed":0,"gold_gain":0,"player_choice":"Grow","damage_taken":0,"max_hp_gain":0,"max_hp_loss":0,"event_name":"Living Wall","floor":4,"gold_loss":0,"cards_upgraded":["White Noise"]},{"damage_healed":18,"gold_gain":0,"player_choice":"Healed","damage_taken":0,"max_hp_gain":0,"max_hp_loss":0,"event_name":"The Cleric","floor":10,"gold_loss":35},{"damage_healed":0,"gold_gain":0,"player_choice":"Entered Light","damage_taken":15,"max_hp_gain":0,"max_hp_loss":0,"event_name":"Shining Light","floor":13,"gold_loss":0,"cards_upgraded":["Steam","Loop"]},{"damage_healed":0,"gold_gain":75,"player_choice":"Gather Gold","damage_taken":11,"max_hp_gain":0,"max_hp_loss":0,"event_name":"World of Goop","floor":14,"gold_loss":0},{"damage_healed":0,"gold_gain":0,"player_choice":"Opened","damage_taken":0,"relics_obtained":["Bag of Marbles"],"max_hp_gain":0,"max_hp_loss":0,"event_name":"The Mausoleum","floor":19,"gold_loss":0,"cards_obtained":["Writhe"]},{"damage_healed":0,"gold_gain":75,"player_choice":"Touch","damage_taken":7,"max_hp_gain":0,"max_hp_loss":0,"event_name":"FaceTrader","floor":20,"gold_loss":0},{"damage_healed":25,"gold_gain":0,"player_choice":"Heal","damage_taken":0,"max_hp_gain":0,"max_hp_loss":0,"event_name":"The Library","floor":27,"gold_loss":0},{"damage_healed":0,"gold_gain":0,"player_choice":"Ignored","damage_taken":0,"max_hp_gain":0,"max_hp_loss":0,"event_name":"Beggar","floor":29,"gold_loss":0},{"damage_healed":0,"gold_gain":0,"player_choice":"Embrace Madness","damage_taken":9,"max_hp_gain":0,"max_hp_loss":0,"event_name":"Winding Halls","floor":36,"gold_loss":0,"cards_obtained":["Madness","Madness"]},{"damage_healed":0,"gold_gain":0,"player_choice":"Fight","damage_taken":0,"max_hp_gain":0,"max_hp_loss":0,"event_name":"Mysterious Sphere","floor":37,"gold_loss":0}],"is_beta":false,"boss_relics":[{"not_picked":["Coffee Dripper","Runic Dome"],"picked":"Pandora\u0027s Box"},{"not_picked":["Velvet Choker","Sozu"],"picked":"FrozenCore"}],"items_purged_floors":[25],"is_endless":false,"potions_floor_spawned":[2,7,12,16,18,22,23,35],"killed_by":"2 Orb Walkers","ascension_level":5}