{"gold_per_floor":[114,114,64,64,83,124,124,147,147,186,202,7,27,27,27,150,150,175,4,4,4,19,119,119,133,133,168,179,193,193,243,243,343,343,362,379,13,33,43,43,56,75,75,75,95,115,24,35,35,35],"floor_reached":50,"playtime":4990,"items_purged":["Strike_B","Strike_B+1"],"score":503,"play_id":"0e625fb7-874b-4df8-9bd7-001b16f2b864","local_time":"20181217221601","is_ascension_mode":false,"campfire_choices":[{"data":"Rainbow","floor":7,"key":"SMITH"},{"floor":15,"key":"REST"},{"floor":24,"key":"REST"},{"floor":30,"key":"REST"},{"floor":32,"key":"REST"},{"floor":40,"key":"REST"},{"floor":44,"key":"REST"},{"floor":49,"key":"REST"}],"neow_cost":"NONE","seed_source_timestamp":255804568926273,"circlet_count":0,"master_deck":["Defend_B","Defend_B","Defend_B","Defend_B","Zap","Dualcast","Go for the Eyes","Blizzard","Coolheaded","Rainbow+1","Coolheaded","Turbo","Rebound+1","Madness+1","Go for the Eyes","Rebound","Echo Form","Defragment","Go for the Eyes","Capacitor","Turbo+1","Barrage+1","Coolheaded+1","Creative AI","Barrage+1","Barrage+1","Blizzard+1","Parasite","Double Energy+1","Blizzard+1","Forethought"],"relics":["Cracked Core","Bloody Idol","Singing Bowl","Dodecahedron","Ginger","Fusion Hammer","Regal Pillow","Cables","Molten Egg 2","Inserter","Bottled Tornado","Mummified Hand"],"potions_floor_usage":[6,6,13,22,28,29,33,38,41,48,50],"damage_taken":[{"damage":7,"enemies":"2 Louse","floor":1,"turns":3},{"damage":0,"enemies":"Small Slimes","floor":5,"turns":4},{"damage":20,"enemies":"Gremlin Nob","floor":6,"turns":4},{"damage":4,"enemies":"Jaw Worm","floor":8,"turns":4},{"damage":26,"enemies":"Lagavulin","floor":10,"turns":7},{"damage":8,"enemies":"Looter","floor":11,"turns":3},{"damage":1,"enemies":"Large Slime","floor":13,"turns":6},{"damage":17,"enemies":"Slime Boss","floor":16,"turns":9},{"damage":9,"enemies":"Spheric Guardian","floor":18,"turns":4},{"damage":6,"enemies":"Chosen","floor":22,"turns":3},{"damage":26,"enemies":"Shelled Parasite and Fungi","floor":25,"turns":6},{"damage":19,"enemies":"Book of Stabbing","floor":27,"turns":5},{"damage":8,"enemies":"Snake Plant","floor":28,"turns":5},{"damage":9,"enemies":"Snecko","floor":29,"turns":5},{"damage":82,"enemies":"Collector","floor":33,"turns":12},{"damage":58,"enemies":"3 Shapes","floor":35,"turns":3},{"damage":16,"enemies":"Orb Walker","floor":36,"turns":6},{"damage":9,"enemies":"Transient","floor":38,"turns":5},{"damage":15,"enemies":"Writhing Mass","floor":39,"turns":5},{"damage":26,"enemies":"3 Darklings","floor":41,"turns":7},{"damage":51,"enemies":"Transient","floor":42,"turns":5},{"damage":32,"enemies":"Spire Growth","floor":45,"turns":6},{"damage":14,"enemies":"Maw","floor":46,"turns":6},{"damage":24,"enemies":"Jaw Worm Horde","floor":48,"turns":4},{"damage":66,"enemies":"Awakened One","floor":50,"turns":3}],"seed_played":"-5017981047780864789","potions_obtained":[{"floor":1,"key":"PowerPotion"},{"floor":5,"key":"FearPotion"},{"floor":11,"key":"Regen Potion"},{"floor":16,"key":"Energy Potion"},{"floor":18,"key":"Poison Potion"},{"floor":27,"key":"Fruit Juice"},{"floor":29,"key":"SteroidPotion"},{"floor":36,"key":"Poison Potion"},{"floor":39,"key":"Fruit Juice"},{"floor":41,"key":"FairyPotion"},{"floor":46,"key":"Explosive Potion"},{"floor":48,"key":"SteroidPotion"}],"is_trial":false,"path_per_floor":["M","?","?","?","M","E","R","M","T","E","M","$","M","?","R","B",null,"M","$","?","?","M","?","R","M","T","E","M","M","R","?","R","B",null,"M","M","$","M","M","R","M","M","T","R","M","M","$","M","R","B"],"character_chosen":"DEFECT","items_purchased":["Madness","Go for the Eyes","Regal Pillow","Go for the Eyes","Bottled Tornado","Barrage+1","Forethought"],"campfire_rested":7,"item_purchase_floors":[12,12,19,19,37,37,47],"current_hp_per_floor":[75,75,75,75,75,55,55,51,51,25,17,17,31,16,38,21,76,67,67,67,67,68,73,78,57,57,43,45,41,80,83,83,6,83,30,21,21,17,9,50,34,16,16,59,32,25,25,8,52,0],"gold":35,"neow_bonus":"TEN_PERCENT_HP_BONUS","is_prod":false,"is_daily":false,"chose_seed":false,"campfire_upgraded":1,"win_rate":0,"timestamp":1545106561,"path_taken":["M","?","?","?","?","E","R","M","T","E","M","$","M","?","R","BOSS","M","$","?","?","?","?","R","M","T","E","?","M","R","?","R","BOSS","M","M","$","?","M","R","M","M","T","R","?","M","$","M","R","BOSS"],"build_version":"2018-12-13","purchased_purges":2,"victory":false,"max_hp_per_floor":[82,76,76,76,76,76,76,76,76,76,76,76,76,76,76,76,76,76,76,76,76,78,78,78,78,78,78,83,83,83,83,83,83,83,83,85,85,85,87,87,92,94,94,94,94,96,96,98,98,98],"card_choices":[{"not_picked":["White Noise","Ball Lightning"],"picked":"Go for the Eyes","floor":1},{"not_picked":["Auto Shields","Conserve Battery"],"picked":"Coolheaded","floor":5},{"not_picked":["Cold Snap","Leap"],"picked":"Rainbow","floor":6},{"not_picked":["Cold Snap","Go for the Eyes"],"picked":"Coolheaded","floor":8},{"not_picked":["Doom and Gloom","Hyperbeam"],"picked":"Turbo","floor":10},{"not_picked":["Sunder","Storm"],"picked":"Rebound","floor":11},{"not_picked":["Turbo","Streamline"],"picked":"Rebound","floor":13},{"not_picked":["Meteor Strike","Core Surge"],"picked":"Echo Form","floor":16},{"not_picked":["Rip and Tear","Gash"],"picked":"Defragment","floor":18},{"not_picked":["Conserve Battery","Sweeping Beam","Self Repair"],"picked":"Singing Bowl","floor":22},{"not_picked":["Hologram","Stack"],"picked":"Capacitor","floor":25},{"not_picked":["Leap+1","Rip and Tear"],"picked":"Turbo+1","floor":27},{"not_picked":["Cold Snap+1","Tempest"],"picked":"Barrage+1","floor":28},{"not_picked":["Recycle","Self Repair"],"picked":"Coolheaded+1","floor":29},{"not_picked":["Electrodynamics","Rainbow"],"picked":"Creative AI","floor":33},{"not_picked":["Defragment+1","Turbo"],"picked":"Barrage+1","floor":35},{"not_picked":["Conserve Battery+1","Hologram","Loop"],"picked":"Singing Bowl","floor":36},{"not_picked":["Hologram+1","Cold Snap+1"],"picked":"Blizzard+1","floor":38},{"not_picked":["Conserve Battery","Self Repair","Beam Cell+1"],"picked":"Singing Bowl","floor":39},{"not_picked":["Fusion","Steam+1"],"picked":"Double Energy+1","floor":41},{"not_picked":["Compile Driver+1","Biased Cognition","Stack+1"],"picked":"Singing Bowl","floor":42},{"not_picked":["Sweeping Beam+1","Darkness+1"],"picked":"Blizzard+1","floor":45},{"not_picked":["Beam Cell+1","Steam+1","Rebound+1"],"picked":"Singing Bowl","floor":46},{"not_picked":["Genetic Algorithm+1","Leap+1","Scrape+1"],"picked":"Singing Bowl","floor":48}],"player_experience":181062,"relics_obtained":[{"floor":6,"key":"Singing Bowl"},{"floor":9,"key":"Dodecahedron"},{"floor":10,"key":"Ginger"},{"floor":26,"key":"Cables"},{"floor":27,"key":"Molten Egg 2"},{"floor":43,"key":"Mummified Hand"}],"event_choices":[{"damage_healed":0,"gold_gain":0,"player_choice":"Lose Max HP","damage_taken":0,"relics_obtained":["Golden Idol"],"max_hp_gain":0,"max_hp_loss":6,"event_name":"Golden Idol","floor":2,"gold_loss":0},{"cards_removed":["Strike_B"],"damage_healed":0,"gold_gain":0,"player_choice":"Card Removal","damage_taken":0,"max_hp_gain":0,"max_hp_loss":0,"event_name":"The Cleric","floor":3,"gold_loss":50},{"damage_healed":0,"gold_gain":0,"cards_transformed":["Strike_B"],"player_choice":"Change","damage_taken":0,"max_hp_gain":0,"max_hp_loss":0,"event_name":"Living Wall","floor":4,"gold_loss":0,"cards_obtained":["Blizzard"]},{"damage_healed":0,"gold_gain":0,"player_choice":"Entered Light","damage_taken":15,"max_hp_gain":0,"max_hp_loss":0,"event_name":"Shining Light","floor":14,"gold_loss":0,"cards_upgraded":["Strike_B","Rebound"]},{"damage_healed":0,"gold_gain":0,"player_choice":"Gave Idol","damage_taken":0,"relics_obtained":["Bloody Idol"],"max_hp_gain":0,"max_hp_loss":0,"event_name":"Forgotten Altar","floor":20,"relics_lost":["Golden Idol"],"gold_loss":0},{"damage_healed":0,"gold_gain":0,"player_choice":"Upgraded","damage_taken":0,"max_hp_gain":0,"max_hp_loss":0,"event_name":"Upgrade Shrine","floor":21,"gold_loss":0,"cards_upgraded":["Madness"]},{"damage_healed":0,"gold_gain":100,"player_choice":"Pray","damage_taken":0,"max_hp_gain":0,"max_hp_loss":0,"event_name":"Golden Shrine","floor":23,"gold_loss":0},{"damage_healed":0,"gold_gain":100,"player_choice":"Bet on Murderer","damage_taken":0,"max_hp_gain":0,"max_hp_loss":0,"event_name":"The Joust","floor":31,"gold_loss":50}],"is_beta":false,"boss_relics":[{"not_picked":["Orrery","Philosopher\u0027s Stone"],"picked":"Fusion Hammer"},{"not_picked":["Cursed Key","Pandora\u0027s Box"],"picked":"Inserter"}],"items_purged_floors":[12,37],"is_endless":false,"potions_floor_spawned":[1,5,11,16,18,27,29,36,39,41,46,48],"killed_by":"Awakened One","ascension_level":0}