{"gold_per_floor":[114,114,126,126,142,142,153,170,195,195,213,223,9,38,38,134,134,151,51,51,51,51,51,85,98,98,11,11,11,11],"floor_reached":30,"playtime":2066,"items_purged":["Strike_G","Strike_G"],"score":285,"play_id":"4f883d38-391b-446f-8d0b-a8720a4706b8","local_time":"20190118235457","is_ascension_mode":true,"campfire_choices":[{"data":"Deadly Poison","floor":6,"key":"SMITH"},{"data":"Bouncing Flask","floor":10,"key":"SMITH"},{"floor":15,"key":"REST"},{"floor":23,"key":"REST"}],"neow_cost":"NONE","seed_source_timestamp":744398019202860,"circlet_count":0,"master_deck":["Defend_G","Defend_G","Defend_G","Defend_G","Defend_G","Survivor","Neutralize","Escape Plan","Deadly Poison+1","Deadly Poison","Bouncing Flask+1","Escape Plan","Bane","Deadly Poison","Bandage Up","Backflip","Acrobatics","After Image","Caltrops","Infinite Blades+1","PanicButton","Bite","Bite","Bite","Bite","Bite"],"relics":["Philosopher\u0027s Stone","NlothsMask","Regal Pillow","Runic Pyramid","Vajra","Singing Bowl","Nilry\u0027s Codex"],"potions_floor_usage":[14,16,24,30],"damage_taken":[{"damage":0,"enemies":"Jaw Worm","floor":1,"turns":4},{"damage":0,"enemies":"Cultist","floor":3,"turns":5},{"damage":0,"enemies":"2 Louse","floor":5,"turns":2},{"damage":15,"enemies":"Gremlin Gang","floor":7,"turns":5},{"damage":0,"enemies":"Blue Slaver","floor":8,"turns":3},{"damage":9,"enemies":"2 Fungi Beasts","floor":11,"turns":3},{"damage":11,"enemies":"3 Louse","floor":12,"turns":2},{"damage":22,"enemies":"3 Sentries","floor":14,"turns":7},{"damage":12,"enemies":"Hexaghost","floor":16,"turns":7},{"damage":50,"enemies":"3 Byrds","floor":18,"turns":5},{"damage":22,"enemies":"Book of Stabbing","floor":24,"turns":4},{"damage":11,"enemies":"Spheric Guardian","floor":25,"turns":4},{"damage":25,"enemies":"Slavers","floor":30,"turns":1}],"seed_played":"-1680205245812493511","potions_obtained":[{"floor":3,"key":"Block Potion"},{"floor":5,"key":"AttackPotion"},{"floor":12,"key":"GamblersBrew"},{"floor":18,"key":"AttackPotion"},{"floor":25,"key":"Poison Potion"}],"is_trial":false,"path_per_floor":["M","?","M","?","M","R","M","M","T","R","M","M","$","E","R","B",null,"M","$","?","?","?","R","E","M","T","$","?","?","E"],"character_chosen":"THE_SILENT","items_purchased":["Bandage Up","Backflip","PanicButton"],"campfire_rested":2,"item_purchase_floors":[13,13,27],"current_hp_per_floor":[70,70,70,70,70,70,55,55,55,55,46,35,35,17,53,45,70,24,24,24,24,24,60,42,35,35,35,19,19,0],"gold":11,"neow_bonus":"BOSS_RELIC","is_prod":false,"is_daily":false,"chose_seed":false,"campfire_upgraded":2,"win_rate":0,"timestamp":1547877297,"path_taken":["M","?","?","?","M","R","M","?","T","R","M","M","$","E","R","BOSS","M","$","?","?","?","R","E","M","T","?","?","?","E"],"build_version":"2019-01-17v2","purchased_purges":2,"victory":false,"max_hp_per_floor":[70,70,70,70,70,70,70,70,70,70,70,70,70,70,70,70,70,70,70,70,70,70,70,70,70,70,70,70,49,49],"card_choices":[{"not_picked":["Dodge and Roll","Underhanded Strike"],"picked":"Escape Plan","floor":1},{"not_picked":["Endless Agony","Accuracy"],"picked":"Deadly Poison","floor":3},{"not_picked":["Poisoned Stab","Acrobatics"],"picked":"Deadly Poison","floor":5},{"not_picked":["Prepared","Masterful Stab"],"picked":"Bouncing Flask","floor":7},{"not_picked":["All Out Attack","Dagger Throw"],"picked":"Escape Plan","floor":8},{"not_picked":["Phantasmal Killer","Cloak And Dagger"],"picked":"Bane","floor":11},{"not_picked":["Dash","Calculated Gamble"],"picked":"Deadly Poison","floor":12},{"not_picked":["Backstab","Quick Slash"],"picked":"Acrobatics","floor":14},{"not_picked":["Grand Finale","Venomology"],"picked":"After Image","floor":16},{"not_picked":["Acrobatics","PiercingWail","Cloak And Dagger"],"picked":"SKIP","floor":18},{"not_picked":["Sucker Punch+1","Caltrops"],"picked":"Infinite Blades+1","floor":24},{"not_picked":["Dagger Spray","Expertise","Leg Sweep+1"],"picked":"SKIP","floor":25}],"player_experience":198300,"relics_obtained":[{"floor":14,"key":"Regal Pillow"},{"floor":24,"key":"Vajra"},{"floor":26,"key":"Singing Bowl"},{"floor":28,"key":"Nilry\u0027s Codex"}],"event_choices":[{"cards_removed":["Strike_G"],"damage_healed":0,"gold_gain":0,"player_choice":"Offered Basic","damage_taken":0,"max_hp_gain":0,"max_hp_loss":0,"event_name":"Bonfire Elementals","floor":2,"gold_loss":0},{"damage_healed":0,"gold_gain":0,"player_choice":"Trade","damage_taken":0,"relics_obtained":["NlothsMask"],"max_hp_gain":0,"max_hp_loss":0,"event_name":"FaceTrader","floor":4,"gold_loss":0},{"damage_healed":0,"gold_gain":0,"player_choice":"Ignored","damage_taken":0,"max_hp_gain":0,"max_hp_loss":0,"event_name":"Ghosts","floor":20,"gold_loss":0},{"damage_healed":0,"gold_gain":0,"player_choice":"Ignored","damage_taken":0,"max_hp_gain":0,"max_hp_loss":0,"event_name":"Beggar","floor":21,"gold_loss":0},{"damage_healed":0,"gold_gain":0,"player_choice":"Read","damage_taken":0,"max_hp_gain":0,"max_hp_loss":0,"event_name":"The Library","floor":22,"gold_loss":0,"cards_obtained":["Caltrops"]},{"damage_healed":0,"gold_gain":0,"player_choice":"Obtained Book","damage_taken":16,"max_hp_gain":0,"max_hp_loss":0,"event_name":"Cursed Tome","floor":28,"gold_loss":0},{"damage_healed":0,"gold_gain":0,"player_choice":"Became a vampire","damage_taken":0,"max_hp_gain":0,"max_hp_loss":21,"event_name":"Vampires","floor":29,"gold_loss":0,"cards_obtained":["Bite","Bite","Bite","Bite","Bite"]}],"is_beta":false,"boss_relics":[{"not_picked":["Runic Dome","Orrery"],"picked":"Runic Pyramid"}],"items_purged_floors":[13,19],"is_endless":false,"potions_floor_spawned":[3,5,12,18,25],"killed_by":"Slavers","ascension_level":1}