{"gold_per_floor":[217,34,47,47,67,67,83,83,383,412,412,412,442,475,475,551,551,569,583,162,77,77,108,108,108,134,148,167,179,249,349,349,426,426,444,42,53,53,53,78,78,90,136,136,136,136,45,60,60,60,60,60,9,35,35],"floor_reached":55,"playtime":2660,"items_purged":["Regret"],"score":1287,"play_id":"09c04a9a-80fb-4c73-9ea5-5394e0437ab3","local_time":"20190713182916","is_ascension_mode":true,"campfire_choices":[{"data":"Apotheosis","floor":6.0,"key":"SMITH"},{"floor":12.0,"key":"DIG"},{"floor":15.0,"key":"DIG"},{"floor":24.0,"key":"REST"},{"floor":32.0,"key":"DIG"},{"floor":41,"key":"RECALL"},{"floor":45,"key":"DIG"},{"floor":49,"key":"REST"},{"floor":52,"key":"DIG"}],"neow_cost":"NONE","seed_source_timestamp":0,"circlet_count":0,"master_deck":["AscendersBane","Strike_R","Strike_R","Strike_R","Strike_R","Strike_R","Defend_R","Defend_R","Defend_R","Defend_R","Bash","Apotheosis+1","Intimidate","Shockwave","Pommel Strike","Flame Barrier","Rampage","Demon Form","Dropkick","Metallicize","Inflame","Fiend Fire","Evolve+1","Double Tap","Rampage","Corruption+1","Bandage Up","Dark Shackles","Disarm","Warcry"],"special_seed":0,"relics":["Burning Blood","Old Coin","Shovel","Self Forming Clay","Centennial Puzzle","Tiny Chest","Shuriken","Dead Branch","Mark of Pain","Bag of Marbles","ClockworkSouvenir","Juzu Bracelet","Dream Catcher","Blue Candle","Unceasing Top","Dodecahedron","Red Skull","Sozu","Singing Bowl","Orichalcum","Boot","Ginger","Kunai","Calipers"],"potions_floor_usage":[33],"damage_taken":[{"damage":4.0,"enemies":"2 Louse","floor":1.0,"turns":4.0},{"damage":10.0,"enemies":"Small Slimes","floor":3.0,"turns":3.0},{"damage":4.0,"enemies":"Jaw Worm","floor":5.0,"turns":4.0},{"damage":10.0,"enemies":"Red Slaver","floor":7.0,"turns":4.0},{"damage":0.0,"enemies":"Lagavulin","floor":10.0,"turns":7.0},{"damage":21.0,"enemies":"3 Sentries","floor":14.0,"turns":10.0},{"damage":31.0,"enemies":"The Guardian","floor":16.0,"turns":12.0},{"damage":13.0,"enemies":"Spheric Guardian","floor":18.0,"turns":4.0},{"damage":22.0,"enemies":"2 Thieves","floor":19.0,"turns":4.0},{"damage":14.0,"enemies":"Gremlin Leader","floor":23.0,"turns":7.0},{"damage":12.0,"enemies":"Shelled Parasite and Fungi","floor":27.0,"turns":3.0},{"damage":3.0,"enemies":"Snake Plant","floor":28.0,"turns":2.0},{"damage":5.0,"enemies":"Snecko","floor":29.0,"turns":3.0},{"damage":13.0,"enemies":"Colosseum Slavers","floor":31.0,"turns":4.0},{"damage":6.0,"enemies":"Colosseum Nobs","floor":31.0,"turns":5.0},{"damage":46,"enemies":"Automaton","floor":33,"turns":9},{"damage":4,"enemies":"Orb Walker","floor":35,"turns":3},{"damage":35,"enemies":"3 Darklings","floor":37,"turns":5},{"damage":5,"enemies":"Nemesis","floor":40,"turns":5},{"damage":8,"enemies":"Sphere and 2 Shapes","floor":42,"turns":6},{"damage":13,"enemies":"4 Shapes","floor":48,"turns":3},{"damage":60,"enemies":"Time Eater","floor":50,"turns":8},{"damage":62,"enemies":"Shield and Spear","floor":54,"turns":6},{"damage":35,"enemies":"The Heart","floor":55,"turns":5}],"seed_played":"-2311787449261277943","potions_obtained":[{"floor":7.0,"key":"Fire Potion"},{"floor":14.0,"key":"SpeedPotion"},{"floor":16.0,"key":"Explosive Potion"},{"floor":18.0,"key":"Regen Potion"},{"floor":23.0,"key":"AttackPotion"},{"floor":29.0,"key":"FearPotion"}],"is_trial":false,"path_per_floor":["M","$","M","?","M","R","M","$","T","E","?","R","?","E","R","B",null,"M","M","$","?","?","E","R","?","T","M","M","M","T","?","R","B",null,"M","$","M","$","?","E","R","M","T","?","R","?","$","M","R","B",null,"R","$","E","B"],"character_chosen":"IRONCLAD","items_purchased":["Apotheosis","Bag of Marbles","ClockworkSouvenir","Corruption","Singing Bowl","Bandage Up","Dark Shackles","Warcry"],"campfire_rested":2,"item_purchase_floors":[2,20,20,36,36,36,47,53],"current_hp_per_floor":[70,70,66,66,68,68,64,64,64,70,70,70,59,44,44,19,61,54,50,50,50,29,21,45,61,61,55,58,59,59,52,52,12,63,65,65,44,44,44,53,53,57,57,57,57,57,57,56,82,32,74,74,74,24,0],"gold":35,"neow_bonus":"HUNDRED_GOLD","is_prod":false,"is_daily":false,"chose_seed":false,"campfire_upgraded":1,"win_rate":0,"timestamp":1563031756,"path_taken":["M","$","M","?","M","R","M","$","T","E","?","R","?","E","R","BOSS","M","M","$","?","?","E","R","?","T","M","M","M","?","?","R","BOSS","M","$","M","$","?","E","R","M","T","?","R","?","?","M","R","BOSS","R","$","E","BOSS"],"build_version":"2019-07-05","purchased_purges":1,"victory":false,"max_hp_per_floor":[75,75,75,75,75,75,75,75,75,75,75,75,75,75,75,75,75,75,75,75,75,80,80,80,80,80,80,80,80,80,80,80,80,80,80,80,82,82,82,84,84,86,86,86,86,86,86,88,88,88,88,88,88,90,90],"card_choices":[{"not_picked":["Havoc","Anger","Clothesline"],"picked":"SKIP","floor":1.0},{"not_picked":["Feel No Pain","Hemokinesis"],"picked":"Intimidate","floor":3.0},{"not_picked":["Perfected Strike","Flex"],"picked":"Shockwave","floor":5.0},{"not_picked":["Sword Boomerang","Feel No Pain"],"picked":"Pommel Strike","floor":7.0},{"not_picked":["Warcry","Perfected Strike"],"picked":"Flame Barrier","floor":10.0},{"not_picked":["Hemokinesis","Anger"],"picked":"Rampage","floor":14.0},{"not_picked":["Dark Embrace","Offering"],"picked":"Demon Form","floor":16.0},{"not_picked":["Perfected Strike","Battle Trance"],"picked":"Dropkick","floor":18.0},{"not_picked":["Flame Barrier","Flex"],"picked":"Metallicize","floor":19.0},{"not_picked":["Whirlwind","Iron Wave"],"picked":"Inflame","floor":23.0},{"not_picked":["Armaments","Cleave"],"picked":"Fiend Fire","floor":24.0},{"not_picked":["Perfected Strike","Wild Strike","Thunderclap"],"picked":"SKIP","floor":27.0},{"not_picked":["Anger+1","Spot Weakness","Perfected Strike"],"picked":"SKIP","floor":28.0},{"not_picked":["Iron Wave","Thunderclap","Pommel Strike"],"picked":"SKIP","floor":29.0},{"not_picked":["Cleave+1","Rampage"],"picked":"Evolve+1","floor":31.0},{"not_picked":["Exhume","Immolate"],"picked":"Double Tap","floor":33},{"not_picked":["Battle Trance+1","Clash"],"picked":"Rampage","floor":35},{"not_picked":["Rupture","Perfected Strike","Havoc"],"picked":"Singing Bowl","floor":37},{"not_picked":["Wild Strike+1","Pommel Strike","Armaments"],"picked":"Singing Bowl","floor":40},{"not_picked":["Headbutt","Rampage+1","Thunderclap"],"picked":"Singing Bowl","floor":42},{"not_picked":["Rupture","Sword Boomerang","Evolve"],"picked":"Singing Bowl","floor":48},{"not_picked":["Anger","Pommel Strike+1"],"picked":"Disarm","floor":49},{"not_picked":["Searing Blow","Demon Form","Shrug It Off"],"picked":"Singing Bowl","floor":54}],"player_experience":666643,"relics_obtained":[{"floor":9.0,"key":"Old Coin"},{"floor":10.0,"key":"Shovel"},{"floor":12.0,"key":"Centennial Puzzle"},{"floor":14.0,"key":"Shuriken"},{"floor":15.0,"key":"Dead Branch"},{"floor":23.0,"key":"Dream Catcher"},{"floor":30.0,"key":"Blue Candle"},{"floor":31.0,"key":"Unceasing Top"},{"floor":31.0,"key":"Dodecahedron"},{"floor":32.0,"key":"Red Skull"},{"floor":40,"key":"Orichalcum"},{"floor":43,"key":"Boot"},{"floor":45,"key":"Ginger"},{"floor":52,"key":"Kunai"},{"floor":54,"key":"Calipers"}],"event_choices":[{"damage_healed":0.0,"max_hp_gain":0.0,"max_hp_loss":0.0,"gold_gain":0.0,"event_name":"The Cleric","player_choice":"Leave","floor":4.0,"gold_loss":0.0,"damage_taken":0.0},{"damage_healed":0.0,"max_hp_gain":0.0,"max_hp_loss":0.0,"gold_gain":0.0,"event_name":"Big Fish","player_choice":"Box","floor":11.0,"gold_loss":0.0,"damage_taken":0.0,"relics_obtained":["Self Forming Clay"],"cards_obtained":["Regret"]},{"damage_healed":0.0,"max_hp_gain":0.0,"max_hp_loss":0.0,"gold_gain":0.0,"event_name":"Scrap Ooze","player_choice":"Success","floor":13.0,"gold_loss":0.0,"damage_taken":11.0,"relics_obtained":["Tiny Chest"]},{"damage_healed":0.0,"max_hp_gain":0.0,"max_hp_loss":0.0,"gold_gain":0.0,"event_name":"Addict","player_choice":"Obtained Relic","floor":21.0,"gold_loss":85.0,"damage_taken":0.0,"relics_obtained":["Juzu Bracelet"]},{"damage_healed":0.0,"max_hp_gain":5.0,"max_hp_loss":0.0,"gold_gain":0.0,"event_name":"Forgotten Altar","player_choice":"Shed Blood","floor":22.0,"gold_loss":0.0,"damage_taken":26.0},{"damage_healed":16.0,"max_hp_gain":0.0,"max_hp_loss":0.0,"gold_gain":0.0,"event_name":"The Library","player_choice":"Heal","floor":25.0,"gold_loss":0.0,"damage_taken":0.0},{"damage_healed":0.0,"max_hp_gain":0.0,"max_hp_loss":0.0,"gold_gain":0.0,"event_name":"Colosseum","player_choice":"Fight","floor":31.0,"gold_loss":0.0,"damage_taken":0.0},{"damage_healed":0.0,"max_hp_gain":0.0,"max_hp_loss":0.0,"gold_gain":0.0,"event_name":"Colosseum","player_choice":"Fought Nobs","floor":31.0,"gold_loss":0.0,"damage_taken":0.0},{"damage_healed":0,"gold_gain":0,"player_choice":"Ignored","damage_taken":0,"max_hp_gain":0,"max_hp_loss":0,"event_name":"Mysterious Sphere","floor":39,"gold_loss":0},{"damage_healed":0,"gold_gain":0,"player_choice":"Forge","damage_taken":0,"max_hp_gain":0,"max_hp_loss":0,"event_name":"Accursed Blacksmith","floor":44,"gold_loss":0,"cards_upgraded":["Corruption"]},{"damage_healed":0,"gold_gain":0,"player_choice":"Ignored","damage_taken":0,"max_hp_gain":0,"max_hp_loss":0,"event_name":"Purifier","floor":46,"gold_loss":0}],"is_beta":false,"boss_relics":[{"not_picked":["Velvet Choker","Cursed Key"],"picked":"Mark of Pain"},{"not_picked":["Snecko Eye","Orrery"],"picked":"Sozu"}],"items_purged_floors":[20],"is_endless":false,"potions_floor_spawned":[7,14,16,18,23,29,31,37,40,42,54],"killed_by":"The Heart","ascension_level":15}