{"gold_per_floor":[211,227,239,13,25,52,63,63,63,63],"floor_reached":10,"playtime":634,"items_purged":["Strike_G"],"score":74,"play_id":"cf02a535-058b-4220-aad0-6d69c3c40f55","local_time":"20190706184441","is_ascension_mode":true,"campfire_choices":[{"floor":8,"key":"REST"}],"neow_cost":"NONE","seed_source_timestamp":783824330726306,"circlet_count":0,"master_deck":["Strike_G","Strike_G","Strike_G","Strike_G","Defend_G","Defend_G","Defend_G","Defend_G","Defend_G","Survivor","Neutralize","Quick Slash","Prepared","Cloak And Dagger","Cloak And Dagger","Accuracy","Dagger Spray"],"relics":["Ring of the Snake","Omamori","Art of War","Tough Bandages"],"potions_floor_usage":[3,7],"damage_taken":[{"damage":1,"enemies":"Cultist","floor":1,"turns":4},{"damage":3,"enemies":"Jaw Worm","floor":2,"turns":3},{"damage":0,"enemies":"Small Slimes","floor":3,"turns":2},{"damage":3,"enemies":"Looter","floor":5,"turns":4},{"damage":62,"enemies":"Gremlin Nob","floor":6,"turns":7},{"damage":0,"enemies":"Exordium Thugs","floor":7,"turns":5},{"damage":24,"enemies":"Lagavulin","floor":10,"turns":6}],"seed_played":"2718484818207022449","potions_obtained":[{"floor":2,"key":"Explosive Potion"},{"floor":6,"key":"EssenceOfSteel"}],"is_trial":false,"path_per_floor":["M","M","M","$","M","E","M","R","T","E"],"character_chosen":"THE_SILENT","items_purchased":["Omamori"],"campfire_rested":1,"item_purchase_floors":[4],"current_hp_per_floor":[69,66,66,66,63,1,1,22,22,0],"gold":63,"neow_bonus":"HUNDRED_GOLD","is_prod":false,"is_daily":false,"chose_seed":false,"campfire_upgraded":0,"win_rate":0,"timestamp":1562456681,"path_taken":["M","M","M","$","M","E","?","R","T","E"],"build_version":"2019-07-05","purchased_purges":1,"victory":false,"max_hp_per_floor":[70,70,70,70,70,70,70,70,70,70],"card_choices":[{"not_picked":["Acrobatics","Deadly Poison"],"picked":"Quick Slash","floor":1},{"not_picked":["Expertise","Eviscerate"],"picked":"Prepared","floor":2},{"not_picked":["Prepared","Flechettes"],"picked":"Cloak And Dagger","floor":3},{"not_picked":["Distraction","Bouncing Flask"],"picked":"Cloak And Dagger","floor":5},{"not_picked":["A Thousand Cuts","Escape Plan"],"picked":"Accuracy","floor":6},{"not_picked":["Bane","Calculated Gamble"],"picked":"Dagger Spray","floor":7}],"player_experience":322297,"relics_obtained":[{"floor":6,"key":"Art of War"},{"floor":9,"key":"Tough Bandages"}],"event_choices":[],"is_beta":false,"boss_relics":[],"items_purged_floors":[4],"is_endless":false,"potions_floor_spawned":[2,6],"killed_by":"Lagavulin","ascension_level":1}