{"gold_per_floor":[112,125,125,138,213,242,242,300,326,326,5,5,38,0,0,95,95,112,138,152,62,62,62,12,12,12,27,27,53,0,15,15,116,116,127,144,17,17,17,17,17,17,17,28,28,41,68,18,18,18],"floor_reached":50,"playtime":2656,"items_purged":["Strike_R","Defend_R","Defend_R","Bloodletting","Defend_R"],"score":519,"play_id":"b58ba85c-ecd8-4dd7-8514-5412d047ef3e","local_time":"20190713082809","is_ascension_mode":true,"campfire_choices":[{"data":"Bash","floor":7,"key":"SMITH"},{"data":"Clothesline","floor":12,"key":"SMITH"},{"floor":15,"key":"REST"},{"data":"Body Slam","floor":23,"key":"SMITH"},{"data":"Whirlwind","floor":25,"key":"SMITH"},{"floor":32,"key":"REST"},{"data":"Shrug It Off","floor":40,"key":"SMITH"},{"data":"Rage","floor":42,"key":"SMITH"},{"data":"Fiend Fire","floor":45,"key":"SMITH"},{"floor":49,"key":"REST"}],"neow_cost":"NONE","seed_source_timestamp":1349623548970226,"circlet_count":0,"master_deck":["Bash+1","Anger","Clothesline+1","Armaments","Barricade","Sever Soul","Heavy Blade","Immolate","Combust+1","Corruption+1","Twin Strike+1","Whirlwind+1","Body Slam+1","Power Through","Rage+1","Feel No Pain","Fiend Fire+1","Shrug It Off+1","Doubt","Warcry+1"],"relics":["Burning Blood","Oddly Smooth Stone","Tiny Chest","Smiling Mask","The Courier","Vajra","Blood Vial","Happy Flower","Astrolabe","Red Skull","Gremlin Horn","Regal Pillow","Busted Crown","Frozen Egg 2","Dream Catcher"],"potions_floor_usage":[1,6,6,6,8,16,16,27,29,33,44,50,50],"damage_taken":[{"damage":6,"enemies":"Cultist","floor":1,"turns":4},{"damage":7,"enemies":"Jaw Worm","floor":2,"turns":3},{"damage":7,"enemies":"Small Slimes","floor":4,"turns":4},{"damage":14,"enemies":"Gremlin Nob","floor":6,"turns":4},{"damage":22,"enemies":"Lagavulin","floor":8,"turns":4},{"damage":31,"enemies":"Gremlin Nob","floor":13,"turns":5},{"damage":37,"enemies":"Hexaghost","floor":16,"turns":11},{"damage":15,"enemies":"Shell Parasite","floor":18,"turns":5},{"damage":38,"enemies":"2 Thieves","floor":20,"turns":4},{"damage":0,"enemies":"Cultist and Chosen","floor":27,"turns":3},{"damage":27,"enemies":"Slavers","floor":29,"turns":3},{"damage":34,"enemies":"Centurion and Healer","floor":31,"turns":3},{"damage":19,"enemies":"Collector","floor":33,"turns":7},{"damage":21,"enemies":"3 Shapes","floor":35,"turns":1},{"damage":68,"enemies":"3 Darklings","floor":36,"turns":3},{"damage":39,"enemies":"Maw","floor":44,"turns":8},{"damage":35,"enemies":"Writhing Mass","floor":46,"turns":4},{"damage":82,"enemies":"Time Eater","floor":50,"turns":6}],"seed_played":"-6336000911562053120","potions_obtained":[{"floor":0,"key":"Fire Potion"},{"floor":0,"key":"Fruit Juice"},{"floor":0,"key":"Weak Potion"},{"floor":2,"key":"PowerPotion"},{"floor":6,"key":"Strength Potion"},{"floor":13,"key":"Fruit Juice"},{"floor":20,"key":"GamblersBrew"},{"floor":29,"key":"Weak Potion"},{"floor":33,"key":"GamblersBrew"},{"floor":46,"key":"SpeedPotion"}],"is_trial":false,"path_per_floor":["M","M","?","M","?","E","R","E","T","T","$","R","E","$","R","B",null,"M","T","M","$","?","R","$","R","T","M","?","E","?","M","R","B",null,"M","M","$","?","?","R","?","R","T","M","R","M","T","$","R","B"],"character_chosen":"IRONCLAD","items_purchased":["Vajra","Blood Vial","Sever Soul","FearPotion","Explosive Potion","Shrug It Off","Explosive Potion"],"campfire_rested":3,"item_purchase_floors":[11,11,11,14,21,37,37],"current_hp_per_floor":[85,84,84,83,72,64,64,48,48,48,48,48,25,25,50,26,90,81,81,51,51,51,51,51,51,51,59,59,40,40,14,56,45,90,75,15,15,15,15,15,90,90,90,57,57,30,30,30,72,0],"gold":18,"neow_bonus":"THREE_SMALL_POTIONS","is_prod":false,"is_daily":false,"chose_seed":false,"campfire_upgraded":7,"win_rate":0,"timestamp":1563024489,"path_taken":["M","?","?","M","?","E","R","E","T","?","$","R","E","$","R","BOSS","M","?","M","$","?","R","$","R","T","M","?","E","?","M","R","BOSS","M","M","$","?","?","R","?","R","T","?","R","?","?","$","R","BOSS"],"build_version":"2019-07-05","purchased_purges":5,"victory":false,"max_hp_per_floor":[85,85,85,85,85,85,85,85,85,85,85,85,85,85,85,90,90,90,90,90,90,90,90,90,90,90,90,90,90,90,90,90,90,90,90,90,90,90,90,90,90,90,90,90,90,90,90,90,90,90],"card_choices":[{"not_picked":["Feel No Pain","Dual Wield"],"picked":"Anger","floor":1},{"not_picked":["Blood for Blood","Dual Wield"],"picked":"Clothesline","floor":2},{"not_picked":["Battle Trance","Ghostly Armor"],"picked":"Bloodletting","floor":4},{"not_picked":["Combust","Havoc"],"picked":"Armaments","floor":6},{"not_picked":["Armaments","True Grit"],"picked":"Barricade","floor":8},{"not_picked":["Carnage","Combust"],"picked":"Heavy Blade","floor":13},{"not_picked":["Reaper","Brutality"],"picked":"Immolate","floor":16},{"not_picked":["Heavy Blade","Body Slam"],"picked":"Whirlwind","floor":18},{"not_picked":["Headbutt","Anger"],"picked":"Body Slam","floor":20},{"not_picked":["Thunderclap","Pommel Strike"],"picked":"Power Through","floor":27},{"not_picked":["Anger","Reckless Charge","Cleave"],"picked":"SKIP","floor":29},{"not_picked":["Heavy Blade","Thunderclap"],"picked":"Feel No Pain","floor":31},{"not_picked":["Berserk","Immolate"],"picked":"Fiend Fire","floor":33},{"not_picked":["Twin Strike+1"],"picked":"SKIP","floor":35},{"not_picked":["Infernal Blade"],"picked":"SKIP","floor":36},{"not_picked":["Warcry"],"picked":"SKIP","floor":44},{"not_picked":["Clash+1"],"picked":"SKIP","floor":46},{"not_picked":[],"picked":"Warcry+1","floor":49}],"player_experience":325374,"relics_obtained":[{"floor":6,"key":"Oddly Smooth Stone"},{"floor":8,"key":"Tiny Chest"},{"floor":9,"key":"Smiling Mask"},{"floor":10,"key":"The Courier"},{"floor":13,"key":"Happy Flower"},{"floor":19,"key":"Red Skull"},{"floor":26,"key":"Gremlin Horn"},{"floor":29,"key":"Regal Pillow"},{"floor":43,"key":"Frozen Egg 2"},{"floor":47,"key":"Dream Catcher"}],"event_choices":[{"cards_removed":["Strike_R"],"damage_healed":0,"gold_gain":0,"player_choice":"Forget","damage_taken":0,"max_hp_gain":0,"max_hp_loss":0,"event_name":"Living Wall","floor":3,"gold_loss":0},{"damage_healed":0,"gold_gain":75,"player_choice":"Gather Gold","damage_taken":11,"max_hp_gain":0,"max_hp_loss":0,"event_name":"World of Goop","floor":5,"gold_loss":0},{"damage_healed":0,"gold_gain":0,"player_choice":"Ignored","damage_taken":0,"max_hp_gain":0,"max_hp_loss":0,"event_name":"Ghosts","floor":22,"gold_loss":0},{"damage_healed":0,"gold_gain":0,"player_choice":"Read","damage_taken":0,"max_hp_gain":0,"max_hp_loss":0,"event_name":"The Library","floor":28,"gold_loss":0,"cards_obtained":["Rage"]},{"damage_healed":0,"gold_gain":0,"player_choice":"Paid Fearfully","damage_taken":0,"max_hp_gain":0,"max_hp_loss":0,"event_name":"Masked Bandits","floor":30,"gold_loss":53},{"damage_healed":0,"gold_gain":0,"player_choice":"Ignored","damage_taken":0,"max_hp_gain":0,"max_hp_loss":0,"event_name":"Mysterious Sphere","floor":38,"gold_loss":0},{"cards_removed":["Defend_R"],"damage_healed":0,"gold_gain":0,"player_choice":"Removed Skill","damage_taken":0,"max_hp_gain":0,"max_hp_loss":0,"event_name":"Falling","floor":39,"gold_loss":0},{"damage_healed":75,"gold_gain":0,"player_choice":"Heal","damage_taken":0,"max_hp_gain":0,"max_hp_loss":0,"event_name":"MindBloom","floor":41,"gold_loss":0,"cards_obtained":["Doubt"]}],"is_beta":false,"boss_relics":[{"not_picked":["White Beast Statue","Sozu"],"picked":"Astrolabe"},{"not_picked":["Velvet Choker","Lizard Tail"],"picked":"Busted Crown"}],"items_purged_floors":[11,21,24,37,48],"is_endless":false,"potions_floor_spawned":[2,6,13,20,29,33,46],"killed_by":"Time Eater","ascension_level":2}