{"gold_per_floor":[109,34,34,57,76,102,102,134,134,148,2,2,2,21,21,141,141,157,157,157,157],"floor_reached":21,"playtime":598,"items_purged":["Defend_B","Strike_B"],"score":331,"play_id":"9c073f62-b061-4a5d-813d-157afc2ed040","local_time":"20190410191636","is_ascension_mode":true,"campfire_choices":[{"floor":7,"key":"REST"},{"floor":15,"key":"REST"}],"neow_cost":"NONE","seed_source_timestamp":41452835748500,"circlet_count":0,"master_deck":["Strike_B","Strike_B+1","Strike_B","Defend_B","Defend_B","Defend_B+1","Zap","Dualcast","Barrage","White Noise+1","Lockon","Chill","Steam","Cold Snap","Injury","Coolheaded","Rainbow","Force Field","Ghostly","Ghostly","Ghostly","Ghostly","Ghostly","Necronomicurse"],"relics":["Cracked Core","Anchor","Gremlin Horn","Oddly Smooth Stone","Kunai","Golden Idol","Sozu","Necronomicon"],"potions_floor_usage":[16,16,16],"damage_taken":[{"damage":0,"enemies":"Jaw Worm","floor":1,"turns":2},{"damage":1,"enemies":"Cultist","floor":5,"turns":3},{"damage":40,"enemies":"Gremlin Nob","floor":6,"turns":5},{"damage":32,"enemies":"3 Sentries","floor":8,"turns":6},{"damage":0,"enemies":"Small Slimes","floor":10,"turns":1},{"damage":1,"enemies":"Looter","floor":14,"turns":2},{"damage":0,"enemies":"Hexaghost","floor":16,"turns":9},{"damage":16,"enemies":"3 Byrds","floor":18,"turns":5},{"damage":21,"enemies":"Chosen","floor":21,"turns":6}],"seed_played":"-4724170557475276406","potions_obtained":[{"floor":8,"key":"Energy Potion"},{"floor":10,"key":"FocusPotion"},{"floor":14,"key":"AttackPotion"}],"is_trial":false,"path_per_floor":["M","$","?","T","M","E","R","E","T","M","$","?","?","M","R","B",null,"M","?","?","M"],"character_chosen":"DEFECT","items_purchased":["Cold Snap"],"campfire_rested":2,"item_purchase_floors":[11],"current_hp_per_floor":[68,68,53,53,52,12,34,2,2,2,2,2,2,1,23,23,62,46,37,21,0],"gold":157,"neow_bonus":"RANDOM_COMMON_RELIC","is_prod":false,"is_daily":false,"chose_seed":false,"campfire_upgraded":0,"win_rate":0,"timestamp":1554912996,"path_taken":["M","$","?","?","M","E","R","E","T","?","?","?","?","M","R","BOSS","M","?","?","M"],"build_version":"2019-01-23","purchased_purges":2,"victory":false,"max_hp_per_floor":[75,75,75,75,75,75,75,75,75,75,75,75,75,75,75,75,75,75,37,37,37],"card_choices":[{"not_picked":["Beam Cell","Fusion"],"picked":"Barrage","floor":1},{"not_picked":["Conserve Battery","Tempest"],"picked":"White Noise","floor":5},{"not_picked":["Turbo","Redo"],"picked":"Lockon","floor":6},{"not_picked":["Consume","Scrape"],"picked":"Chill","floor":8},{"not_picked":["Stack","Leap"],"picked":"Steam","floor":10},{"not_picked":["Recycle","Gash"],"picked":"Coolheaded","floor":14},{"not_picked":["Meteor Strike","Machine Learning"],"picked":"Rainbow","floor":16},{"not_picked":["Ball Lightning","Stack"],"picked":"Force Field","floor":18}],"player_experience":535533,"relics_obtained":[{"floor":6,"key":"Gremlin Horn"},{"floor":8,"key":"Oddly Smooth Stone"},{"floor":9,"key":"Kunai"},{"floor":20,"key":"Necronomicon"}],"event_choices":[{"damage_healed":0,"gold_gain":0,"player_choice":"Entered Light","damage_taken":15,"max_hp_gain":0,"max_hp_loss":0,"event_name":"Shining Light","floor":3,"gold_loss":0,"cards_upgraded":["Strike_B","Defend_B"]},{"damage_healed":0,"gold_gain":0,"player_choice":"Grow","damage_taken":0,"max_hp_gain":0,"max_hp_loss":0,"event_name":"Living Wall","floor":12,"gold_loss":0,"cards_upgraded":["White Noise"]},{"damage_healed":0,"gold_gain":0,"player_choice":"Take Wound","damage_taken":0,"relics_obtained":["Golden Idol"],"max_hp_gain":0,"max_hp_loss":0,"event_name":"Golden Idol","floor":13,"gold_loss":0,"cards_obtained":["Injury"]},{"damage_healed":0,"gold_gain":0,"player_choice":"Became a Ghost","damage_taken":0,"max_hp_gain":0,"max_hp_loss":38,"event_name":"Ghosts","floor":19,"gold_loss":0,"cards_obtained":["Ghostly","Ghostly","Ghostly","Ghostly","Ghostly"]},{"damage_healed":0,"gold_gain":0,"player_choice":"Obtained Book","damage_taken":16,"max_hp_gain":0,"max_hp_loss":0,"event_name":"Cursed Tome","floor":20,"gold_loss":0}],"is_beta":false,"boss_relics":[{"not_picked":["Velvet Choker","Orrery"],"picked":"Sozu"}],"items_purged_floors":[2,11],"is_endless":false,"potions_floor_spawned":[8,10,14],"killed_by":"Chosen","ascension_level":6}