{"gold_per_floor":[115,115,130,178,192,227,239,239,293,322,322,51,51,126,126,230,280,298,298,49,59,72,72,72,90,90,90,90],"floor_reached":28,"playtime":1064,"items_purged":["Defend_B","Defend_B"],"score":274,"play_id":"de83656f-da1c-41df-8231-ff58d9c424a9","local_time":"20180807135014","is_ascension_mode":true,"campfire_choices":[{"floor":8,"key":"REST"},{"data":"Darkness","floor":11,"key":"SMITH"},{"data":"Rainbow","floor":13,"key":"SMITH"},{"floor":15,"key":"REST"},{"floor":23,"key":"REST"}],"neow_cost":"CURSE","seed_source_timestamp":845463861546381,"circlet_count":0,"master_deck":["Strike_B","Strike_B","Strike_B","Strike_B","Defend_B","Defend_B","Zap+1","Dualcast+1","Conserve Battery+1","Conserve Battery","Steam","Sweeping Beam","Sunder","Darkness+1","Rainbow+1","Hello World","Seek","Redo+1","Beam Cell","Barrage","Defragment+1","Beam Cell+1","Loop"],"relics":["Cracked Core","Prayer Wheel","DataDisk","Bag of Marbles","Tiny Chest","Ice Cream","Runic Capacitor","Tiny House","Bottled Lightning","War Paint","Darkstone Periapt","Dream Catcher"],"potions_floor_usage":[6,18,21,21,24],"damage_taken":[{"damage":13,"enemies":"Small Slimes","floor":1,"turns":3},{"damage":0,"enemies":"Jaw Worm","floor":3,"turns":4},{"damage":2,"enemies":"2 Louse","floor":5,"turns":3},{"damage":17,"enemies":"Lagavulin","floor":6,"turns":5},{"damage":4,"enemies":"Large Slime","floor":7,"turns":4},{"damage":2,"enemies":"3 Sentries","floor":10,"turns":5},{"damage":21,"enemies":"Slime Boss","floor":16,"turns":5},{"damage":39,"enemies":"3 Byrds","floor":18,"turns":5},{"damage":2,"enemies":"Shell Parasite","floor":21,"turns":5},{"damage":15,"enemies":"Chosen and Byrds","floor":22,"turns":5},{"damage":0,"enemies":"3 Cultists","floor":24,"turns":2},{"damage":31,"enemies":"Snecko","floor":25,"turns":5},{"damage":19,"enemies":"Gremlin Leader","floor":28,"turns":1}],"seed_played":"833562315605564021","potions_obtained":[{"floor":3,"key":"Strength Potion"},{"floor":5,"key":"SmokeBomb"},{"floor":16,"key":"PowerPotion"},{"floor":17,"key":"EssenceOfSteel"},{"floor":18,"key":"Block Potion"},{"floor":25,"key":"SpeedPotion"}],"is_trial":false,"path_per_floor":["M","?","M","T","M","E","M","R","T","E","R","$","R","?","R","B",null,"M","T","$","M","M","R","M","M","T","T"],"character_chosen":"DEFECT","items_purchased":["Runic Capacitor","War Paint"],"campfire_rested":3,"item_purchase_floors":[12,20],"current_hp_per_floor":[62,55,55,55,53,36,32,54,54,52,52,52,52,41,63,42,80,41,41,41,39,24,48,48,17,17,17,0],"gold":90,"neow_bonus":"ONE_RARE_RELIC","is_prod":false,"is_daily":false,"chose_seed":false,"campfire_upgraded":2,"win_rate":0,"timestamp":1533639014,"path_taken":["M","?","M","?","M","E","?","R","T","E","R","?","R","?","R","BOSS","M","?","$","M","M","R","?","M","T","?","E"],"build_version":"2018-08-02","purchased_purges":2,"victory":false,"max_hp_per_floor":[75,75,75,75,75,75,75,75,75,75,75,75,75,75,75,75,80,80,80,80,80,80,80,80,80,80,80,80],"card_choices":[{"not_picked":["Cold Snap","Hologram"],"picked":"Conserve Battery","floor":1},{"not_picked":["Gash","Streamline"],"picked":"Conserve Battery","floor":1},{"not_picked":["Cold Snap","Hologram"],"picked":"Steam","floor":3},{"not_picked":["Undo","Double Energy"],"picked":"Sweeping Beam","floor":3},{"not_picked":["Heatsinks","Storm"],"picked":"Sunder","floor":5},{"not_picked":["Cold Snap","Hologram"],"picked":"Darkness","floor":5},{"not_picked":["Double Energy","Glacier"],"picked":"Rainbow","floor":6},{"not_picked":["Ball Lightning","Conserve Battery"],"picked":"Hello World","floor":7},{"not_picked":["Coolheaded","Lockon","Ball Lightning"],"picked":"SKIP","floor":7},{"not_picked":["Scrape","Blizzard","Go for the Eyes"],"picked":"SKIP","floor":10},{"not_picked":["Meteor Strike","Amplify"],"picked":"Seek","floor":16},{"not_picked":["Rebound","Barrage"],"picked":"Redo+1","floor":18},{"not_picked":["Glacier","Turbo"],"picked":"Beam Cell","floor":18},{"not_picked":["Beam Cell","Heatsinks"],"picked":"Barrage","floor":21},{"not_picked":["Redo","Leap","Compile Driver"],"picked":"SKIP","floor":21},{"not_picked":["Amplify","Redo+1"],"picked":"Defragment+1","floor":22},{"not_picked":["Static Discharge","Recycle"],"picked":"Beam Cell+1","floor":22},{"not_picked":["Ball Lightning+1","Gash"],"picked":"Loop","floor":25},{"not_picked":["Recycle","Chill","Consume"],"picked":"SKIP","floor":25}],"player_experience":333722,"relics_obtained":[{"floor":4,"key":"DataDisk"},{"floor":6,"key":"Bag of Marbles"},{"floor":9,"key":"Tiny Chest"},{"floor":10,"key":"Ice Cream"},{"floor":19,"key":"Bottled Lightning"},{"floor":26,"key":"Darkstone Periapt"},{"floor":27,"key":"Dream Catcher"}],"event_choices":[{"event_name":"Golden Wing","player_choice":"Card Removal","floor":2,"damage_taken":0},{"event_name":"World of Goop","player_choice":"Gather Gold","floor":14,"damage_taken":0}],"is_beta":false,"boss_relics":[{"not_picked":["Snecko Eye","Cursed Key"],"picked":"Tiny House"}],"items_purged_floors":[12,20],"is_endless":false,"potions_floor_spawned":[3,5,16,18,24,25],"killed_by":"Gremlin Leader","ascension_level":4}