{"gold_per_floor":[113,288,37,53,64,64,79,79,129,143,93,110,141,141],"floor_reached":14,"playtime":410,"items_purged":[],"score":106,"play_id":"024b92b1-1b52-43d9-9313-da6920fdd7b0","local_time":"20180801173934","is_ascension_mode":true,"campfire_choices":[{"data":"Zap","floor":6,"key":"SMITH"}],"neow_cost":"NONE","seed_source_timestamp":341486894041971,"circlet_count":0,"master_deck":["Strike_B","Strike_B","Strike_B","Strike_B","Defend_B","Defend_B","Defend_B","Defend_B","Zap+1","Dualcast","BootSequence","White Noise","Regret","Redo","Ball Lightning"],"relics":["Cracked Core","Pen Nib","Singing Bowl","Strawberry","Art of War","Regal Pillow"],"potions_floor_usage":[5,13],"damage_taken":[{"damage":4,"enemies":"Jaw Worm","floor":1,"turns":4},{"damage":2,"enemies":"Small Slimes","floor":4,"turns":4},{"damage":1,"enemies":"Cultist","floor":5,"turns":3},{"damage":2,"enemies":"2 Fungi Beasts","floor":7,"turns":4},{"damage":34,"enemies":"Large Slime","floor":10,"turns":7},{"damage":4,"enemies":"Blue Slaver","floor":12,"turns":3},{"damage":23,"enemies":"Lagavulin","floor":13,"turns":6},{"damage":18,"enemies":"Exordium Wildlife","floor":14,"turns":2}],"seed_played":"6726550502221729296","potions_obtained":[{"floor":4,"key":"GamblersBrew"},{"floor":10,"key":"PowerPotion"}],"is_trial":false,"path_per_floor":["M","?","$","M","M","R","M","?","T","M","?","M","E"],"character_chosen":"DEFECT","items_purchased":["Singing Bowl"],"campfire_rested":0,"item_purchase_floors":[3],"current_hp_per_floor":[71,71,71,71,72,72,70,77,77,45,45,41,18,0],"gold":141,"neow_bonus":"RANDOM_COMMON_RELIC","is_prod":false,"is_daily":false,"chose_seed":false,"campfire_upgraded":1,"win_rate":0,"timestamp":1533134374,"path_taken":["M","?","?","M","M","R","M","?","T","?","?","M","E","M"],"build_version":"2018-07-26","purchased_purges":0,"victory":false,"max_hp_per_floor":[75,75,75,77,79,79,79,86,86,88,88,88,88,88],"card_choices":[{"not_picked":["Compile Driver","Sweeping Beam"],"picked":"BootSequence","floor":1},{"not_picked":["Cold Snap","Go for the Eyes","Streamline"],"picked":"Singing Bowl","floor":4},{"not_picked":["Turbo","Biased Cognition","Coolheaded"],"picked":"Singing Bowl","floor":5},{"not_picked":["Sweeping Beam","BootSequence"],"picked":"White Noise","floor":7},{"not_picked":["Stack","Gash","Cold Snap"],"picked":"Singing Bowl","floor":10},{"not_picked":["Hologram","Blizzard"],"picked":"Redo","floor":12},{"not_picked":["Machine Learning","Conserve Battery"],"picked":"Ball Lightning","floor":13}],"player_experience":320729,"relics_obtained":[{"floor":9,"key":"Art of War"},{"floor":13,"key":"Regal Pillow"}],"event_choices":[{"event_name":"Liars Game","player_choice":"agreed","floor":2,"damage_taken":0},{"event_name":"Big Fish","player_choice":"Box","floor":8,"damage_taken":0},{"event_name":"The Cleric","player_choice":"Card Removal","floor":11,"damage_taken":0}],"is_beta":false,"boss_relics":[],"items_purged_floors":[],"is_endless":false,"potions_floor_spawned":[4,10],"killed_by":"Exordium Wildlife","ascension_level":3}