{"path_per_floor":["M","M","?","?","?","R","M","M","T","?","T","R","$","M","R","B",null,"M","?","?","M","$","R","M","R","T","E","?","M","$"],"character_chosen":"IRONCLAD","items_purchased":["Lee\u0027s Waffle","Vajra"],"gold_per_floor":[20,33,33,108,108,108,126,141,190,440,464,464,188,201,201,331,331,355,270,270,285,33,33,54,54,77,121,121,140,15,15],"floor_reached":31,"campfire_rested":0,"playtime":732,"current_hp_per_floor":[94,96,96,85,61,61,66,59,59,59,59,59,103,90,90,22,103,63,63,63,71,71,71,76,76,76,46,46,35,35,0],"items_purged":["Regret","Defend_R","Defend_R"],"gold":15,"score":280,"play_id":"75a60c32-51ca-4ac5-8208-e8ea9b4c5b0d","local_time":"20180326211422","is_prod":false,"is_daily":false,"is_ascension_mode":true,"campfire_upgraded":5,"timestamp":1522088062,"path_taken":["M","M","?","?","?","R","M","M","T","?","?","R","$","M","R","BOSS","M","?","?","?","$","R","M","R","T","E","?","M","$","M"],"build_version":"2018-03-22v2","purchased_purges":3,"victory":false,"master_deck":["Strike_R","Strike_R","Strike_R","Strike_R","Strike_R+1","Defend_R+1","Defend_R+1","Bash+1","Cleave+1","Inflame+1","Inflame","Thunderclap+1","Double Tap"],"max_hp_per_floor":[96,96,96,96,96,96,96,96,96,96,96,96,103,103,103,103,103,103,103,103,103,103,103,103,103,103,103,103,103,103,103],"relics":["Burning Blood","Bloody Idol","Oddly Smooth Stone","Blood Vial","Lee\u0027s Waffle","White Beast Statue","Pen Nib","Mummified Hand","Vajra","War Paint","Juzu Bracelet"],"card_choices":[{"not_picked":["Anger","Shockwave"],"picked":"Cleave","floor":7},{"not_picked":["Pommel Strike","Clash"],"picked":"Inflame","floor":18},{"not_picked":["Power Through","Clothesline"],"picked":"Inflame","floor":21},{"not_picked":["Disarm","Clash"],"picked":"Thunderclap","floor":24},{"not_picked":["Cleave","Rampage"],"picked":"Double Tap","floor":27}],"player_experience":131205,"potions_floor_usage":[7,8,16,16,18,24,24,27,29,31],"damage_taken":[{"damage":8,"enemies":"Small Slimes","floor":1,"turns":3},{"damage":1,"enemies":"Cultist","floor":2,"turns":3},{"damage":1,"enemies":"2 Louse","floor":7,"turns":2},{"damage":13,"enemies":"Exordium Thugs","floor":8,"turns":2},{"damage":19,"enemies":"3 Louse","floor":14,"turns":3},{"damage":76,"enemies":"Hexaghost","floor":16,"turns":9},{"damage":46,"enemies":"Shell Parasite","floor":18,"turns":6},{"damage":0,"enemies":"Chosen","floor":21,"turns":4},{"damage":3,"enemies":"Snecko","floor":24,"turns":4},{"damage":38,"enemies":"Book of Stabbing","floor":27,"turns":5},{"damage":24,"enemies":"Snake Plant","floor":29,"turns":4},{"damage":38,"enemies":"Centurion and Healer","floor":31,"turns":3}],"event_choices":[{"event_name":"Accursed Blacksmith","player_choice":"Ignore","floor":3,"damage_taken":0},{"event_name":"World of Goop","player_choice":"Gather Gold","floor":4,"damage_taken":0},{"event_name":"Golden Idol","player_choice":"Take Damage","floor":5,"damage_taken":0},{"event_name":"Golden Shrine","player_choice":"Desecrate","floor":10,"damage_taken":0},{"event_name":"Addict","player_choice":"Obtained Relic","floor":19,"damage_taken":0},{"event_name":"The Mausoleum","player_choice":"Yes","floor":20,"damage_taken":0},{"event_name":"Forgotten Altar","player_choice":"Gave Idol","floor":28,"damage_taken":0}],"boss_relics":[{"not_picked":["Velvet Choker","Lizard Tail"],"picked":"White Beast Statue"}],"potions_floor_spawned":[2,7,8,14,16,18,21,24,27,29],"seed_played":"8433172376194870754","killed_by":"Centurion and Healer","ascension_level":1,"is_trial":false}