{"gold_per_floor":[109,120,195,195,209,236,236,256,256,273,110,110,110,125,125,230,230,243,277,290,290,111,111,124,223,248,248,275,294,394,406,406,503,503,516,516,192,212,212,239,219,233,233,233,246,272,272,285,285,285],"floor_reached":50,"playtime":2627,"items_purged":["Strike_G","Strike_G","Defend_G"],"score":572,"play_id":"ae624d2c-bfd6-40c8-95dd-9baf4bfdc4e7","local_time":"20190630230530","is_ascension_mode":false,"campfire_choices":[{"floor":7,"key":"REST"},{"data":"Neutralize","floor":13,"key":"SMITH"},{"floor":15,"key":"REST"},{"data":"Corpse Explosion","floor":23,"key":"SMITH"},{"data":"Backflip","floor":27,"key":"SMITH"},{"data":"1","floor":32,"key":"LIFT"},{"data":"2","floor":44,"key":"LIFT"},{"data":"3","floor":47,"key":"LIFT"},{"floor":49,"key":"REST"}],"neow_cost":"TEN_PERCENT_HP_LOSS","seed_source_timestamp":15120644959283,"circlet_count":0,"master_deck":["Defend_G","Defend_G","Defend_G","Defend_G","Strike_G+1","Strike_G+1","Survivor","Neutralize+1","Backflip+1","PiercingWail","Corpse Explosion+1","Escape Plan","Finesse+1","Bouncing Flask+1","Adrenaline+1","Blur+1","Escape Plan+1","Slice","Distraction+1","Catalyst+1","Phantasmal Killer+1","Dodge and Roll+1","Backflip+1","Bullet Time+1","Catalyst+1","Backstab","Caltrops","Apotheosis+1","Metamorphosis+1","Dramatic Entrance","Well Laid Plans+1","Slice+1","Backflip+1","PiercingWail+1"],"relics":["Ring of the Snake","Gambling Chip","Kunai","Toxic Egg 2","WristBlade","Red Mask","GremlinMask","Smiling Mask","Omamori","Girya","Question Card","Sozu","ClockworkSouvenir","Bag of Marbles","Turnip","Snake Skull"],"potions_floor_usage":[8,19,19,19,33,33,42],"damage_taken":[{"damage":1,"enemies":"Cultist","floor":1,"turns":4},{"damage":0,"enemies":"Jaw Worm","floor":2,"turns":4},{"damage":0,"enemies":"Small Slimes","floor":5,"turns":2},{"damage":28,"enemies":"Gremlin Nob","floor":6,"turns":5},{"damage":0,"enemies":"Blue Slaver","floor":8,"turns":4},{"damage":3,"enemies":"Gremlin Gang","floor":10,"turns":2},{"damage":0,"enemies":"Large Slime","floor":14,"turns":9},{"damage":10,"enemies":"Hexaghost","floor":16,"turns":8},{"damage":0,"enemies":"Spheric Guardian","floor":18,"turns":3},{"damage":0,"enemies":"Masked Bandits","floor":19,"turns":3},{"damage":0,"enemies":"Chosen","floor":20,"turns":3},{"damage":0,"enemies":"3 Cultists","floor":24,"turns":3},{"damage":17,"enemies":"Gremlin Leader","floor":28,"turns":7},{"damage":7,"enemies":"Centurion and Healer","floor":29,"turns":8},{"damage":0,"enemies":"Colosseum Slavers","floor":30,"turns":3},{"damage":4,"enemies":"Colosseum Nobs","floor":30,"turns":3},{"damage":3,"enemies":"Snake Plant","floor":31,"turns":5},{"damage":31,"enemies":"Collector","floor":33,"turns":10},{"damage":0,"enemies":"3 Darklings","floor":35,"turns":2},{"damage":0,"enemies":"3 Shapes","floor":38,"turns":2},{"damage":0,"enemies":"Nemesis","floor":40,"turns":5},{"damage":11,"enemies":"Transient","floor":42,"turns":5},{"damage":1,"enemies":"Spire Growth","floor":45,"turns":3},{"damage":1,"enemies":"Reptomancer","floor":46,"turns":5},{"damage":7,"enemies":"Maw","floor":48,"turns":3},{"damage":55,"enemies":"Time Eater","floor":50,"turns":6}],"seed_played":"-5051730250762426875","potions_obtained":[{"floor":1,"key":"Energy Potion"},{"floor":5,"key":"Explosive Potion"},{"floor":14,"key":"PowerPotion"},{"floor":16,"key":"AttackPotion"},{"floor":28,"key":"EssenceOfSteel"},{"floor":31,"key":"Regen Potion"},{"floor":33,"key":"Explosive Potion"}],"is_trial":false,"path_per_floor":["M","M","?","?","M","E","R","M","T","M","$","?","R","M","R","B",null,"M","?","M","?","$","R","M","?","T","R","E","M","?","M","R","B",null,"M","?","$","M","?","E","?","M","T","R","M","E","R","M","R","B"],"character_chosen":"THE_SILENT","items_purchased":["Finesse+1","Distraction+1","ClockworkSouvenir","Backstab"],"campfire_rested":3,"item_purchase_floors":[11,22,37,37],"current_hp_per_floor":[62,62,51,38,38,10,28,28,28,25,25,25,25,25,43,33,63,63,63,63,63,63,63,63,63,63,63,46,39,35,32,32,16,63,63,63,63,63,53,53,53,42,42,42,41,40,40,33,51,0],"gold":285,"neow_bonus":"ONE_RARE_RELIC","is_prod":false,"is_daily":false,"chose_seed":false,"campfire_upgraded":3,"win_rate":0,"timestamp":1561928730,"path_taken":["M","M","?","?","M","E","R","M","T","M","$","?","R","?","R","BOSS","M","?","M","?","$","R","?","?","T","R","E","M","?","M","R","BOSS","M","?","$","M","?","E","?","?","T","R","M","E","R","M","R","BOSS"],"build_version":"2019-01-23","purchased_purges":3,"victory":false,"max_hp_per_floor":[63,63,63,63,63,63,63,63,63,63,63,63,63,63,63,63,63,63,63,63,63,63,63,63,63,63,63,63,63,63,63,63,63,63,63,63,63,63,63,63,63,63,63,63,63,63,63,63,63,63],"card_choices":[{"not_picked":["Skewer","Expertise"],"picked":"Poisoned Stab","floor":1},{"not_picked":["Deflect","Acrobatics"],"picked":"Backflip","floor":2},{"not_picked":["Deflect","Slice"],"picked":"PiercingWail","floor":5},{"not_picked":["Malaise","Endless Agony"],"picked":"Corpse Explosion","floor":6},{"not_picked":["Underhanded Strike","Noxious Fumes"],"picked":"Escape Plan","floor":8},{"not_picked":["Skewer","Flying Knee","Flechettes"],"picked":"SKIP","floor":10},{"not_picked":["Slice","Dagger Spray"],"picked":"Bouncing Flask+1","floor":14},{"not_picked":["Unload","Night Terror+1"],"picked":"Adrenaline+1","floor":16},{"not_picked":["Acrobatics+1","Prepared+1"],"picked":"Blur+1","floor":18},{"not_picked":["Dagger Spray+1","Deflect+1"],"picked":"Escape Plan+1","floor":19},{"not_picked":["PiercingWail+1","Underhanded Strike"],"picked":"Slice","floor":20},{"not_picked":["PiercingWail+1","Prepared+1"],"picked":"Catalyst+1","floor":24},{"not_picked":["Quick Slash","Poisoned Stab"],"picked":"Phantasmal Killer+1","floor":28},{"not_picked":["Outmaneuver+1","Flying Knee","Poisoned Stab"],"picked":"SKIP","floor":29},{"not_picked":["Finisher","Blur+1"],"picked":"Dodge and Roll+1","floor":30},{"not_picked":["Flying Knee","Blur+1","Underhanded Strike+1"],"picked":"Backflip+1","floor":31},{"not_picked":["Wraith Form v2","Venomology+1","Phantasmal Killer+1"],"picked":"Bullet Time+1","floor":33},{"not_picked":["Underhanded Strike+1","PiercingWail+1","Dagger Throw"],"picked":"Catalyst+1","floor":35},{"not_picked":["Sucker Punch+1","Dodge and Roll+1","Blur+1"],"picked":"Caltrops","floor":38},{"not_picked":["Bandage Up+1","Trip+1","Mayhem"],"picked":"Apotheosis+1","floor":39},{"not_picked":["Forethought+1","Transmutation+1","Thinking Ahead+1"],"picked":"Metamorphosis+1","floor":39},{"not_picked":["Impatience+1","Finesse+1","Deep Breath+1"],"picked":"Dramatic Entrance","floor":39},{"not_picked":["Sucker Punch","Blade Dance+1","Bane"],"picked":"Well Laid Plans+1","floor":40},{"not_picked":["PiercingWail+1","Deflect+1","Poisoned Stab"],"picked":"Slice+1","floor":42},{"not_picked":["Skewer+1","Dodge and Roll+1","Finisher+1"],"picked":"Backflip+1","floor":45},{"not_picked":["Tools of the Trade","Finisher+1","Outmaneuver+1"],"picked":"PiercingWail+1","floor":46},{"not_picked":["Acrobatics+1","Dagger Throw","Blade Dance+1","Dash"],"picked":"SKIP","floor":48}],"player_experience":19935,"relics_obtained":[{"floor":6,"key":"Kunai"},{"floor":9,"key":"Toxic Egg 2"},{"floor":19,"key":"Red Mask"},{"floor":26,"key":"Smiling Mask"},{"floor":28,"key":"Omamori"},{"floor":30,"key":"Girya"},{"floor":30,"key":"Question Card"},{"floor":40,"key":"Bag of Marbles"},{"floor":43,"key":"Turnip"},{"floor":46,"key":"Snake Skull"}],"event_choices":[{"damage_healed":0,"gold_gain":75,"player_choice":"Gather Gold","damage_taken":11,"max_hp_gain":0,"max_hp_loss":0,"event_name":"World of Goop","floor":3,"gold_loss":0},{"damage_healed":0,"gold_gain":0,"player_choice":"Entered Light","damage_taken":13,"max_hp_gain":0,"max_hp_loss":0,"event_name":"Shining Light","floor":4,"gold_loss":0,"cards_upgraded":["Strike_G","Strike_G"]},{"cards_removed":["Strike_G"],"damage_healed":0,"gold_gain":0,"player_choice":"Purged","damage_taken":0,"max_hp_gain":0,"max_hp_loss":0,"event_name":"Purifier","floor":12,"gold_loss":0},{"damage_healed":0,"gold_gain":0,"player_choice":"Fought Bandits","damage_taken":0,"max_hp_gain":0,"max_hp_loss":0,"event_name":"Masked Bandits","floor":19,"gold_loss":0},{"damage_healed":0,"gold_gain":0,"player_choice":"Trade","damage_taken":0,"relics_obtained":["GremlinMask"],"max_hp_gain":0,"max_hp_loss":0,"event_name":"FaceTrader","floor":21,"gold_loss":0},{"damage_healed":0,"gold_gain":99,"player_choice":"Stole From Cult","damage_taken":0,"max_hp_gain":0,"max_hp_loss":0,"event_name":"Nest","floor":25,"gold_loss":0},{"damage_healed":0,"gold_gain":0,"player_choice":"Fight","damage_taken":0,"max_hp_gain":0,"max_hp_loss":0,"event_name":"Colosseum","floor":30,"gold_loss":0},{"damage_healed":0,"gold_gain":0,"player_choice":"Fought Nobs","damage_taken":0,"max_hp_gain":0,"max_hp_loss":0,"event_name":"Colosseum","floor":30,"gold_loss":0},{"cards_removed":["Poisoned Stab"],"damage_healed":0,"gold_gain":0,"player_choice":"Removed Attack","damage_taken":0,"max_hp_gain":0,"max_hp_loss":0,"event_name":"Falling","floor":36,"gold_loss":0},{"damage_healed":0,"gold_gain":0,"player_choice":"Memory 3","damage_taken":10,"max_hp_gain":0,"max_hp_loss":0,"event_name":"SensoryStone","floor":39,"gold_loss":0},{"damage_healed":0,"gold_gain":0,"player_choice":"Bought 1 Potion","damage_taken":0,"max_hp_gain":0,"max_hp_loss":0,"event_name":"The Woman in Blue","floor":41,"gold_loss":0}],"is_beta":false,"boss_relics":[{"not_picked":["Velvet Choker","Lizard Tail"],"picked":"WristBlade"},{"not_picked":["Empty Cage","HoveringKite"],"picked":"Sozu"}],"items_purged_floors":[11,22,37],"is_endless":false,"potions_floor_spawned":[1,5,14,16,18,28,31,33,35,38,45,46,48],"killed_by":"Time Eater","ascension_level":0}