{"gold_per_floor":[126,153,180,192,219,231,270,282,366,73,146,146,121,138,138,240,240,257,270,0,14,14],"floor_reached":22,"playtime":1894,"items_purged":["Strike_B"],"score":186,"play_id":"37a4f24f-00ad-4b4a-8957-40948e831d29","local_time":"20190131201702","is_ascension_mode":false,"campfire_choices":[{"data":"Defragment","floor":6,"key":"SMITH"},{"floor":8,"key":"REST"},{"data":"Reinforced Body","floor":12,"key":"SMITH"},{"floor":15,"key":"REST"}],"neow_cost":"NONE","seed_source_timestamp":175217887834357,"circlet_count":0,"master_deck":["Strike_B","Strike_B","Defend_B","Defend_B","Defend_B","Defend_B","Zap","Dualcast","Stack","Recycle","Defragment+1","Second Wind","Reinforced Body+1","Seek","Stack","Echo Form","Static Discharge","White Noise","Self Repair","Stack","Heatsinks"],"relics":["Cracked Core","MawBank","Mango","Mummified Hand","Emotion Chip","The Courier","Nuclear Battery","Happy Flower"],"potions_floor_usage":[7,16,21,21],"damage_taken":[{"damage":0,"enemies":"Cultist","floor":1,"turns":3},{"damage":1,"enemies":"Jaw Worm","floor":2,"turns":3},{"damage":0,"enemies":"2 Louse","floor":3,"turns":2},{"damage":23,"enemies":"Large Slime","floor":5,"turns":7},{"damage":33,"enemies":"3 Sentries","floor":7,"turns":7},{"damage":14,"enemies":"Exordium Thugs","floor":14,"turns":4},{"damage":35,"enemies":"The Guardian","floor":16,"turns":12},{"damage":18,"enemies":"3 Byrds","floor":18,"turns":6},{"damage":15,"enemies":"Shell Parasite","floor":19,"turns":5},{"damage":43,"enemies":"Cultist and Chosen","floor":21,"turns":5},{"damage":32,"enemies":"Chosen and Byrds","floor":22,"turns":6}],"seed_played":"-683301180656954312","potions_obtained":[{"floor":3,"key":"Explosive Potion"},{"floor":7,"key":"FocusPotion"},{"floor":18,"key":"FearPotion"},{"floor":19,"key":"Strength Potion"}],"is_trial":false,"path_per_floor":["M","M","M","?","M","R","E","R","T","$","T","R","?","M","R","B",null,"M","M","$","M","M"],"character_chosen":"DEFECT","items_purchased":["Emotion Chip","Happy Flower","Self Repair","Stack"],"campfire_rested":2,"item_purchase_floors":[10,20,20,20],"current_hp_per_floor":[75,74,74,74,51,51,32,58,58,58,58,58,58,44,70,35,89,71,56,56,27,0],"gold":14,"neow_bonus":"RANDOM_COMMON_RELIC","is_prod":false,"is_daily":false,"chose_seed":false,"campfire_upgraded":2,"win_rate":0,"timestamp":1548987422,"path_taken":["M","M","?","?","M","R","E","R","T","?","?","R","?","M","R","BOSS","M","M","$","M","M"],"build_version":"2019-01-23","purchased_purges":1,"victory":false,"max_hp_per_floor":[75,75,75,75,75,75,89,89,89,89,89,89,89,89,89,89,89,89,89,89,89,89],"card_choices":[{"not_picked":["Gash","Cold Snap"],"picked":"Stack","floor":1},{"not_picked":["Turbo","Chaos"],"picked":"Recycle","floor":2},{"not_picked":["Steam","Tempest"],"picked":"Defragment","floor":3},{"not_picked":["Sunder","Reprogram"],"picked":"Reinforced Body","floor":5},{"not_picked":["Buffer","Steam"],"picked":"Seek","floor":7},{"not_picked":["Cold Snap","Redo"],"picked":"Stack","floor":14},{"not_picked":["Buffer","Core Surge"],"picked":"Echo Form","floor":16},{"not_picked":["Conserve Battery+1","Redo"],"picked":"Static Discharge","floor":18},{"not_picked":["FTL","Streamline"],"picked":"White Noise","floor":19},{"not_picked":["Streamline","Turbo"],"picked":"Heatsinks","floor":21}],"player_experience":217653,"relics_obtained":[{"floor":7,"key":"Mango"},{"floor":9,"key":"Mummified Hand"},{"floor":11,"key":"The Courier"}],"event_choices":[{"cards_removed":["Strike_B"],"damage_healed":0,"gold_gain":0,"player_choice":"Took Card","damage_taken":0,"max_hp_gain":0,"max_hp_loss":0,"event_name":"NoteForYourself","floor":4,"gold_loss":0,"cards_obtained":["Second Wind"]},{"damage_healed":0,"gold_gain":0,"player_choice":"Left Gold","damage_taken":0,"max_hp_gain":0,"max_hp_loss":0,"event_name":"World of Goop","floor":13,"gold_loss":25}],"is_beta":false,"boss_relics":[{"not_picked":["Coffee Dripper","Black Star"],"picked":"Nuclear Battery"}],"items_purged_floors":[20],"is_endless":false,"potions_floor_spawned":[3,7,18,19],"killed_by":"Chosen and Byrds","ascension_level":0}