{"gold_per_floor":[115,127,127,140,153,182,182,182,182,147,147,165,115,65,65,160,160,178,178,48,65,65,65,76,89,164,164,48,80,80],"floor_reached":30,"playtime":856,"items_purged":["Strike_B","Strike_B"],"score":273,"play_id":"50d32327-5334-4cc1-8a10-78594cb148ad","local_time":"20181123224956","is_ascension_mode":false,"campfire_choices":[{"data":"Redo","floor":7,"key":"SMITH"},{"floor":15,"key":"REST"},{"data":"Defragment","floor":23,"key":"SMITH"}],"neow_cost":"NONE","seed_source_timestamp":54016939077300,"circlet_count":0,"master_deck":["Strike_B","Defend_B+1","Defend_B","Defend_B+1","Zap+1","Dualcast","Gash","Steam+1","Gash","Redo+1","Conserve Battery","Doom and Gloom","Gash","All For One","Consume+1","Defragment+1","Gash","Defragment","Static Discharge"],"relics":["Cracked Core","NeowsBlessing","Oddly Smooth Stone","Kunai","Smiling Mask","Nuclear Battery","The Courier","War Paint","Calipers"],"potions_floor_usage":[5,6,12,12,16,16,21,29,29],"damage_taken":[{"damage":0,"enemies":"Small Slimes","floor":1,"turns":1},{"damage":0,"enemies":"Cultist","floor":2,"turns":1},{"damage":0,"enemies":"Jaw Worm","floor":4,"turns":1},{"damage":4,"enemies":"Exordium Thugs","floor":5,"turns":6},{"damage":36,"enemies":"Lagavulin","floor":6,"turns":6},{"damage":0,"enemies":"Blue Slaver","floor":12,"turns":2},{"damage":14,"enemies":"Hexaghost","floor":16,"turns":7},{"damage":21,"enemies":"2 Thieves","floor":18,"turns":4},{"damage":1,"enemies":"3 Byrds","floor":21,"turns":2},{"damage":7,"enemies":"Centurion and Healer","floor":24,"turns":5},{"damage":0,"enemies":"Snecko","floor":25,"turns":4},{"damage":70,"enemies":"Slavers","floor":29,"turns":6},{"damage":14,"enemies":"Snake Plant","floor":30,"turns":3}],"seed_played":"8746025742967933996","potions_obtained":[{"floor":2,"key":"EssenceOfSteel"},{"floor":5,"key":"Regen Potion"},{"floor":6,"key":"EntropicBrew"},{"floor":12,"key":"Energy Potion"},{"floor":18,"key":"PowerPotion"},{"floor":24,"key":"Fire Potion"},{"floor":25,"key":"Regen Potion"}],"is_trial":false,"path_per_floor":["M","M","?","M","M","E","R","?","T","$","?","M","$","?","R","B",null,"M","?","$","M","?","R","M","M","T","?","$","E","M"],"character_chosen":"DEFECT","items_purchased":["Doom and Gloom","Defragment","War Paint"],"campfire_rested":1,"item_purchase_floors":[10,20,28],"current_hp_per_floor":[75,75,75,75,71,47,47,47,47,47,32,32,32,32,54,40,75,54,54,54,53,75,75,68,68,68,68,68,13,0],"gold":80,"neow_bonus":"THREE_ENEMY_KILL","is_prod":false,"is_daily":false,"chose_seed":false,"campfire_upgraded":2,"win_rate":0,"timestamp":1543006196,"path_taken":["M","M","?","M","?","E","R","?","T","?","?","M","$","?","R","BOSS","M","?","?","M","?","R","M","?","T","?","$","E","M"],"build_version":"2018-11-15","purchased_purges":2,"victory":false,"max_hp_per_floor":[75,75,75,75,75,75,75,75,75,75,75,75,75,75,75,75,75,75,75,75,75,75,75,75,75,75,75,75,75,75],"card_choices":[{"not_picked":["Ball Lightning","Go for the Eyes"],"picked":"Gash","floor":1},{"not_picked":["Compile Driver","Darkness"],"picked":"Auto Shields","floor":2},{"not_picked":["Coolheaded","Turbo"],"picked":"Steam","floor":4},{"not_picked":["Heatsinks","Steam"],"picked":"Gash","floor":5},{"not_picked":["Ball Lightning","Compile Driver"],"picked":"Redo","floor":6},{"not_picked":["Rebound","Aggregate"],"picked":"Gash","floor":12},{"not_picked":["Biased Cognition","Meteor Strike"],"picked":"All For One","floor":16},{"not_picked":["Hologram+1","Rebound"],"picked":"Consume+1","floor":18},{"not_picked":["Storm+1","Barrage+1"],"picked":"Gash","floor":21},{"not_picked":["Redo","Meteor Strike","Cold Snap"],"picked":"SKIP","floor":24},{"not_picked":["Auto Shields","Hologram+1"],"picked":"Defragment","floor":25},{"not_picked":["Compile Driver+1","Lockon"],"picked":"Static Discharge","floor":29}],"player_experience":460385,"relics_obtained":[{"floor":6,"key":"Kunai"},{"floor":9,"key":"Smiling Mask"},{"floor":26,"key":"The Courier"},{"floor":29,"key":"Calipers"}],"event_choices":[{"cards_removed":["Auto Shields"],"damage_healed":0,"gold_gain":0,"player_choice":"Gave Card","damage_taken":0,"relics_obtained":["Oddly Smooth Stone"],"max_hp_gain":0,"max_hp_loss":0,"event_name":"WeMeetAgain","floor":3,"gold_loss":0},{"damage_healed":0,"gold_gain":0,"cards_transformed":["Defend_B"],"player_choice":"Transformed","damage_taken":0,"max_hp_gain":0,"max_hp_loss":0,"event_name":"Transmorgrifier","floor":8,"gold_loss":0,"cards_obtained":["Conserve Battery"]},{"damage_healed":0,"gold_gain":0,"player_choice":"Entered Light","damage_taken":15,"max_hp_gain":0,"max_hp_loss":0,"event_name":"Shining Light","floor":11,"gold_loss":0,"cards_upgraded":["Steam","Zap"]},{"cards_removed":["Strike_B"],"damage_healed":0,"gold_gain":0,"player_choice":"Card Removal","damage_taken":0,"max_hp_gain":0,"max_hp_loss":0,"event_name":"The Cleric","floor":14,"gold_loss":50},{"damage_healed":0,"gold_gain":0,"player_choice":"Bought 0 Potions","damage_taken":0,"max_hp_gain":0,"max_hp_loss":0,"event_name":"The Woman in Blue","floor":19,"gold_loss":0},{"damage_healed":22,"gold_gain":0,"player_choice":"Full Heal","damage_taken":0,"max_hp_gain":0,"max_hp_loss":0,"event_name":"Wheel of Change","floor":22,"gold_loss":0},{"damage_healed":0,"gold_gain":0,"player_choice":"Ignored","damage_taken":0,"max_hp_gain":0,"max_hp_loss":0,"event_name":"NoteForYourself","floor":27,"gold_loss":0}],"is_beta":false,"boss_relics":[{"not_picked":["Eternal Feather","Empty Cage"],"picked":"Nuclear Battery"}],"items_purged_floors":[13,20],"is_endless":false,"potions_floor_spawned":[2,5,6,12,18,24,25],"killed_by":"Snake Plant","ascension_level":0}