{"gold_per_floor":[19,19,94,19,19,19,19,19,76,76,88,88,119,138,138,236,236,250,250,210,135,135,162,182,182,207,107,107,117,146,160,160,255,255,272,292,309,184,195,195,526,526,526,540,615,615,615,649,661,673],"floor_reached":51,"playtime":3059,"items_purged":["Strike_G","Defend_G","Defend_G"],"score":789,"play_id":"b9a48810-e7a4-4938-98ea-c16b6daabc16","local_time":"20190712165715","is_ascension_mode":false,"campfire_choices":[{"data":"Survivor","floor":6.0,"key":"SMITH"},{"floor":8.0,"key":"RECALL"},{"data":"Prepared","floor":12.0,"key":"SMITH"},{"data":"Eviscerate","floor":15.0,"key":"SMITH"},{"data":"Tools of the Trade","floor":25.0,"key":"SMITH"},{"data":"Footwork","floor":28.0,"key":"SMITH"},{"data":"Caltrops","floor":32.0,"key":"SMITH"},{"data":"Endless Agony","floor":40,"key":"SMITH"},{"data":"Adrenaline","floor":42,"key":"SMITH"},{"data":"Underhanded Strike","floor":46,"key":"SMITH"},{"floor":49,"key":"REST"}],"neow_cost":"NO_GOLD","seed_source_timestamp":94162968779941,"circlet_count":0,"master_deck":["Strike_G+1","Defend_G+1","Defend_G","Survivor+1","Neutralize+1","Endless Agony+1","Eviscerate+1","Prepared+1","Tools of the Trade+1","Underhanded Strike+1","After Image","Acrobatics+1","Escape Plan","Prepared+1","Footwork+1","Outmaneuver+1","Backstab","Caltrops+1","Adrenaline+1","Reflex+1","Quick Slash+1","Caltrops","Choke+1","Reflex+1"],"special_seed":0,"relics":["Ring of the Snake","Tiny Chest","Art of War","Runic Pyramid","Calipers","Mango","Pocketwatch","Black Star","Pantograph","Old Coin","Ornamental Fan","Paper Crane","Shuriken","Question Card","MawBank"],"potions_floor_usage":[50],"damage_taken":[{"damage":4.0,"enemies":"Small Slimes","floor":1.0,"turns":6.0},{"damage":0.0,"enemies":"2 Louse","floor":11.0,"turns":3.0},{"damage":13.0,"enemies":"Gremlin Nob","floor":13.0,"turns":5.0},{"damage":0.0,"enemies":"Jaw Worm","floor":14.0,"turns":2.0},{"damage":14.0,"enemies":"Hexaghost","floor":16.0,"turns":10.0},{"damage":3.0,"enemies":"Spheric Guardian","floor":18.0,"turns":4.0},{"damage":0.0,"enemies":"Book of Stabbing","floor":23.0,"turns":7.0},{"damage":5.0,"enemies":"2 Thieves","floor":24.0,"turns":4.0},{"damage":0.0,"enemies":"3 Cultists","floor":29.0,"turns":5.0},{"damage":2.0,"enemies":"Slavers","floor":30.0,"turns":9.0},{"damage":0.0,"enemies":"Centurion and Healer","floor":31.0,"turns":4.0},{"damage":6.0,"enemies":"Collector","floor":33.0,"turns":12.0},{"damage":18,"enemies":"3 Shapes","floor":35,"turns":5},{"damage":0,"enemies":"Orb Walker","floor":36,"turns":3},{"damage":0,"enemies":"Spire Growth","floor":37,"turns":3},{"damage":0,"enemies":"3 Darklings","floor":39,"turns":4},{"damage":5,"enemies":"Reptomancer","floor":41,"turns":5},{"damage":5,"enemies":"Writhing Mass","floor":44,"turns":3},{"damage":0,"enemies":"Giant Head","floor":48,"turns":5},{"damage":17,"enemies":"Donu and Deca","floor":50,"turns":5}],"seed_played":"7399342400654153652","potions_obtained":[{"floor":1.0,"key":"Weak Potion"},{"floor":13.0,"key":"PowerPotion"},{"floor":30.0,"key":"Fire Potion"},{"floor":31.0,"key":"FearPotion"},{"floor":33.0,"key":"Energy Potion"}],"is_trial":false,"path_per_floor":["M","?","?","$","?","R","$","R","T","?","M","R","E","M","R","B",null,"M","T","$","?","?","E","M","R","T","$","R","M","E","M","R","B",null,"M","M","M","$","M","R","E","R","T","M","T","R","T","E","R","B",null],"character_chosen":"THE_SILENT","items_purchased":["Escape Plan"],"campfire_rested":1,"item_purchase_floors":[20],"current_hp_per_floor":[66,66,55,55,41,41,41,41,41,41,41,41,28,28,28,14,70,67,67,67,67,67,81,76,76,76,76,76,76,74,74,74,68,84,66,66,66,66,66,66,61,61,61,56,56,56,56,56,81,67],"gold":685,"neow_bonus":"REMOVE_TWO","is_prod":false,"is_daily":false,"chose_seed":false,"campfire_upgraded":9,"win_rate":0,"timestamp":1562943435,"path_taken":["M","?","?","?","?","R","$","R","T","?","M","R","E","M","R","BOSS","M","?","$","?","?","E","M","R","T","$","R","M","E","M","R","BOSS","M","M","?","$","M","R","E","R","T","?","?","R","?","E","R","BOSS"],"build_version":"2019-07-05","purchased_purges":3,"victory":true,"max_hp_per_floor":[70,70,70,70,70,70,70,70,70,70,70,70,70,70,70,70,70,70,70,70,70,70,84,84,84,84,84,84,84,84,84,84,84,84,84,84,84,84,84,84,84,84,84,84,84,84,84,84,84,84],"card_choices":[{"not_picked":["Leg Sweep","Backflip"],"picked":"Endless Agony","floor":1.0},{"not_picked":["Leg Sweep","Bane"],"picked":"Prepared","floor":11.0},{"not_picked":["Slice","Cloak And Dagger"],"picked":"Tools of the Trade","floor":13.0},{"not_picked":["Poisoned Stab","Accuracy"],"picked":"Underhanded Strike","floor":14.0},{"not_picked":["Venomology","Grand Finale"],"picked":"After Image","floor":16.0},{"not_picked":["PiercingWail","All Out Attack"],"picked":"Acrobatics+1","floor":18.0},{"not_picked":["Slice+1","Eviscerate","Bane"],"picked":"SKIP","floor":23.0},{"not_picked":["Outmaneuver","Blade Dance"],"picked":"Footwork","floor":24.0},{"not_picked":["Blade Dance","Cloak And Dagger+1"],"picked":"Outmaneuver+1","floor":29.0},{"not_picked":["Blade Dance+1","Terror"],"picked":"Backstab","floor":30.0},{"not_picked":["Dash","Cloak And Dagger"],"picked":"Caltrops","floor":31.0},{"not_picked":["After Image","Doppelganger"],"picked":"Adrenaline","floor":33.0},{"not_picked":["Dodge and Roll","Noxious Fumes+1"],"picked":"Reflex+1","floor":35},{"not_picked":["Escape Plan","Acrobatics"],"picked":"Quick Slash+1","floor":36},{"not_picked":["Eviscerate+1","Dodge and Roll"],"picked":"Caltrops","floor":37},{"not_picked":["Infinite Blades+1","Slice+1","Dodge and Roll"],"picked":"SKIP","floor":39},{"not_picked":["PiercingWail+1","Deflect+1"],"picked":"Choke+1","floor":41},{"not_picked":["Quick Slash+1","Accuracy"],"picked":"Reflex+1","floor":44},{"not_picked":["Flying Knee","Flechettes","Eviscerate"],"picked":"SKIP","floor":48}],"player_experience":90836,"relics_obtained":[{"floor":9.0,"key":"Tiny Chest"},{"floor":13.0,"key":"Art of War"},{"floor":19.0,"key":"Calipers"},{"floor":23.0,"key":"Mango"},{"floor":30.0,"key":"Pocketwatch"},{"floor":41,"key":"Pantograph"},{"floor":41,"key":"Old Coin"},{"floor":43,"key":"Ornamental Fan"},{"floor":45,"key":"Paper Crane"},{"floor":47,"key":"Shuriken"},{"floor":48,"key":"Question Card"},{"floor":48,"key":"MawBank"}],"event_choices":[{"damage_healed":0.0,"max_hp_gain":0.0,"max_hp_loss":0.0,"gold_gain":0.0,"event_name":"Living Wall","player_choice":"Grow","floor":2.0,"gold_loss":0.0,"damage_taken":0.0,"cards_upgraded":["Neutralize"]},{"damage_healed":0.0,"max_hp_gain":0.0,"max_hp_loss":0.0,"gold_gain":75.0,"event_name":"World of Goop","player_choice":"Gather Gold","floor":3.0,"gold_loss":0.0,"damage_taken":11.0},{"damage_healed":0.0,"max_hp_gain":0.0,"max_hp_loss":0.0,"gold_gain":0.0,"event_name":"Shining Light","player_choice":"Entered Light","floor":5.0,"gold_loss":0.0,"damage_taken":14.0,"cards_upgraded":["Defend_G","Strike_G"]},{"damage_healed":0.0,"max_hp_gain":0.0,"max_hp_loss":0.0,"gold_gain":0.0,"cards_transformed":["Strike_G"],"event_name":"Transmorgrifier","player_choice":"Transformed","floor":10.0,"gold_loss":0.0,"damage_taken":0.0,"cards_obtained":["Eviscerate"]},{"cards_removed":["Strike_G"],"damage_healed":0.0,"max_hp_gain":0.0,"max_hp_loss":0.0,"gold_gain":0.0,"event_name":"Beggar","player_choice":"Gave Gold","floor":21.0,"gold_loss":75.0,"damage_taken":0.0},{"damage_healed":0.0,"max_hp_gain":0.0,"max_hp_loss":0.0,"gold_gain":0.0,"event_name":"Duplicator","player_choice":"Copied","floor":22.0,"gold_loss":0.0,"damage_taken":0.0,"cards_obtained":["Prepared"]}],"is_beta":false,"boss_relics":[{"not_picked":["Snecko Eye","Lizard Tail"],"picked":"Runic Pyramid"},{"not_picked":["Ring of the Serpent","WristBlade"],"picked":"Black Star"}],"items_purged_floors":[4,27,38],"is_endless":false,"potions_floor_spawned":[1,13,30,31,33,36,41,44,48],"ascension_level":0}