{"gold_per_floor":[109,109,34,34,134,159,172,189,189,45,107,132,151,101,101,198,198,213,213,228,242,157,157,190,190,190,190,215,215,215,228,228,228],"floor_reached":33,"playtime":1275,"items_purged":["Defend_G"],"score":426,"play_id":"88c69cb9-3eb3-4272-a279-0ed2fa623e21","local_time":"20190404165130","is_ascension_mode":true,"campfire_choices":[{"floor":15,"key":"REST"},{"floor":23,"key":"RECALL"},{"floor":25,"key":"REST"},{"floor":27,"key":"REST"},{"data":"Burst","floor":30,"key":"SMITH"},{"floor":32,"key":"REST"}],"neow_cost":"NONE","seed_source_timestamp":31385782246600,"circlet_count":0,"master_deck":["Survivor","Neutralize+1","Slice+1","Corpse Explosion","Catalyst","Poisoned Stab","PiercingWail","Dodge and Roll","Malaise","Burst+1","Underhanded Strike","Acrobatics","Noxious Fumes","Riddle With Holes","Poisoned Stab","Quick Slash+1","Crippling Poison","Slice+1","Backstab","Distraction"],"relics":["Ring of the Snake","NeowsBlessing","Anchor","PreservedInsect","Orichalcum","Paper Crane","Pandora\u0027s Box","Lantern","Whetstone","Omamori","Singing Bowl","MutagenicStrength"],"potions_floor_usage":[11,16,16,28],"damage_taken":[{"damage":0,"enemies":"2 Louse","floor":1,"turns":1},{"damage":0,"enemies":"Gremlin Nob","floor":6,"turns":1},{"damage":0,"enemies":"Small Slimes","floor":7,"turns":1},{"damage":0,"enemies":"Cultist","floor":8,"turns":3},{"damage":16,"enemies":"Lagavulin Event","floor":11,"turns":4},{"damage":7,"enemies":"Lagavulin","floor":12,"turns":5},{"damage":3,"enemies":"Looter","floor":13,"turns":3},{"damage":17,"enemies":"The Guardian","floor":16,"turns":12},{"damage":1,"enemies":"3 Byrds","floor":18,"turns":3},{"damage":12,"enemies":"Chosen","floor":20,"turns":8},{"damage":5,"enemies":"Snake Plant","floor":21,"turns":5},{"damage":26,"enemies":"Book of Stabbing","floor":24,"turns":6},{"damage":0,"enemies":"Slavers","floor":28,"turns":2},{"damage":18,"enemies":"Snecko","floor":31,"turns":5},{"damage":99,"enemies":"Champ","floor":33,"turns":11}],"seed_played":"-5052819156725605711","potions_obtained":[{"floor":6,"key":"Explosive Potion"},{"floor":8,"key":"SpeedPotion"},{"floor":11,"key":"Swift Potion"},{"floor":18,"key":"FairyPotion"},{"floor":24,"key":"Block Potion"},{"floor":31,"key":"FearPotion"}],"is_trial":false,"path_per_floor":["M","?","$","?","?","E","M","M","T","$","?","E","M","?","R","B",null,"M","?","M","M","?","R","E","R","T","R","E","?","R","M","R","B"],"character_chosen":"THE_SILENT","items_purchased":["PreservedInsect"],"campfire_rested":4,"item_purchase_floors":[10],"current_hp_per_floor":[70,63,63,49,49,49,49,49,49,49,33,26,23,23,44,27,59,58,58,46,41,41,41,15,36,36,57,59,59,59,41,62,0],"gold":228,"neow_bonus":"THREE_ENEMY_KILL","is_prod":false,"is_daily":false,"chose_seed":false,"campfire_upgraded":1,"win_rate":0,"timestamp":1554385890,"path_taken":["M","?","$","?","?","E","M","?","T","$","?","E","M","?","R","BOSS","M","?","M","M","?","R","E","R","T","R","E","?","R","M","R","BOSS"],"build_version":"2019-01-23","purchased_purges":1,"victory":false,"max_hp_per_floor":[70,70,70,70,70,70,70,70,70,70,70,70,70,70,70,70,70,70,70,70,70,70,70,70,70,70,70,72,72,72,72,72,72],"card_choices":[{"not_picked":["Dagger Throw","Underhanded Strike"],"picked":"Slice","floor":1},{"not_picked":["Dash","Flying Knee"],"picked":"Corpse Explosion","floor":6},{"not_picked":["Slice","Prepared"],"picked":"Catalyst","floor":7},{"not_picked":["Endless Agony","Reflex","Concentrate"],"picked":"SKIP","floor":8},{"not_picked":["Well Laid Plans","Flying Knee"],"picked":"Poisoned Stab","floor":11},{"not_picked":["Flying Knee","Dagger Throw"],"picked":"PiercingWail","floor":12},{"not_picked":["Cloak And Dagger","Concentrate"],"picked":"Dodge and Roll","floor":13},{"not_picked":["Storm of Steel","Night Terror"],"picked":"Malaise","floor":16},{"not_picked":["Leg Sweep+1","Footwork"],"picked":"Crippling Poison","floor":18},{"not_picked":["Setup","Expertise"],"picked":"Slice+1","floor":20},{"not_picked":["Bane","Sucker Punch","Underhanded Strike+1"],"picked":"SKIP","floor":21},{"not_picked":["Underhanded Strike+1","Dash"],"picked":"Backstab","floor":24},{"not_picked":["Choke","Flying Knee+1","Well Laid Plans"],"picked":"Singing Bowl","floor":28},{"not_picked":["Flying Knee","Blade Dance"],"picked":"Distraction","floor":31}],"player_experience":522410,"relics_obtained":[{"floor":6,"key":"Anchor"},{"floor":11,"key":"Orichalcum"},{"floor":12,"key":"Paper Crane"},{"floor":24,"key":"Whetstone"},{"floor":26,"key":"Omamori"},{"floor":28,"key":"Singing Bowl"}],"event_choices":[{"cards_removed":["Strike_G"],"damage_healed":0,"gold_gain":0,"player_choice":"Card Removal","damage_taken":7,"max_hp_gain":0,"max_hp_loss":0,"event_name":"Golden Wing","floor":2,"gold_loss":0},{"damage_healed":0,"gold_gain":0,"player_choice":"Entered Light","damage_taken":14,"max_hp_gain":0,"max_hp_loss":0,"event_name":"Shining Light","floor":4,"gold_loss":0,"cards_upgraded":["Slice","Strike_G"]},{"damage_healed":0,"gold_gain":100,"player_choice":"Gold","damage_taken":0,"max_hp_gain":0,"max_hp_loss":0,"event_name":"Wheel of Change","floor":5,"gold_loss":0},{"damage_healed":0,"gold_gain":30,"player_choice":"Searched \u00272\u0027 times","damage_taken":0,"max_hp_gain":0,"max_hp_loss":0,"event_name":"Dead Adventurer","floor":11,"gold_loss":0},{"cards_removed":["Strike_G"],"damage_healed":0,"gold_gain":0,"player_choice":"Card Removal","damage_taken":0,"max_hp_gain":0,"max_hp_loss":0,"event_name":"The Cleric","floor":14,"gold_loss":50},{"damage_healed":0,"gold_gain":0,"player_choice":"Ignored","damage_taken":0,"max_hp_gain":0,"max_hp_loss":0,"event_name":"Vampires","floor":19,"gold_loss":0},{"damage_healed":0,"gold_gain":0,"player_choice":"Obtained Relic","damage_taken":0,"relics_obtained":["Lantern"],"max_hp_gain":0,"max_hp_loss":0,"event_name":"Addict","floor":22,"gold_loss":85},{"damage_healed":0,"gold_gain":0,"player_choice":"Inject Mutagens","damage_taken":0,"relics_obtained":["MutagenicStrength"],"max_hp_gain":0,"max_hp_loss":0,"event_name":"Drug Dealer","floor":29,"gold_loss":0}],"is_beta":false,"boss_relics":[{"not_picked":["White Beast Statue","Ring of the Serpent"],"picked":"Pandora\u0027s Box"}],"items_purged_floors":[3],"is_endless":false,"potions_floor_spawned":[6,8,11,18,24,31],"killed_by":"Champ","ascension_level":5}