{"gold_per_floor":[119,119,119,129,129,129,157,157,183,183,223,223,237,85,85,216,216,231,231,231,231,231,231],"floor_reached":23,"playtime":561,"items_purged":[],"score":262,"play_id":"3e378eea-8149-4105-bc55-d210c477b568","local_time":"20180809162110","is_ascension_mode":true,"campfire_choices":[{"data":"Chaos","floor":6,"key":"SMITH"},{"floor":12,"key":"REST"},{"floor":15,"key":"REST"}],"neow_cost":"NONE","seed_source_timestamp":1027819080670873,"circlet_count":0,"master_deck":["Strike_B","Strike_B","Strike_B","Defend_B","Zap","Dualcast","Chaos+1","Conserve Battery","Fission","Melter","Sweeping Beam","Creative AI","Doom and Gloom","Sweeping Beam","Writhe","Necronomicurse"],"relics":["Cracked Core","NeowsBlessing","Anchor","Golden Idol","Bag of Marbles","Question Card","Oddly Smooth Stone","Juzu Bracelet","Black Star","StoneCalendar","Necronomicon"],"potions_floor_usage":[11,16,23],"damage_taken":[{"damage":0,"enemies":"Jaw Worm","floor":1,"turns":1},{"damage":0,"enemies":"Cultist","floor":4,"turns":1},{"damage":0,"enemies":"Gremlin Nob","floor":7,"turns":1},{"damage":49,"enemies":"3 Sentries","floor":11,"turns":8},{"damage":0,"enemies":"2 Louse","floor":13,"turns":2},{"damage":35,"enemies":"The Guardian","floor":16,"turns":9},{"damage":15,"enemies":"Spheric Guardian","floor":18,"turns":4},{"damage":75,"enemies":"Gremlin Leader","floor":23,"turns":5}],"seed_played":"-1207330743878707893","potions_obtained":[{"floor":7,"key":"Energy Potion"},{"floor":11,"key":"GamblersBrew"},{"floor":18,"key":"SteroidPotion"}],"is_trial":false,"path_per_floor":["M","?","?","M","?","R","E","?","T","T","E","R","M","$","R","B",null,"M","?","?","?","?"],"character_chosen":"DEFECT","items_purchased":["Juzu Bracelet"],"campfire_rested":2,"item_purchase_floors":[14],"current_hp_per_floor":[75,75,75,75,68,68,68,50,50,50,1,23,23,23,45,10,75,60,60,60,44,69,0],"gold":231,"neow_bonus":"THREE_ENEMY_KILL","is_prod":false,"is_daily":false,"chose_seed":false,"campfire_upgraded":1,"win_rate":0,"timestamp":1533820870,"path_taken":["M","?","?","M","?","R","E","?","T","?","E","R","M","?","R","BOSS","M","?","?","?","?","E"],"build_version":"2018-08-02","purchased_purges":0,"victory":false,"max_hp_per_floor":[75,75,75,75,75,75,75,75,75,75,75,75,75,75,75,75,75,75,75,75,75,75,75],"card_choices":[{"not_picked":["Barrage","Capacitor"],"picked":"Chaos","floor":1},{"not_picked":["Go for the Eyes","Recycle"],"picked":"Conserve Battery","floor":4},{"not_picked":["Recycle","Melter"],"picked":"Fission","floor":7},{"not_picked":["Streamline","Hologram","Consume"],"picked":"Melter","floor":11},{"not_picked":["Stack","Skim","Hologram"],"picked":"Sweeping Beam","floor":13},{"not_picked":["Biased Cognition","All For One","Machine Learning"],"picked":"Creative AI","floor":16},{"not_picked":["Force Field+1","Coolheaded","Capacitor"],"picked":"Doom and Gloom","floor":18}],"player_experience":334786,"relics_obtained":[{"floor":7,"key":"Anchor"},{"floor":9,"key":"Bag of Marbles"},{"floor":10,"key":"Question Card"},{"floor":11,"key":"Oddly Smooth Stone"},{"floor":21,"key":"Necronomicon"}],"event_choices":[{"event_name":"Bonfire Elementals","player_choice":"BASIC","floor":2,"damage_taken":0},{"event_name":"Living Wall","player_choice":"Forget","floor":3,"damage_taken":0},{"event_name":"Golden Wing","player_choice":"Card Removal","floor":5,"damage_taken":0},{"event_name":"Golden Idol","player_choice":"Take Damage","floor":8,"damage_taken":0},{"event_name":"Transmorgrifier","player_choice":"Transform","floor":19,"damage_taken":0},{"event_name":"The Mausoleum","player_choice":"Yes","floor":20,"damage_taken":0},{"event_name":"Cursed Tome","player_choice":"Obtained Book","floor":21,"damage_taken":0},{"event_name":"The Library","player_choice":"Heal","floor":22,"damage_taken":0}],"is_beta":false,"boss_relics":[{"not_picked":["Coffee Dripper","Runic Pyramid"],"picked":"Black Star"}],"items_purged_floors":[],"is_endless":false,"potions_floor_spawned":[7,11,18],"killed_by":"Gremlin Leader","ascension_level":4}