{"gold_per_floor":[113,126,401,156,169,169,197,212,212,287,287,322,322,338,338,434,434,452,452,437,455,40,70,88,113,138,148,148,148],"floor_reached":29,"playtime":1786,"items_purged":["Regret"],"score":360,"play_id":"a99d9fb6-9718-40c7-a52d-5e8d857acb3a","local_time":"20190311132329","is_ascension_mode":true,"campfire_choices":[{"data":"Distraction","floor":6,"key":"SMITH"},{"data":"Neutralize","floor":11,"key":"SMITH"},{"floor":13,"key":"REST"},{"floor":15,"key":"REST"}],"neow_cost":"NONE","seed_source_timestamp":20093913717100,"circlet_count":0,"master_deck":["Defend_G","Defend_G","Defend_G","Defend_G","Defend_G","Strike_G","Strike_G","Strike_G","Strike_G","Strike_G","Survivor","Neutralize+1","Blur","Dash","Caltrops","Distraction+1","Cloak And Dagger","Cloak And Dagger","Caltrops","Accuracy","Venomology","Prepared+1","Unload","Leg Sweep","Bullet Time","PiercingWail","Calculated Gamble"],"relics":["Ring of the Snake","NeowsBlessing","Ninja Scroll","The Specimen","Snecko Eye","Nloth\u0027s Gift","OrangePellets","Oddly Smooth Stone","Nunchaku","PreservedInsect","Orichalcum","Kunai"],"potions_floor_usage":[4,12,12,18,18,21,21,21,23,23,23,23,23,23,25,25,25,27,29],"damage_taken":[{"damage":0,"enemies":"Jaw Worm","floor":1,"turns":1},{"damage":0,"enemies":"Cultist","floor":2,"turns":1},{"damage":0,"enemies":"2 Louse","floor":5,"turns":2},{"damage":17,"enemies":"Gremlin Nob","floor":7,"turns":5},{"damage":0,"enemies":"Blue Slaver","floor":8,"turns":2},{"damage":24,"enemies":"Lagavulin","floor":12,"turns":7},{"damage":8,"enemies":"Exordium Thugs","floor":14,"turns":5},{"damage":30,"enemies":"Hexaghost","floor":16,"turns":11},{"damage":26,"enemies":"Chosen","floor":18,"turns":8},{"damage":35,"enemies":"2 Thieves","floor":20,"turns":4},{"damage":12,"enemies":"Shelled Parasite and Fungi","floor":21,"turns":9},{"damage":6,"enemies":"Slavers","floor":23,"turns":7},{"damage":2,"enemies":"Snecko","floor":24,"turns":6},{"damage":0,"enemies":"Gremlin Leader","floor":25,"turns":7},{"damage":8,"enemies":"Sentry and Sphere","floor":27,"turns":9},{"damage":6,"enemies":"Colosseum Slavers","floor":29,"turns":1}],"seed_played":"-659615056677887847","potions_obtained":[{"floor":2,"key":"Swift Potion"},{"floor":7,"key":"AttackPotion"},{"floor":16,"key":"Dexterity Potion"},{"floor":20,"key":"Weak Potion"},{"floor":21,"key":"FearPotion"},{"floor":23,"key":"SteroidPotion"}],"is_trial":false,"path_per_floor":["M","M","?","$","M","R","E","M","T","?","R","E","R","M","R","B",null,"M","?","M","M","$","E","M","E","T","M","T","?"],"character_chosen":"THE_SILENT","items_purchased":["Caltrops","Fruit Juice","Regen Potion","OrangePellets","Oddly Smooth Stone"],"campfire_rested":2,"item_purchase_floors":[4,4,22,22,22],"current_hp_per_floor":[70,70,70,75,75,75,58,58,58,47,47,23,45,37,59,29,75,49,49,14,2,2,11,9,9,9,1,1,0],"gold":148,"neow_bonus":"THREE_ENEMY_KILL","is_prod":false,"is_daily":false,"chose_seed":false,"campfire_upgraded":2,"win_rate":0,"timestamp":1552303409,"path_taken":["M","M","?","?","M","R","E","M","T","?","R","E","R","M","R","BOSS","M","?","M","M","?","E","M","E","T","M","?","?"],"build_version":"2019-01-23","purchased_purges":1,"victory":false,"max_hp_per_floor":[70,70,70,75,75,75,75,75,75,75,75,75,75,75,75,75,75,75,75,75,75,75,75,75,75,75,75,75,75],"card_choices":[{"not_picked":["Cloak And Dagger","Finisher"],"picked":"Blur","floor":1},{"not_picked":["Dagger Spray","Poisoned Stab"],"picked":"Dash","floor":2},{"not_picked":["Sucker Punch","Predator"],"picked":"Distraction","floor":5},{"not_picked":["Tactician","Dagger Spray"],"picked":"Cloak And Dagger","floor":7},{"not_picked":["Predator","Escape Plan"],"picked":"Cloak And Dagger","floor":8},{"not_picked":["Prepared","Blade Dance"],"picked":"Caltrops","floor":12},{"not_picked":["Endless Agony","Dagger Spray"],"picked":"Accuracy","floor":14},{"not_picked":["Doppelganger","Phantasmal Killer"],"picked":"Venomology","floor":16},{"not_picked":["Acrobatics","Concentrate"],"picked":"Prepared+1","floor":18},{"not_picked":["Dash","Blur"],"picked":"Unload","floor":20},{"not_picked":["Quick Slash","Poisoned Stab"],"picked":"Leg Sweep","floor":21},{"not_picked":["Finisher","Masterful Stab"],"picked":"Bullet Time","floor":23},{"not_picked":["Backflip","Bane+1"],"picked":"PiercingWail","floor":24},{"not_picked":["Dagger Throw+1","Quick Slash"],"picked":"Calculated Gamble","floor":25},{"not_picked":["Escape Plan","Deadly Poison","Prepared"],"picked":"SKIP","floor":27}],"player_experience":491756,"relics_obtained":[{"floor":7,"key":"Ninja Scroll"},{"floor":9,"key":"The Specimen"},{"floor":12,"key":"Girya"},{"floor":23,"key":"Nunchaku"},{"floor":25,"key":"PreservedInsect"},{"floor":26,"key":"Orichalcum"},{"floor":28,"key":"Kunai"}],"event_choices":[{"damage_healed":0,"gold_gain":275,"player_choice":"Desecrate","damage_taken":0,"max_hp_gain":0,"max_hp_loss":0,"event_name":"Golden Shrine","floor":3,"gold_loss":0,"cards_obtained":["Regret"]},{"damage_healed":0,"gold_gain":75,"player_choice":"Gather Gold","damage_taken":11,"max_hp_gain":0,"max_hp_loss":0,"event_name":"World of Goop","floor":10,"gold_loss":0},{"damage_healed":0,"gold_gain":0,"player_choice":"Traded Relic","damage_taken":0,"relics_obtained":["Nloth\u0027s Gift"],"max_hp_gain":0,"max_hp_loss":0,"event_name":"N\u0027loth","floor":19,"relics_lost":["Girya"],"gold_loss":0},{"damage_healed":0,"gold_gain":0,"player_choice":"Fight","damage_taken":0,"max_hp_gain":0,"max_hp_loss":0,"event_name":"Colosseum","floor":29,"gold_loss":0}],"is_beta":false,"boss_relics":[{"not_picked":["Velvet Choker","HoveringKite"],"picked":"Snecko Eye"}],"items_purged_floors":[4],"is_endless":false,"potions_floor_spawned":[2,7,16,20,21,23],"killed_by":"Colosseum Slavers","ascension_level":4}