{"gold_per_floor":[218,218,237,248,259,294,294,309,309,336,316,316,28,54,54,130,130,146,165,165,165,179,179,212,212,267,192,69,69,6,21,21,21],"floor_reached":33,"playtime":955,"items_purged":["Defend_R","Strike_R","Strike_R"],"score":450,"play_id":"dc5cc0a0-61ff-4451-98cd-7b666219c7d7","local_time":"20190328165700","is_ascension_mode":true,"campfire_choices":[{"floor":7,"key":"RECALL"},{"data":"Rampage","floor":12,"key":"SMITH"},{"floor":15,"key":"REST"},{"floor":23,"key":"REST"},{"floor":25,"key":"REST"},{"floor":29,"key":"REST"},{"floor":32,"key":"REST"}],"neow_cost":"NONE","seed_source_timestamp":31604233349300,"circlet_count":0,"master_deck":["AscendersBane","Strike_R","Strike_R","Strike_R","Defend_R+1","Bash","Rage","Clash","Pummel","Rampage+1","Flex+1","Pummel","Dramatic Entrance","Demon Form","Clothesline","Whirlwind","Disarm+1"],"relics":["Burning Blood","Red Skull","War Paint","Membership Card","Juzu Bracelet","Sozu","MutagenicStrength","Frozen Egg 2","Tiny Chest","Boot"],"potions_floor_usage":[5,6,8,10,16,22],"damage_taken":[{"damage":8,"enemies":"2 Louse","floor":1,"turns":3},{"damage":6,"enemies":"Cultist","floor":3,"turns":3},{"damage":2,"enemies":"Small Slimes","floor":4,"turns":4},{"damage":12,"enemies":"Looter","floor":5,"turns":3},{"damage":29,"enemies":"Lagavulin","floor":6,"turns":5},{"damage":0,"enemies":"Blue Slaver","floor":8,"turns":2},{"damage":26,"enemies":"3 Sentries","floor":10,"turns":7},{"damage":30,"enemies":"Slime Boss","floor":16,"turns":9},{"damage":7,"enemies":"Chosen","floor":18,"turns":4},{"damage":28,"enemies":"Shell Parasite","floor":19,"turns":5},{"damage":35,"enemies":"Colosseum Slavers","floor":20,"turns":3},{"damage":14,"enemies":"3 Cultists","floor":22,"turns":4},{"damage":33,"enemies":"Slavers","floor":24,"turns":4},{"damage":15,"enemies":"Snake Plant","floor":31,"turns":4},{"damage":92,"enemies":"Automaton","floor":33,"turns":6}],"seed_played":"6718553559860700795","potions_obtained":[{"floor":3,"key":"Regen Potion"},{"floor":4,"key":"Explosive Potion"},{"floor":5,"key":"Explosive Potion"},{"floor":6,"key":"AttackPotion"},{"floor":10,"key":"BloodPotion"},{"floor":11,"key":"Block Potion"}],"is_trial":false,"path_per_floor":["M","?","M","M","M","E","R","M","T","E","?","R","$","T","R","B",null,"M","M","?","?","M","R","E","R","T","?","$","R","$","M","R","B"],"character_chosen":"IRONCLAD","items_purchased":["Membership Card","Dramatic Entrance","Boot"],"campfire_rested":5,"item_purchase_floors":[13,13,28],"current_hp_per_floor":[70,70,70,74,68,59,59,65,65,45,45,45,45,45,69,45,71,70,48,19,19,19,43,16,40,40,40,40,64,64,55,79,0],"gold":21,"neow_bonus":"HUNDRED_GOLD","is_prod":false,"is_daily":false,"chose_seed":false,"campfire_upgraded":1,"win_rate":0,"timestamp":1553785020,"path_taken":["M","?","?","M","M","E","R","M","T","E","?","R","$","?","R","BOSS","M","M","?","?","M","R","E","R","T","?","?","R","$","M","R","BOSS"],"build_version":"2019-01-23","purchased_purges":3,"victory":false,"max_hp_per_floor":[80,80,80,80,80,80,80,80,80,80,80,80,80,80,80,80,80,80,80,80,80,80,80,80,80,80,80,80,80,80,80,80,80],"card_choices":[{"not_picked":["Iron Wave","Clash"],"picked":"Rage","floor":1},{"not_picked":["Armaments","Anger"],"picked":"Pummel","floor":3},{"not_picked":["Wild Strike","Spot Weakness","Perfected Strike"],"picked":"SKIP","floor":4},{"not_picked":["Cleave","Searing Blow"],"picked":"Rampage","floor":5},{"not_picked":["Cleave","Feel No Pain"],"picked":"Flex","floor":6},{"not_picked":["Heavy Blade","Shrug It Off","Limit Break"],"picked":"SKIP","floor":8},{"not_picked":["Armaments","Heavy Blade"],"picked":"Pummel","floor":10},{"not_picked":["Exhume","Dark Embrace"],"picked":"Demon Form","floor":16},{"not_picked":["Perfected Strike","Shockwave"],"picked":"Clothesline","floor":18},{"not_picked":["Clothesline","Headbutt"],"picked":"Whirlwind","floor":19},{"not_picked":["Heavy Blade","Warcry","Havoc"],"picked":"SKIP","floor":22},{"not_picked":["Shockwave","Searing Blow"],"picked":"Disarm+1","floor":24},{"not_picked":["True Grit","Anger","Hemokinesis"],"picked":"SKIP","floor":31}],"player_experience":504487,"relics_obtained":[{"floor":6,"key":"Red Skull"},{"floor":10,"key":"War Paint"},{"floor":14,"key":"Juzu Bracelet"},{"floor":24,"key":"Frozen Egg 2"},{"floor":26,"key":"Tiny Chest"}],"event_choices":[{"damage_healed":0,"gold_gain":0,"cards_transformed":["Defend_R"],"player_choice":"Transformed","damage_taken":0,"max_hp_gain":0,"max_hp_loss":0,"event_name":"Transmorgrifier","floor":2,"gold_loss":0,"cards_obtained":["Clash"]},{"damage_healed":0,"gold_gain":0,"player_choice":"Bought 1 Potion","damage_taken":0,"max_hp_gain":0,"max_hp_loss":0,"event_name":"The Woman in Blue","floor":11,"gold_loss":0},{"damage_healed":0,"gold_gain":0,"player_choice":"Fight","damage_taken":0,"max_hp_gain":0,"max_hp_loss":0,"event_name":"Colosseum","floor":20,"gold_loss":0},{"damage_healed":0,"gold_gain":0,"player_choice":"Fled From Nobs","damage_taken":0,"max_hp_gain":0,"max_hp_loss":0,"event_name":"Colosseum","floor":20,"gold_loss":0},{"damage_healed":0,"gold_gain":0,"player_choice":"Inject Mutagens","damage_taken":0,"relics_obtained":["MutagenicStrength"],"max_hp_gain":0,"max_hp_loss":0,"event_name":"Drug Dealer","floor":21,"gold_loss":0},{"cards_removed":["Defend_R"],"damage_healed":0,"gold_gain":0,"player_choice":"Gave Gold","damage_taken":0,"max_hp_gain":0,"max_hp_loss":0,"event_name":"Beggar","floor":27,"gold_loss":75}],"is_beta":false,"boss_relics":[{"not_picked":["Empty Cage","Astrolabe"],"picked":"Sozu"}],"items_purged_floors":[13,28,30],"is_endless":false,"potions_floor_spawned":[3,4,5,6,10,18,20,22],"killed_by":"Automaton","ascension_level":13}