{"gold_per_floor":[110,110,70,82,100,135,135,168,168,168,198,198,213,229,229,349,349,364,364,387,387,403,403,426,457,530,530,553,52,52,77,77,197,197,222,222,247,316,61,61,82,102,102,141,141,160,160,204,204,204],"floor_reached":50,"playtime":2111,"items_purged":["Strike_G","Venomology"],"score":582,"play_id":"3ddd2bf1-2801-4e54-8bf7-a2dc22a007da","local_time":"20190705122531","is_ascension_mode":false,"campfire_choices":[{"data":"Flying Knee","floor":7,"key":"SMITH"},{"floor":15,"key":"REST"},{"data":"Backflip","floor":23,"key":"SMITH"},{"data":"Survivor","floor":27,"key":"SMITH"},{"data":"Burst","floor":30,"key":"SMITH"},{"floor":32,"key":"REST"},{"data":"Madness","floor":40,"key":"SMITH"},{"data":"Adrenaline","floor":45,"key":"SMITH"},{"floor":49,"key":"REST"}],"neow_cost":"NONE","seed_source_timestamp":58195041241663,"circlet_count":0,"master_deck":["Strike_G","Strike_G","Strike_G","Strike_G","Defend_G+1","Defend_G","Defend_G","Defend_G","Defend_G","Survivor+1","Neutralize+1","Backflip+1","Dash+1","Dagger Throw","Flying Knee+1","Backstab","Infinite Blades","Infinite Blades","Dodge and Roll+1","Necronomicurse","Backstab+1","Dagger Throw+1","Burst+1","Madness+1","Caltrops+1","Blade Dance+1","Malaise+1","Madness","Madness","Backflip+1","Backstab","Footwork+1","Dodge and Roll+1","Adrenaline+1","Prepared+1","Tools of the Trade+1"],"relics":["Ring of the Snake","NeowsBlessing","Regal Pillow","Shuriken","Bag of Marbles","Golden Idol","Sozu","MutagenicStrength","Necronomicon","Pear","Frozen Egg 2","Nunchaku","WristBlade","Prayer Wheel","Happy Flower","Oddly Smooth Stone","War Paint","CultistMask","Snake Skull"],"potions_floor_usage":[6,6,6,8,8,16,16,25],"damage_taken":[{"damage":0,"enemies":"Jaw Worm","floor":1,"turns":1},{"damage":0,"enemies":"Small Slimes","floor":4,"turns":1},{"damage":0,"enemies":"Cultist","floor":5,"turns":1},{"damage":16,"enemies":"Lagavulin","floor":6,"turns":6},{"damage":19,"enemies":"Gremlin Nob","floor":8,"turns":4},{"damage":0,"enemies":"Gremlin Gang","floor":13,"turns":4},{"damage":0,"enemies":"Blue Slaver","floor":14,"turns":2},{"damage":7,"enemies":"Hexaghost","floor":16,"turns":10},{"damage":2,"enemies":"2 Thieves","floor":18,"turns":4},{"damage":0,"enemies":"Chosen","floor":20,"turns":3},{"damage":1,"enemies":"3 Cultists","floor":22,"turns":4},{"damage":0,"enemies":"Snake Plant","floor":24,"turns":1},{"damage":21,"enemies":"Gremlin Leader","floor":25,"turns":5},{"damage":13,"enemies":"Shelled Parasite and Fungi","floor":28,"turns":4},{"damage":0,"enemies":"Centurion and Healer","floor":31,"turns":4},{"damage":44,"enemies":"Automaton","floor":33,"turns":9},{"damage":0,"enemies":"Orb Walker","floor":35,"turns":1},{"damage":0,"enemies":"3 Darklings","floor":37,"turns":5},{"damage":17,"enemies":"2 Orb Walkers","floor":38,"turns":5},{"damage":8,"enemies":"Transient","floor":41,"turns":5},{"damage":0,"enemies":"Jaw Worm Horde","floor":42,"turns":3},{"damage":8,"enemies":"Reptomancer","floor":44,"turns":7},{"damage":8,"enemies":"3 Darklings","floor":46,"turns":5},{"damage":6,"enemies":"Giant Head","floor":48,"turns":7},{"damage":65,"enemies":"Time Eater","floor":50,"turns":10}],"seed_played":"-7768887656734387864","potions_obtained":[{"floor":3,"key":"Fire Potion"},{"floor":3,"key":"AttackPotion"},{"floor":3,"key":"EntropicBrew"},{"floor":14,"key":"Dexterity Potion"},{"floor":16,"key":"Weak Potion"}],"is_trial":false,"path_per_floor":["M","?","?","M","M","E","R","E","T","?","?","?","M","M","R","B",null,"M","?","M","?","M","R","M","E","T","R","M","$","R","M","R","B",null,"M","?","M","?","$","R","M","M","T","E","R","M","?","E","R","B"],"character_chosen":"THE_SILENT","items_purchased":["Madness","Caltrops+1","Nunchaku","Happy Flower"],"campfire_rested":3,"item_purchase_floors":[29,29,29,39],"current_hp_per_floor":[70,70,70,70,70,54,54,35,35,18,18,18,18,18,54,47,70,68,68,68,52,51,51,51,40,40,40,27,27,27,27,66,22,80,80,70,70,53,53,53,45,45,45,37,37,29,29,23,62,0],"gold":204,"neow_bonus":"THREE_ENEMY_KILL","is_prod":false,"is_daily":false,"chose_seed":false,"campfire_upgraded":6,"win_rate":0,"timestamp":1562322331,"path_taken":["M","?","?","?","?","E","R","E","T","?","?","?","?","M","R","BOSS","M","?","M","?","M","R","M","E","T","R","M","$","R","M","R","BOSS","M","?","M","?","?","R","?","M","T","E","R","M","?","E","R","BOSS"],"build_version":"2019-07-01","purchased_purges":2,"victory":false,"max_hp_per_floor":[70,70,70,70,70,70,70,70,70,70,70,70,70,70,70,70,70,70,70,70,70,70,70,70,80,80,80,80,80,80,80,80,80,80,80,80,80,80,80,80,80,80,80,80,80,80,80,80,80,80],"card_choices":[{"not_picked":["Bane","Blade Dance"],"picked":"Backflip","floor":1},{"not_picked":["Heel Hook","Deflect"],"picked":"Dash","floor":4},{"not_picked":["Distraction","Riddle With Holes"],"picked":"Dagger Throw","floor":5},{"not_picked":["Wraith Form v2","Eviscerate"],"picked":"Flying Knee","floor":6},{"not_picked":["Finisher","Noxious Fumes","Dagger Throw"],"picked":"SKIP","floor":8},{"not_picked":["Flying Knee","Leg Sweep"],"picked":"Backstab","floor":13},{"not_picked":["Dodge and Roll","Dash"],"picked":"Infinite Blades","floor":14},{"not_picked":["Wraith Form v2","Die Die Die"],"picked":"Venomology","floor":16},{"not_picked":["Bane","Backflip"],"picked":"Infinite Blades","floor":18},{"not_picked":["Slice","Riddle With Holes"],"picked":"Dodge and Roll+1","floor":20},{"not_picked":["Caltrops","Bouncing Flask"],"picked":"Backstab+1","floor":22},{"not_picked":["Endless Agony","Poisoned Stab","Deflect"],"picked":"SKIP","floor":24},{"not_picked":["Eviscerate","Dash"],"picked":"Dagger Throw+1","floor":25},{"not_picked":["Dagger Spray","Dagger Throw+1"],"picked":"Burst","floor":28},{"not_picked":["Noxious Fumes+1","Prepared"],"picked":"Blade Dance+1","floor":31},{"not_picked":["Die Die Die","Venomology"],"picked":"Malaise","floor":33},{"not_picked":["Catalyst+1","Sucker Punch","Acrobatics"],"picked":"SKIP","floor":35},{"not_picked":["Dagger Spray","Prepared+1"],"picked":"Backflip+1","floor":37},{"not_picked":["Venomology","Backflip"],"picked":"Backstab","floor":38},{"not_picked":["Poisoned Stab+1","Dagger Spray+1"],"picked":"Footwork+1","floor":41},{"not_picked":["Deadly Poison+1","Dagger Spray","Dodge and Roll"],"picked":"SKIP","floor":41},{"not_picked":["Acrobatics+1","Leg Sweep+1"],"picked":"Dodge and Roll+1","floor":42},{"not_picked":["Flechettes+1","Outmaneuver","Dash"],"picked":"SKIP","floor":42},{"not_picked":["Finisher","Acrobatics+1"],"picked":"Adrenaline","floor":44},{"not_picked":["Skewer","Bane"],"picked":"Prepared+1","floor":46},{"not_picked":["Outmaneuver+1","Dagger Spray","Underhanded Strike"],"picked":"SKIP","floor":46},{"not_picked":["Bullet Time","Calculated Gamble+1"],"picked":"Tools of the Trade+1","floor":48}],"player_experience":24030,"relics_obtained":[{"floor":6,"key":"Regal Pillow"},{"floor":8,"key":"Shuriken"},{"floor":9,"key":"Bag of Marbles"},{"floor":21,"key":"Necronomicon"},{"floor":25,"key":"Pear"},{"floor":26,"key":"Frozen Egg 2"},{"floor":38,"key":"Prayer Wheel"},{"floor":43,"key":"Oddly Smooth Stone"},{"floor":44,"key":"War Paint"},{"floor":48,"key":"Snake Skull"}],"event_choices":[{"damage_healed":0,"gold_gain":0,"player_choice":"Grow","damage_taken":0,"max_hp_gain":0,"max_hp_loss":0,"event_name":"Living Wall","floor":2,"gold_loss":0,"cards_upgraded":["Neutralize"]},{"damage_healed":0,"gold_gain":0,"player_choice":"Bought 3 Potions","damage_taken":0,"max_hp_gain":0,"max_hp_loss":0,"event_name":"The Woman in Blue","floor":3,"gold_loss":0},{"damage_healed":0,"gold_gain":0,"player_choice":"Take Damage","damage_taken":17,"relics_obtained":["Golden Idol"],"max_hp_gain":0,"max_hp_loss":0,"event_name":"Golden Idol","floor":10,"gold_loss":0},{"damage_healed":0,"gold_gain":30,"player_choice":"Searched \u00272\u0027 times","damage_taken":0,"max_hp_gain":0,"max_hp_loss":0,"event_name":"Dead Adventurer","floor":11,"gold_loss":0},{"damage_healed":0,"gold_gain":0,"player_choice":"Upgraded","damage_taken":0,"max_hp_gain":0,"max_hp_loss":0,"event_name":"Upgrade Shrine","floor":12,"gold_loss":0,"cards_upgraded":["Dash"]},{"damage_healed":0,"gold_gain":0,"player_choice":"Inject Mutagens","damage_taken":0,"relics_obtained":["MutagenicStrength"],"max_hp_gain":0,"max_hp_loss":0,"event_name":"Drug Dealer","floor":19,"gold_loss":0},{"damage_healed":0,"gold_gain":0,"player_choice":"Obtained Book","damage_taken":16,"max_hp_gain":0,"max_hp_loss":0,"event_name":"Cursed Tome","floor":21,"gold_loss":0},{"damage_healed":0,"gold_gain":0,"player_choice":"Embrace Madness","damage_taken":10,"max_hp_gain":0,"max_hp_loss":0,"event_name":"Winding Halls","floor":36,"gold_loss":0,"cards_obtained":["Madness","Madness"]},{"damage_healed":0,"gold_gain":0,"player_choice":"Fight","damage_taken":0,"max_hp_gain":0,"max_hp_loss":0,"event_name":"Mysterious Sphere","floor":38,"gold_loss":0},{"damage_healed":0,"gold_gain":0,"player_choice":"Trade","damage_taken":0,"relics_obtained":["CultistMask"],"max_hp_gain":0,"max_hp_loss":0,"event_name":"FaceTrader","floor":47,"gold_loss":0}],"is_beta":false,"boss_relics":[{"not_picked":["Eternal Feather","Tiny House"],"picked":"Sozu"},{"not_picked":["Cursed Key","White Beast Statue"],"picked":"WristBlade"}],"items_purged_floors":[29,39],"is_endless":false,"potions_floor_spawned":[5,6,14,16,18,24,25,28,33,35,37,44,48],"killed_by":"Time Eater","ascension_level":0}