{"gold_per_floor":[111,124,124,144,223,257,257,267,267,283,283,318,318,336,336,432,432,449,35,35,35,54,54,88,104,104,116,116,116,134,134],"floor_reached":31,"playtime":2663,"items_purged":[],"score":267,"play_id":"e12810be-23dd-41f4-8b2a-2b08df8b72b5","local_time":"20181107193401","is_ascension_mode":false,"campfire_choices":[{"floor":7,"key":"REST"},{"floor":15,"key":"REST"},{"data":"Strike_B","floor":23,"key":"PURGE"}],"neow_cost":"PERCENT_DAMAGE","seed_source_timestamp":2427122637696593,"circlet_count":0,"master_deck":["Strike_B","Strike_B","Strike_B","Defend_B","Defend_B","Defend_B","Defend_B","Zap","Dualcast","Ball Lightning","Gash","Barrage","Consume+1","Reprogram+1","Stack+1","Parasite","Reprogram+1","Redo+1","Fission+1","Redo+1","Metamorphosis+1","Skim+1","Steam Power+1","Stack+1","Streamline","Reinforced Body+1","Decay","Reinforced Body+1"],"relics":["Cracked Core","Peace Pipe","Toxic Egg 2","Letter Opener","Juzu Bracelet","Anchor","Bottled Lightning","Inserter","Vajra","Art of War","The Courier"],"potions_floor_usage":[6,12,16,16,30,31,31,31],"damage_taken":[{"damage":9,"enemies":"Small Slimes","floor":1,"turns":3},{"damage":6,"enemies":"Jaw Worm","floor":2,"turns":2},{"damage":1,"enemies":"Cultist","floor":4,"turns":3},{"damage":19,"enemies":"Lagavulin","floor":6,"turns":5},{"damage":12,"enemies":"Exordium Wildlife","floor":8,"turns":3},{"damage":1,"enemies":"Large Slime","floor":10,"turns":4},{"damage":8,"enemies":"Gremlin Nob","floor":12,"turns":3},{"damage":5,"enemies":"3 Louse","floor":14,"turns":3},{"damage":22,"enemies":"Slime Boss","floor":16,"turns":8},{"damage":5,"enemies":"Spheric Guardian","floor":18,"turns":3},{"damage":3,"enemies":"3 Byrds","floor":22,"turns":3},{"damage":19,"enemies":"Book of Stabbing","floor":24,"turns":4},{"damage":16,"enemies":"Snake Plant","floor":25,"turns":3},{"damage":0,"enemies":"Cultist and Chosen","floor":27,"turns":3},{"damage":5,"enemies":"Sentry and Sphere","floor":30,"turns":3},{"damage":27,"enemies":"Gremlin Leader","floor":31,"turns":2}],"seed_played":"4095674868823263561","potions_obtained":[{"floor":4,"key":"EssenceOfSteel"},{"floor":6,"key":"LiquidBronze"},{"floor":12,"key":"Ancient Potion"},{"floor":14,"key":"Weak Potion"},{"floor":24,"key":"LiquidBronze"},{"floor":27,"key":"SneckoOil"},{"floor":28,"key":"Swift Potion"},{"floor":28,"key":"FearPotion"},{"floor":30,"key":"Poison Potion"}],"is_trial":false,"path_per_floor":["M","M","?","M","T","E","R","M","T","M","?","E","?","M","R","B",null,"M","$","?","?","M","R","E","M","T","M","?","?","M","E"],"character_chosen":"DEFECT","items_purchased":["Metamorphosis+1","Vajra","Skim+1"],"campfire_rested":2,"item_purchase_floors":[19,19,19],"current_hp_per_floor":[45,39,27,26,26,7,29,17,17,16,34,26,51,46,68,46,75,70,70,70,70,67,67,48,32,32,32,32,32,27,0],"gold":134,"neow_bonus":"ONE_RARE_RELIC","is_prod":false,"is_daily":false,"chose_seed":false,"campfire_upgraded":0,"win_rate":0,"timestamp":1541640841,"path_taken":["M","M","?","M","?","E","R","M","T","M","?","E","?","M","R","BOSS","M","$","?","?","M","R","E","M","T","M","?","?","M","E"],"build_version":"2018-11-01","purchased_purges":0,"victory":false,"max_hp_per_floor":[75,75,75,75,75,75,75,75,75,75,75,75,75,75,75,75,75,75,75,75,75,75,75,75,75,75,75,75,75,75,75],"card_choices":[{"not_picked":["Redo","Blizzard"],"picked":"Ball Lightning","floor":1},{"not_picked":["Compile Driver","Go for the Eyes"],"picked":"Gash","floor":2},{"not_picked":["Undo+1","Beam Cell"],"picked":"Barrage","floor":4},{"not_picked":["Sweeping Beam","Steam+1"],"picked":"Consume+1","floor":6},{"not_picked":["Force Field+1","Compile Driver"],"picked":"Reprogram+1","floor":8},{"not_picked":["Barrage","Rebound"],"picked":"Stack+1","floor":10},{"not_picked":["Steam Power+1","Compile Driver"],"picked":"Reprogram+1","floor":12},{"not_picked":["Rebound","Echo Form"],"picked":"Redo+1","floor":14},{"not_picked":["Seek+1","Amplify+1"],"picked":"Fission+1","floor":16},{"not_picked":["Force Field+1","Recycle+1"],"picked":"Redo+1","floor":18},{"not_picked":["Stack+1","Gash"],"picked":"Steam Power+1","floor":22},{"not_picked":["Sweeping Beam","Heatsinks"],"picked":"Stack+1","floor":24},{"not_picked":["Gash","Beam Cell+1"],"picked":"Streamline","floor":25},{"not_picked":["Stack+1","Go for the Eyes"],"picked":"Reinforced Body+1","floor":27},{"not_picked":["Steam+1","Auto Shields+1"],"picked":"Reinforced Body+1","floor":30}],"player_experience":107130,"relics_obtained":[{"floor":5,"key":"Letter Opener"},{"floor":6,"key":"Juzu Bracelet"},{"floor":9,"key":"Anchor"},{"floor":12,"key":"Bottled Lightning"},{"floor":24,"key":"Art of War"},{"floor":26,"key":"The Courier"}],"event_choices":[{"damage_healed":0,"gold_gain":0,"player_choice":"Success","damage_taken":12,"relics_obtained":["Toxic Egg 2"],"max_hp_gain":0,"max_hp_loss":0,"event_name":"Scrap Ooze","floor":3,"gold_loss":0},{"damage_healed":18,"gold_gain":0,"player_choice":"Healed and dodged fight","damage_taken":0,"max_hp_gain":0,"max_hp_loss":0,"event_name":"Mushrooms","floor":11,"gold_loss":0,"cards_obtained":["Parasite"]},{"damage_healed":25,"gold_gain":0,"player_choice":"Banana","damage_taken":0,"max_hp_gain":0,"max_hp_loss":0,"event_name":"Big Fish","floor":13,"gold_loss":0},{"damage_healed":0,"gold_gain":0,"player_choice":"Ignored","damage_taken":0,"max_hp_gain":0,"max_hp_loss":0,"event_name":"Ghosts","floor":20,"gold_loss":0},{"damage_healed":0,"gold_gain":0,"player_choice":"Got Potions","damage_taken":0,"max_hp_gain":0,"max_hp_loss":0,"event_name":"Lab","floor":28,"gold_loss":0},{"damage_healed":0,"gold_gain":0,"player_choice":"Smashed Altar","damage_taken":0,"max_hp_gain":0,"max_hp_loss":0,"event_name":"Forgotten Altar","floor":29,"gold_loss":0,"cards_obtained":["Decay"]}],"is_beta":false,"boss_relics":[{"not_picked":["Cursed Key","Empty Cage"],"picked":"Inserter"}],"items_purged_floors":[],"is_endless":false,"potions_floor_spawned":[4,6,12,14,24,27,30],"killed_by":"Gremlin Leader","ascension_level":0}