{"gold_per_floor":[110,120,130,130,149,149,176,193,193,220,220,240,254,60,60,157,157,169,14,26,26,39,65,84,84,84,118,118,134,134],"floor_reached":30,"playtime":1241,"items_purged":[],"score":426,"play_id":"1c90f021-9a22-47dd-9a56-c27187622f25","local_time":"20181018184425","is_ascension_mode":true,"campfire_choices":[{"data":"Crippling Poison","floor":6,"key":"SMITH"},{"floor":15,"key":"REST"},{"floor":25,"key":"REST"},{"floor":28,"key":"REST"}],"neow_cost":"NONE","seed_source_timestamp":645577294735800,"circlet_count":0,"master_deck":["Defend_G","Defend_G","Defend_G","Defend_G","Defend_G","Strike_G","Strike_G","Strike_G","Strike_G","Strike_G","Survivor","Neutralize","Crippling Poison+1","Blade Dance","Backflip","Catalyst","Catalyst","Wraith Form v2","Corpse Explosion","Catalyst","Deadly Poison+1","Prepared+1","Catalyst"],"relics":["Ring of the Snake","Lantern","Happy Flower","FossilizedHelix","Unceasing Top","The Courier","Bottled Flame","Sozu","ClockworkSouvenir","GremlinMask","Omamori","Letter Opener","Pen Nib"],"potions_floor_usage":[3,7,8,16],"damage_taken":[{"damage":11,"enemies":"Cultist","floor":1,"turns":4},{"damage":0,"enemies":"2 Louse","floor":2,"turns":2},{"damage":0,"enemies":"Jaw Worm","floor":3,"turns":2},{"damage":6,"enemies":"3 Louse","floor":5,"turns":2},{"damage":18,"enemies":"3 Sentries","floor":7,"turns":11},{"damage":18,"enemies":"Gremlin Gang","floor":8,"turns":4},{"damage":0,"enemies":"Gremlin Nob","floor":10,"turns":4},{"damage":0,"enemies":"Exordium Thugs","floor":12,"turns":4},{"damage":0,"enemies":"Red Slaver","floor":13,"turns":3},{"damage":5,"enemies":"Hexaghost","floor":16,"turns":8},{"damage":20,"enemies":"Chosen","floor":18,"turns":5},{"damage":0,"enemies":"3 Byrds","floor":20,"turns":3},{"damage":0,"enemies":"Snecko","floor":22,"turns":4},{"damage":5,"enemies":"Gremlin Leader","floor":23,"turns":5},{"damage":4,"enemies":"Shelled Parasite and Fungi","floor":24,"turns":3},{"damage":18,"enemies":"Book of Stabbing","floor":27,"turns":4},{"damage":5,"enemies":"Centurion and Healer","floor":29,"turns":4},{"damage":60,"enemies":"Gremlin Leader","floor":30,"turns":4}],"seed_played":"97281529447609968","potions_obtained":[{"floor":1,"key":"AttackPotion"},{"floor":5,"key":"GamblersBrew"},{"floor":7,"key":"FearPotion"},{"floor":10,"key":"LiquidBronze"}],"is_trial":false,"path_per_floor":["M","M","M","?","M","R","E","M","T","E","?","M","M","$","R","B",null,"M","$","M","?","M","E","M","R","T","E","R","M"],"character_chosen":"THE_SILENT","items_purchased":["Bottled Flame","ClockworkSouvenir"],"campfire_rested":3,"item_purchase_floors":[14,19],"current_hp_per_floor":[59,59,59,59,53,53,35,17,17,17,10,10,10,10,31,26,70,50,50,50,50,50,45,41,62,62,44,65,60,0],"gold":134,"neow_bonus":"RANDOM_COMMON_RELIC","is_prod":false,"is_daily":false,"chose_seed":false,"campfire_upgraded":1,"win_rate":0,"timestamp":1539877465,"path_taken":["M","M","?","?","M","R","E","M","T","E","?","M","M","?","R","BOSS","M","$","M","?","?","E","M","R","T","E","R","M","E"],"build_version":"2018-10-11","purchased_purges":0,"victory":false,"max_hp_per_floor":[70,70,70,70,70,70,70,70,70,70,70,70,70,70,70,70,70,70,70,70,70,70,70,70,70,70,70,70,70,70],"card_choices":[{"not_picked":["Underhanded Strike","Outmaneuver"],"picked":"Crippling Poison","floor":1},{"not_picked":["Expertise","Dagger Throw"],"picked":"Blade Dance","floor":2},{"not_picked":["Bane","Dagger Spray"],"picked":"Backflip","floor":3},{"not_picked":["Terror","Outmaneuver","PiercingWail"],"picked":"SKIP","floor":5},{"not_picked":["Storm of Steel","Expertise"],"picked":"Catalyst","floor":7},{"not_picked":["Sucker Punch","Acrobatics","Predator"],"picked":"SKIP","floor":8},{"not_picked":["PiercingWail","Prepared"],"picked":"Catalyst","floor":10},{"not_picked":["Flechettes","Endless Agony","Finisher"],"picked":"SKIP","floor":12},{"not_picked":["Calculated Gamble","Dash"],"picked":"Wraith Form v2","floor":13},{"not_picked":["Bullet Time","Storm of Steel"],"picked":"Corpse Explosion","floor":16},{"not_picked":["Flying Knee+1","Heel Hook"],"picked":"Catalyst","floor":18},{"not_picked":["Underhanded Strike","Backflip","Expertise"],"picked":"SKIP","floor":20},{"not_picked":["Accuracy","Setup"],"picked":"Deadly Poison+1","floor":22},{"not_picked":["Dash","Flechettes+1"],"picked":"Prepared+1","floor":23},{"not_picked":["Predator+1","Backflip","Acrobatics+1"],"picked":"SKIP","floor":24},{"not_picked":["Sucker Punch+1","Deflect"],"picked":"Catalyst","floor":27},{"not_picked":["Calculated Gamble","Setup+1","Bane"],"picked":"SKIP","floor":29}],"player_experience":443284,"relics_obtained":[{"floor":7,"key":"Happy Flower"},{"floor":9,"key":"FossilizedHelix"},{"floor":10,"key":"Unceasing Top"},{"floor":23,"key":"Omamori"},{"floor":26,"key":"Letter Opener"},{"floor":27,"key":"Pen Nib"}],"event_choices":[{"event_name":"Match and Keep!","player_choice":"0 cards matched","floor":4,"damage_taken":0},{"event_name":"Scrap Ooze","player_choice":"success","floor":11,"damage_taken":7},{"event_name":"FaceTrader","player_choice":"Trade","floor":21,"damage_taken":0}],"is_beta":false,"boss_relics":[{"not_picked":["Pandora\u0027s Box","WristBlade"],"picked":"Sozu"}],"items_purged_floors":[],"is_endless":false,"potions_floor_spawned":[1,5,7,10,23,24,27],"killed_by":"Gremlin Leader","ascension_level":4}