{"gold_per_floor":[118,118,135,135,135,162,180,14,14,28,55,6,19,49,49,49],"floor_reached":16,"playtime":925,"items_purged":["Strike_R"],"score":160,"play_id":"6ffbd1c2-a87c-49e8-aa67-d29fee9c0857","local_time":"20190713074331","is_ascension_mode":true,"campfire_choices":[{"floor":15,"key":"REST"}],"neow_cost":"NONE","seed_source_timestamp":0,"circlet_count":0,"master_deck":["Strike_R","Strike_R","Strike_R","Strike_R","Defend_R","Defend_R","Defend_R","Defend_R","Bash+1","Searing Blow","Clothesline","Regret","Body Slam+1","Sword Boomerang+1","Power Through","Heavy Blade+1","Pommel Strike+1","Sever Soul+1","Wild Strike+1","Cleave+1","Reaper+1"],"special_seed":0,"relics":["Burning Blood","NeowsBlessing","Pantograph","Omamori","Molten Egg 2","Letter Opener","Ice Cream","Bag of Marbles"],"potions_floor_usage":[14,14],"damage_taken":[{"damage":0.0,"enemies":"Small Slimes","floor":1.0,"turns":1.0},{"damage":0.0,"enemies":"Jaw Worm","floor":3.0,"turns":1.0},{"damage":0.0,"enemies":"Gremlin Nob","floor":6.0,"turns":1.0},{"damage":8.0,"enemies":"Cultist","floor":7.0,"turns":3.0},{"damage":0.0,"enemies":"3 Louse","floor":10.0,"turns":3.0},{"damage":37,"enemies":"3 Sentries","floor":11,"turns":7},{"damage":20,"enemies":"Looter","floor":13,"turns":3},{"damage":18,"enemies":"Lagavulin","floor":14,"turns":3},{"damage":87,"enemies":"Slime Boss","floor":16,"turns":8}],"seed_played":"-7886072694073186280","potions_obtained":[{"floor":1.0,"key":"SmokeBomb"},{"floor":3.0,"key":"PowerPotion"},{"floor":7.0,"key":"Energy Potion"}],"is_trial":false,"path_per_floor":["M","?","M","?","?","E","M","$","T","M","E","$","M","E","R","B"],"character_chosen":"IRONCLAD","items_purchased":["Power Through","Heavy Blade+1","Wild Strike+1"],"campfire_rested":1,"item_purchase_floors":[8,8,12],"current_hp_per_floor":[80,68,74,74,74,80,78,78,78,80,49,49,35,23,47,0],"gold":49,"neow_bonus":"THREE_ENEMY_KILL","is_prod":false,"is_daily":false,"chose_seed":false,"campfire_upgraded":0,"win_rate":0,"timestamp":1563021811,"path_taken":["M","?","M","?","?","E","?","$","T","M","E","$","M","E","R","BOSS"],"build_version":"2019-07-05","purchased_purges":1,"victory":false,"max_hp_per_floor":[80,80,80,80,80,80,80,80,80,80,80,80,80,80,80,80],"card_choices":[{"not_picked":["Clash","Headbutt"],"picked":"Searing Blow","floor":1.0},{"not_picked":["Warcry","Rampage"],"picked":"Clothesline","floor":3.0},{"not_picked":["Blood for Blood","Brutality"],"picked":"Body Slam","floor":6.0},{"not_picked":["Infernal Blade","Wild Strike+1"],"picked":"Sword Boomerang+1","floor":7.0},{"not_picked":["Warcry","Feel No Pain"],"picked":"Pommel Strike+1","floor":10},{"not_picked":["Havoc","Warcry"],"picked":"Sever Soul+1","floor":11},{"not_picked":["Rupture","Pummel+1"],"picked":"Cleave+1","floor":13},{"not_picked":["Dropkick+1","Twin Strike+1"],"picked":"Reaper+1","floor":14}],"player_experience":324449,"relics_obtained":[{"floor":6.0,"key":"Molten Egg 2"},{"floor":9.0,"key":"Letter Opener"},{"floor":11,"key":"Ice Cream"},{"floor":14,"key":"Bag of Marbles"}],"event_choices":[{"damage_healed":0.0,"max_hp_gain":0.0,"max_hp_loss":0.0,"gold_gain":0.0,"event_name":"Scrap Ooze","player_choice":"Success","floor":2.0,"gold_loss":0.0,"damage_taken":12.0,"relics_obtained":["Pantograph"]},{"damage_healed":0.0,"max_hp_gain":0.0,"max_hp_loss":0.0,"gold_gain":0.0,"event_name":"Big Fish","player_choice":"Box","floor":4.0,"gold_loss":0.0,"damage_taken":0.0,"relics_obtained":["Omamori"],"cards_obtained":["Regret"]},{"damage_healed":0.0,"max_hp_gain":0.0,"max_hp_loss":0.0,"gold_gain":0.0,"event_name":"Upgrade Shrine","player_choice":"Upgraded","floor":5.0,"gold_loss":0.0,"damage_taken":0.0,"cards_upgraded":["Bash"]}],"is_beta":false,"boss_relics":[],"items_purged_floors":[8],"is_endless":false,"potions_floor_spawned":[1,3,7],"killed_by":"Slime Boss","ascension_level":2}