{"gold_per_floor":[110,123,198,198,163,163,163,176,176,196,39,59,84,99,99,99],"floor_reached":16,"playtime":422,"items_purged":[],"score":163,"play_id":"d921cbe2-c761-45f3-8c57-cf7e95c487fb","local_time":"20181102160859","is_ascension_mode":true,"campfire_choices":[{"data":"Cleave","floor":6,"key":"SMITH"},{"floor":15,"key":"REST"}],"neow_cost":"NONE","seed_source_timestamp":64278555605300,"circlet_count":0,"master_deck":["AscendersBane","Strike_R","Strike_R","Strike_R","Strike_R","Strike_R","Defend_R","Defend_R","Defend_R","Bash","Cleave+1","Flex","Parasite","Armaments","Pommel Strike","Flame Barrier","Whirlwind","Fire Breathing","Shrug It Off"],"relics":["Burning Blood","Art of War","Pantograph","Bag of Marbles","Anchor"],"potions_floor_usage":[13,13],"damage_taken":[{"damage":20,"enemies":"Small Slimes","floor":1,"turns":4},{"damage":10,"enemies":"2 Louse","floor":2,"turns":2},{"damage":5,"enemies":"Cultist","floor":8,"turns":4},{"damage":14,"enemies":"Red Slaver","floor":10,"turns":2},{"damage":8,"enemies":"Large Slime","floor":12,"turns":6},{"damage":11,"enemies":"Lagavulin","floor":13,"turns":6},{"damage":19,"enemies":"Lots of Slimes","floor":14,"turns":3},{"damage":79,"enemies":"Hexaghost","floor":16,"turns":9}],"seed_played":"619557377032536325","potions_obtained":[{"floor":2,"key":"LiquidBronze"},{"floor":10,"key":"Strength Potion"},{"floor":12,"key":"EssenceOfSteel"}],"is_trial":false,"path_per_floor":["M","M","?","?","?","R","?","M","T","M","$","M","E","M","R","B"],"character_chosen":"IRONCLAD","items_purchased":["Bag of Marbles"],"campfire_rested":1,"item_purchase_floors":[11],"current_hp_per_floor":[58,54,43,36,56,56,56,57,57,49,49,47,42,29,53,0],"gold":99,"neow_bonus":"RANDOM_COMMON_RELIC","is_prod":false,"is_daily":false,"chose_seed":false,"campfire_upgraded":1,"win_rate":0,"timestamp":1541167739,"path_taken":["M","M","?","?","?","R","?","M","T","?","?","M","E","M","R","BOSS"],"build_version":"2018-11-01","purchased_purges":0,"victory":false,"max_hp_per_floor":[80,80,80,80,80,80,80,80,80,80,80,80,80,80,80,80],"card_choices":[{"not_picked":["Headbutt","Iron Wave"],"picked":"Cleave","floor":1},{"not_picked":["Wild Strike","Pummel"],"picked":"Flex","floor":2},{"not_picked":["Perfected Strike","Battle Trance"],"picked":"Pommel Strike","floor":8},{"not_picked":["Warcry","Limit Break"],"picked":"Flame Barrier","floor":10},{"not_picked":["Armaments","Uppercut"],"picked":"Whirlwind","floor":12},{"not_picked":["Rage","Corruption"],"picked":"Fire Breathing","floor":13},{"not_picked":["Sword Boomerang","Havoc"],"picked":"Shrug It Off","floor":14}],"player_experience":455656,"relics_obtained":[{"floor":9,"key":"Pantograph"},{"floor":13,"key":"Anchor"}],"event_choices":[{"damage_healed":0,"gold_gain":75,"player_choice":"Gather Gold","damage_taken":11,"max_hp_gain":0,"max_hp_loss":0,"event_name":"World of Goop","floor":3,"gold_loss":0},{"cards_removed":["Defend_R"],"damage_healed":0,"gold_gain":0,"player_choice":"Card Removal","damage_taken":7,"max_hp_gain":0,"max_hp_loss":0,"event_name":"Golden Wing","floor":4,"gold_loss":0},{"damage_healed":20,"gold_gain":0,"player_choice":"Healed","damage_taken":0,"max_hp_gain":0,"max_hp_loss":0,"event_name":"The Cleric","floor":5,"gold_loss":35},{"damage_healed":0,"gold_gain":0,"player_choice":"2 cards matched","damage_taken":0,"max_hp_gain":0,"max_hp_loss":0,"event_name":"Match and Keep!","floor":7,"gold_loss":0,"cards_obtained":["Parasite","Armaments"]}],"is_beta":false,"boss_relics":[],"items_purged_floors":[],"is_endless":false,"potions_floor_spawned":[2,10,12],"killed_by":"Hexaghost","ascension_level":12}