{"gold_per_floor":[111,122,122,132,112,146,146,174,222,222,238,251,267,282,282,387,387,369,419,439,456,65,95,95,114,161,161,174,200,216,17,17,121,121,132,132],"floor_reached":36,"playtime":2425,"items_purged":[],"score":498,"play_id":"4b343be8-fd99-4bca-955f-8094d0cbf929","local_time":"20190709203830","is_ascension_mode":true,"campfire_choices":[{"data":"After Image","floor":7,"key":"SMITH"},{"floor":10,"key":"REST"},{"floor":15,"key":"REST"},{"floor":24,"key":"REST"},{"floor":27,"key":"REST"},{"floor":32,"key":"REST"}],"neow_cost":"NONE","seed_source_timestamp":46361214424000,"circlet_count":0,"master_deck":["Strike_G","Strike_G","Strike_G","Strike_G+1","Defend_G+1","Defend_G","Defend_G+1","Defend_G","Survivor+1","Neutralize","Deadly Poison","After Image+1","PiercingWail","After Image","Distraction+1","Leg Sweep+1","Noxious Fumes","Crippling Poison+1","Well Laid Plans","Envenom","Distraction+1","Backstab","Noxious Fumes+1","Infinite Blades","Calculated Gamble+1","Footwork","Blur+1","Distraction+1","Deadly Poison+1","Malaise+1","Pain","Caltrops"],"relics":["Ring of the Snake","NeowsBlessing","Toxic Egg 2","Centennial Puzzle","Bag of Marbles","Empty Cage","Regal Pillow","Pen Nib","Omamori","War Paint","Red Mask","ClockworkSouvenir","Calling Bell","Dream Catcher","Ornamental Fan","FossilizedHelix"],"potions_floor_usage":[6,6,8,11,13,16,23,25,33,35,36],"damage_taken":[{"damage":0,"enemies":"Cultist","floor":1,"turns":1},{"damage":0,"enemies":"Small Slimes","floor":2,"turns":1},{"damage":0,"enemies":"Jaw Worm","floor":4,"turns":1},{"damage":14,"enemies":"Lagavulin","floor":6,"turns":7},{"damage":11,"enemies":"3 Sentries","floor":8,"turns":11},{"damage":4,"enemies":"Lots of Slimes","floor":11,"turns":6},{"damage":0,"enemies":"2 Fungi Beasts","floor":12,"turns":6},{"damage":12,"enemies":"Exordium Thugs","floor":13,"turns":6},{"damage":0,"enemies":"3 Louse","floor":14,"turns":5},{"damage":13,"enemies":"Slime Boss","floor":16,"turns":10},{"damage":9,"enemies":"2 Thieves","floor":18,"turns":4},{"damage":0,"enemies":"Spheric Guardian","floor":20,"turns":4},{"damage":10,"enemies":"Snake Plant","floor":21,"turns":5},{"damage":41,"enemies":"Gremlin Leader","floor":23,"turns":9},{"damage":15,"enemies":"Cultist and Chosen","floor":25,"turns":7},{"damage":11,"enemies":"Centurion and Healer","floor":28,"turns":5},{"damage":7,"enemies":"Masked Bandits","floor":29,"turns":4},{"damage":11,"enemies":"Chosen and Byrds","floor":30,"turns":8},{"damage":33,"enemies":"Champ","floor":33,"turns":14},{"damage":3,"enemies":"3 Shapes","floor":35,"turns":5},{"damage":65,"enemies":"2 Orb Walkers","floor":36,"turns":6}],"seed_played":"3702387811416534623","potions_obtained":[{"floor":2,"key":"SkillPotion"},{"floor":5,"key":"FearPotion"},{"floor":6,"key":"Poison Potion"},{"floor":8,"key":"Fire Potion"},{"floor":11,"key":"PowerPotion"},{"floor":14,"key":"SkillPotion"},{"floor":20,"key":"Swift Potion"},{"floor":23,"key":"Fire Potion"},{"floor":30,"key":"Dexterity Potion"},{"floor":33,"key":"Poison Potion"},{"floor":35,"key":"Swift Potion"}],"is_trial":false,"path_per_floor":["M","M","?","M","?","E","R","E","T","R","M","M","M","M","R","B",null,"M","?","M","M","$","E","R","M","T","R","M","?","M","$","R","B",null,"M","?"],"character_chosen":"THE_SILENT","items_purchased":["Regal Pillow","Pen Nib","Infinite Blades","ClockworkSouvenir"],"campfire_rested":5,"item_purchase_floors":[22,22,22,31],"current_hp_per_floor":[70,70,56,56,56,42,42,31,31,52,48,48,36,36,57,44,64,55,55,55,45,45,4,40,25,25,61,50,43,32,32,68,35,61,58,0],"gold":132,"neow_bonus":"THREE_ENEMY_KILL","is_prod":false,"is_daily":false,"chose_seed":false,"campfire_upgraded":1,"win_rate":0,"timestamp":1562693910,"path_taken":["M","?","?","M","?","E","R","E","T","R","M","M","?","M","R","BOSS","M","?","?","M","$","E","R","M","T","R","M","?","M","?","R","BOSS","M","?"],"build_version":"2019-07-05","purchased_purges":0,"victory":false,"max_hp_per_floor":[70,70,70,70,70,70,70,70,70,70,70,70,70,70,70,70,70,70,70,70,70,70,70,70,70,70,70,70,70,70,70,70,70,70,70,70],"card_choices":[{"not_picked":["Underhanded Strike","Eviscerate"],"picked":"Deadly Poison","floor":1},{"not_picked":["Slice","Escape Plan"],"picked":"After Image","floor":2},{"not_picked":["Sucker Punch","Poisoned Stab"],"picked":"PiercingWail","floor":4},{"not_picked":["Deadly Poison","Setup"],"picked":"After Image","floor":6},{"not_picked":["Backflip+1","Dodge and Roll+1"],"picked":"Distraction+1","floor":8},{"not_picked":["Bane","Outmaneuver+1"],"picked":"Leg Sweep+1","floor":11},{"not_picked":["Finisher","Acrobatics+1"],"picked":"Noxious Fumes","floor":12},{"not_picked":["Leg Sweep+1","Terror+1"],"picked":"Crippling Poison+1","floor":13},{"not_picked":["Flechettes","Dash"],"picked":"Well Laid Plans","floor":14},{"not_picked":["Unload","Die Die Die"],"picked":"Envenom","floor":16},{"not_picked":["Reflex+1","Caltrops"],"picked":"Distraction+1","floor":18},{"not_picked":["Prepared+1","Heel Hook+1"],"picked":"Backstab","floor":20},{"not_picked":["Prepared+1","PiercingWail+1"],"picked":"Noxious Fumes+1","floor":21},{"not_picked":["Dagger Spray+1","Flying Knee"],"picked":"Calculated Gamble+1","floor":23},{"not_picked":["Backflip+1","Blade Dance+1"],"picked":"Footwork","floor":25},{"not_picked":["Bane","Backflip+1"],"picked":"Blur+1","floor":28},{"not_picked":["Dodge and Roll+1","Expertise+1"],"picked":"Distraction+1","floor":29},{"not_picked":["Underhanded Strike","Dagger Spray"],"picked":"Deadly Poison+1","floor":30},{"not_picked":["Phantasmal Killer+1","Grand Finale"],"picked":"Malaise+1","floor":33},{"not_picked":["Acrobatics+1","Setup+1"],"picked":"Caltrops","floor":35}],"player_experience":654184,"relics_obtained":[{"floor":6,"key":"Toxic Egg 2"},{"floor":8,"key":"Centennial Puzzle"},{"floor":9,"key":"Bag of Marbles"},{"floor":23,"key":"Omamori"},{"floor":26,"key":"War Paint"},{"floor":29,"key":"Red Mask"},{"floor":34,"key":"Dream Catcher"},{"floor":34,"key":"Ornamental Fan"},{"floor":34,"key":"FossilizedHelix"}],"event_choices":[{"damage_healed":0,"gold_gain":0,"player_choice":"Entered Light","damage_taken":14,"max_hp_gain":0,"max_hp_loss":0,"event_name":"Shining Light","floor":3,"gold_loss":0,"cards_upgraded":["Strike_G","Survivor"]},{"damage_healed":0,"gold_gain":0,"player_choice":"Bought 1 Potion","damage_taken":0,"max_hp_gain":0,"max_hp_loss":0,"event_name":"The Woman in Blue","floor":5,"gold_loss":0},{"damage_healed":0,"gold_gain":100,"player_choice":"Bet on Murderer","damage_taken":0,"max_hp_gain":0,"max_hp_loss":0,"event_name":"The Joust","floor":19,"gold_loss":50},{"damage_healed":0,"gold_gain":0,"player_choice":"Fought Bandits","damage_taken":0,"max_hp_gain":0,"max_hp_loss":0,"event_name":"Masked Bandits","floor":29,"gold_loss":0},{"damage_healed":0,"gold_gain":0,"player_choice":"Fight","damage_taken":0,"max_hp_gain":0,"max_hp_loss":0,"event_name":"Mysterious Sphere","floor":36,"gold_loss":0}],"is_beta":false,"boss_relics":[{"not_picked":["HoveringKite","Snecko Eye"],"picked":"Empty Cage"},{"not_picked":["Lizard Tail","Pandora\u0027s Box"],"picked":"Calling Bell"}],"items_purged_floors":[],"is_endless":false,"potions_floor_spawned":[2,6,8,11,14,20,23,30,33,35],"killed_by":"2 Orb Walkers","ascension_level":5}