{"gold_per_floor":[109,109,125,137,137,172,172,201,201,215,232,251,251,45,45,124,124,135,149,248,248,281,281],"floor_reached":23,"playtime":897,"items_purged":["Decay"],"score":357,"play_id":"8a1941b9-c8aa-447b-a0a1-49ff644e9225","local_time":"20190414172920","is_ascension_mode":true,"campfire_choices":[{"floor":7,"key":"REST"},{"floor":13,"key":"REST"},{"floor":15,"key":"REST"}],"neow_cost":"NONE","seed_source_timestamp":33662264501700,"circlet_count":0,"master_deck":["AscendersBane","Bash","Twin Strike","Armaments","Thunderclap","Rampage","Flex","Havoc","Seeing Red","Shockwave","Rampage","Bandage Up","Shockwave","Reaper","Armaments","Limit Break","Flame Barrier","Rampage","Cleave","Perfected Strike","Heavy Blade","Shockwave","Whirlwind","Rampage","Havoc"],"relics":["Burning Blood","NeowsBlessing","Bottled Lightning","Orichalcum","The Courier","Pandora\u0027s Box","Red Mask"],"potions_floor_usage":[6,8,12,12,16,18,22,22,23],"damage_taken":[{"damage":0,"enemies":"Jaw Worm","floor":1,"turns":1},{"damage":0,"enemies":"Cultist","floor":3,"turns":1},{"damage":0,"enemies":"Small Slimes","floor":4,"turns":1},{"damage":59,"enemies":"Lagavulin","floor":6,"turns":8},{"damage":34,"enemies":"3 Sentries","floor":8,"turns":9},{"damage":14,"enemies":"3 Louse","floor":10,"turns":5},{"damage":11,"enemies":"2 Fungi Beasts","floor":11,"turns":3},{"damage":5,"enemies":"Looter","floor":12,"turns":2},{"damage":35,"enemies":"The Guardian","floor":16,"turns":8},{"damage":25,"enemies":"3 Byrds","floor":18,"turns":4},{"damage":29,"enemies":"Chosen","floor":19,"turns":6},{"damage":34,"enemies":"Masked Bandits","floor":22,"turns":5},{"damage":70,"enemies":"Slavers","floor":23,"turns":4}],"seed_played":"7305695189600242698","potions_obtained":[{"floor":3,"key":"LiquidBronze"},{"floor":6,"key":"EssenceOfSteel"},{"floor":11,"key":"EntropicBrew"},{"floor":16,"key":"LiquidBronze"},{"floor":18,"key":"FearPotion"},{"floor":19,"key":"LiquidBronze"},{"floor":22,"key":"LiquidBronze"}],"is_trial":false,"path_per_floor":["M","?","M","M","?","E","R","E","T","M","M","M","R","$","R","B",null,"M","M","?","?","?","E"],"character_chosen":"IRONCLAD","items_purchased":["Bandage Up","Shockwave","PowerPotion"],"campfire_rested":3,"item_purchase_floors":[14,14,14],"current_hp_per_floor":[78,78,80,80,80,27,51,23,23,15,10,11,35,35,59,36,69,62,49,49,49,37,0],"gold":281,"neow_bonus":"THREE_ENEMY_KILL","is_prod":false,"is_daily":false,"chose_seed":false,"campfire_upgraded":0,"win_rate":0,"timestamp":1555252160,"path_taken":["M","?","?","M","?","E","R","E","T","M","?","M","R","$","R","BOSS","M","M","?","?","?","E"],"build_version":"2019-01-23","purchased_purges":1,"victory":false,"max_hp_per_floor":[80,80,80,80,80,80,80,80,80,80,80,80,80,80,80,80,80,80,80,80,80,80,80],"card_choices":[{"not_picked":["Anger","Warcry"],"picked":"Twin Strike","floor":1},{"not_picked":["Wild Strike","Perfected Strike"],"picked":"Thunderclap","floor":3},{"not_picked":["Blood for Blood","Burning Pact"],"picked":"Rampage","floor":4},{"not_picked":["Sentinel","Ghostly Armor"],"picked":"Flex","floor":6},{"not_picked":["Fire Breathing","Headbutt"],"picked":"Havoc","floor":8},{"not_picked":["True Grit","Blood for Blood"],"picked":"Seeing Red","floor":10},{"not_picked":["Whirlwind","True Grit"],"picked":"Shockwave","floor":11},{"not_picked":["Warcry","Clothesline"],"picked":"Rampage","floor":12},{"not_picked":["Barricade","Dark Embrace"],"picked":"Reaper","floor":16},{"not_picked":["Body Slam+1","Heavy Blade+1"],"picked":"Whirlwind","floor":18},{"not_picked":["Body Slam+1","Shrug It Off"],"picked":"Rampage","floor":19},{"not_picked":["Sword Boomerang","Thunderclap+1"],"picked":"Havoc","floor":22}],"player_experience":544590,"relics_obtained":[{"floor":6,"key":"Bottled Lightning"},{"floor":8,"key":"Orichalcum"},{"floor":9,"key":"The Courier"},{"floor":22,"key":"Red Mask"}],"event_choices":[{"damage_healed":0,"gold_gain":0,"cards_transformed":["Strike_R"],"player_choice":"Transformed","damage_taken":0,"max_hp_gain":0,"max_hp_loss":0,"event_name":"Transmorgrifier","floor":2,"gold_loss":0,"cards_obtained":["Armaments"]},{"damage_healed":0,"gold_gain":0,"player_choice":"Cursed","damage_taken":0,"max_hp_gain":0,"max_hp_loss":0,"event_name":"Wheel of Change","floor":5,"gold_loss":0,"cards_obtained":["Decay"]},{"damage_healed":0,"gold_gain":99,"player_choice":"Stole From Cult","damage_taken":0,"max_hp_gain":0,"max_hp_loss":0,"event_name":"Nest","floor":20,"gold_loss":0},{"damage_healed":0,"gold_gain":0,"player_choice":"Ignored","damage_taken":0,"max_hp_gain":0,"max_hp_loss":0,"event_name":"Ghosts","floor":21,"gold_loss":0},{"damage_healed":0,"gold_gain":0,"player_choice":"Fought Bandits","damage_taken":0,"max_hp_gain":0,"max_hp_loss":0,"event_name":"Masked Bandits","floor":22,"gold_loss":0}],"is_beta":false,"boss_relics":[{"not_picked":["Velvet Choker","Coffee Dripper"],"picked":"Pandora\u0027s Box"}],"items_purged_floors":[14],"is_endless":false,"potions_floor_spawned":[3,6,11,16,18,19,22],"killed_by":"Slavers","ascension_level":13}