{"gold_per_floor":[115,28,0,0,15,15,15,42,122,141,18,18,18,38,38,38],"floor_reached":16,"playtime":1076,"items_purged":["Strike_R"],"score":148,"play_id":"b239fd56-d915-4b7d-9d79-87db6c2fa6ce","local_time":"20181126210607","is_ascension_mode":false,"campfire_choices":[{"data":"Heavy Blade","floor":6,"key":"SMITH"},{"data":"Spot Weakness","floor":12,"key":"SMITH"},{"floor":15,"key":"REST"}],"neow_cost":"NONE","seed_source_timestamp":517897225242004,"circlet_count":0,"master_deck":["Strike_R","Strike_R","Strike_R","Defend_R","Defend_R","Defend_R","Defend_R","Bash","Heavy Blade+1","Flex","Rupture","Anger","Dual Wield","Hemokinesis","Spot Weakness+1","Blood for Blood"],"relics":["White Beast Statue","Smiling Mask","Letter Opener"],"potions_floor_usage":[8,8,16,16],"damage_taken":[{"damage":10,"enemies":"Cultist","floor":1,"turns":4},{"damage":0,"enemies":"2 Louse","floor":5,"turns":2},{"damage":22,"enemies":"Lagavulin","floor":8,"turns":5},{"damage":6,"enemies":"Jaw Worm","floor":10,"turns":2},{"damage":8,"enemies":"Exordium Thugs","floor":14,"turns":4}],"seed_played":"4281502724836009672","potions_obtained":[{"floor":1,"key":"PowerPotion"},{"floor":5,"key":"SkillPotion"},{"floor":8,"key":"Strength Potion"},{"floor":10,"key":"Regen Potion"},{"floor":14,"key":"Swift Potion"}],"is_trial":false,"path_per_floor":["M","$","?","$","M","R","?","E","T","M","$","R","?","M","R","B"],"character_chosen":"IRONCLAD","items_purchased":["Flex","Rupture","Spot Weakness"],"campfire_rested":1,"item_purchase_floors":[2,2,11],"current_hp_per_floor":[70,70,70,70,70,70,70,48,48,42,42,42,35,27,51,0],"gold":38,"neow_bonus":"BOSS_RELIC","is_prod":false,"is_daily":false,"chose_seed":false,"campfire_upgraded":2,"win_rate":0.0,"timestamp":1543287967,"path_taken":["M","?","?","?","?","R","?","E","T","M","$","R","?","M","R","BOSS"],"build_version":"2018-11-15","purchased_purges":1,"victory":false,"max_hp_per_floor":[80,80,80,80,80,80,80,80,80,80,80,80,80,80,80,80],"card_choices":[{"not_picked":["Pommel Strike","Entrench"],"picked":"Heavy Blade","floor":1},{"not_picked":["Clothesline","Havoc"],"picked":"Anger","floor":5},{"not_picked":["Disarm","Warcry"],"picked":"Dual Wield","floor":8},{"not_picked":["Perfected Strike","Thunderclap"],"picked":"Hemokinesis","floor":10},{"not_picked":["Clash","Thunderclap"],"picked":"Blood for Blood","floor":14}],"player_experience":159661,"relics_obtained":[{"floor":8,"key":"Smiling Mask"},{"floor":9,"key":"Letter Opener"}],"event_choices":[{"damage_healed":0,"gold_gain":0,"player_choice":"Left Gold","damage_taken":0,"max_hp_gain":0,"max_hp_loss":0,"event_name":"World of Goop","floor":3,"gold_loss":28},{"damage_healed":0,"gold_gain":0,"player_choice":"Ignored","damage_taken":0,"max_hp_gain":0,"max_hp_loss":0,"event_name":"Liars Game","floor":7,"gold_loss":0},{"cards_removed":["Strike_R"],"damage_healed":0,"gold_gain":0,"player_choice":"Card Removal","damage_taken":7,"max_hp_gain":0,"max_hp_loss":0,"event_name":"Golden Wing","floor":13,"gold_loss":0}],"is_beta":false,"boss_relics":[],"items_purged_floors":[11],"is_endless":false,"potions_floor_spawned":[1,5,8,10,14],"killed_by":"The Guardian","ascension_level":0}