{"gold_per_floor":[113,113,133,83,83,83,101,276,302,302,302,321,357,377,377,508,508,531,131,131,6,31,31,74,99,99,124,124],"floor_reached":28,"playtime":953,"items_purged":["Strike_R","Strike_R"],"score":345,"play_id":"9f4e4055-0774-433d-878b-63466f5b09a8","local_time":"20180925092929","is_ascension_mode":true,"campfire_choices":[{"data":"Bash","floor":6,"key":"SMITH"},{"data":"Combust","floor":11,"key":"SMITH"},{"floor":15,"key":"REST"},{"data":"Juggernaut","floor":23,"key":"SMITH"}],"neow_cost":"","seed_source_timestamp":345699851079521,"circlet_count":0,"master_deck":["Strike_R","Defend_R","Defend_R","Defend_R","Defend_R","Bash+1","Combust+1","Armaments","Juggernaut+1","Sentinel+1","Juggernaut+1","Shrug It Off","Entrench+1","Body Slam"],"relics":["Burning Blood","Golden Idol","Boot","Ice Cream","Sozu","Frozen Egg 2","Potion Belt","Meat on the Bone"],"potions_floor_usage":[13,16,18],"damage_taken":[{"damage":2,"enemies":"2 Louse","floor":1,"turns":3},{"damage":5,"enemies":"Jaw Worm","floor":3,"turns":5},{"damage":6,"enemies":"Cultist","floor":7,"turns":4},{"damage":11,"enemies":"Blue Slaver","floor":12,"turns":3},{"damage":19,"enemies":"3 Sentries","floor":13,"turns":5},{"damage":30,"enemies":"Large Slime","floor":14,"turns":8},{"damage":29,"enemies":"Slime Boss","floor":16,"turns":10},{"damage":41,"enemies":"2 Thieves","floor":18,"turns":4},{"damage":0,"enemies":"Spheric Guardian","floor":22,"turns":3},{"damage":41,"enemies":"Gremlin Leader","floor":24,"turns":6},{"damage":4,"enemies":"Centurion and Healer","floor":25,"turns":5},{"damage":7,"enemies":"3 Cultists","floor":27,"turns":4},{"damage":41,"enemies":"Slavers","floor":28,"turns":4}],"seed_played":"-5615383452740322414","potions_obtained":[{"floor":12,"key":"PowerPotion"},{"floor":14,"key":"Dexterity Potion"},{"floor":16,"key":"LiquidBronze"}],"is_trial":false,"path_per_floor":["M","?","M","?","?","R","M","?","T","?","R","M","E","M","R","B",null,"M","$","?","$","M","R","E","M","T","M"],"character_chosen":"IRONCLAD","items_purchased":["Frozen Egg 2","Juggernaut+1","Shrug It Off"],"campfire_rested":1,"item_purchase_floors":[19,19,21],"current_hp_per_floor":[76,56,57,57,50,50,50,50,50,50,50,45,32,8,32,9,62,27,27,53,53,59,59,24,26,26,37,0],"gold":124,"neow_bonus":"","is_prod":false,"is_daily":false,"chose_seed":false,"campfire_upgraded":3,"win_rate":0,"timestamp":1537856969,"path_taken":["M","?","M","?","?","R","?","?","T","?","R","M","E","M","R","BOSS","M","$","?","?","M","R","E","M","T","?","E"],"build_version":"2018-09-20","purchased_purges":2,"victory":false,"max_hp_per_floor":[80,80,80,80,80,80,80,80,80,80,80,80,80,80,80,80,80,80,80,80,80,80,80,80,80,80,80,80],"card_choices":[{"not_picked":["Clash","Iron Wave","Ghostly Armor"],"picked":"SKIP","floor":1},{"not_picked":["Clash","Fire Breathing","Sever Soul"],"picked":"SKIP","floor":3},{"not_picked":["Power Through","Dual Wield"],"picked":"Combust","floor":7},{"not_picked":["Havoc","Dual Wield","Warcry"],"picked":"SKIP","floor":12},{"not_picked":["Corruption","Heavy Blade"],"picked":"Armaments","floor":13},{"not_picked":["Feel No Pain","Headbutt","Uppercut"],"picked":"SKIP","floor":14},{"not_picked":["Immolate","Bludgeon"],"picked":"Juggernaut","floor":16},{"not_picked":["Shrug It Off+1","True Grit"],"picked":"Sentinel+1","floor":18},{"not_picked":["Body Slam","Clothesline","Wild Strike"],"picked":"SKIP","floor":22},{"not_picked":["Heavy Blade","Impervious"],"picked":"Entrench+1","floor":24},{"not_picked":["Dual Wield","Thunderclap"],"picked":"Body Slam","floor":25},{"not_picked":["Body Slam","Heavy Blade","Clash"],"picked":"SKIP","floor":27}],"player_experience":378630,"relics_obtained":[{"floor":9,"key":"Boot"},{"floor":13,"key":"Ice Cream"},{"floor":24,"key":"Potion Belt"},{"floor":26,"key":"Meat on the Bone"}],"event_choices":[{"event_name":"Golden Idol","player_choice":"Take Damage","floor":2,"damage_taken":0},{"event_name":"The Cleric","player_choice":"Card Removal","floor":4,"damage_taken":0},{"event_name":"Golden Wing","player_choice":"Card Removal","floor":5,"damage_taken":0},{"event_name":"Liars Game","player_choice":"agreed","floor":8,"damage_taken":0},{"event_name":"Living Wall","player_choice":"Forget","floor":10,"damage_taken":0},{"event_name":"The Library","player_choice":"Heal","floor":20,"damage_taken":0}],"is_beta":false,"boss_relics":[{"not_picked":["Cursed Key","Calling Bell"],"picked":"Sozu"}],"items_purged_floors":[19,21],"is_endless":false,"potions_floor_spawned":[12,14,16,18,22,27],"killed_by":"Slavers","ascension_level":9}