{"gold_per_floor":[360,360,20,20,20,20,61,61,87,87,100,100,15,30,30,151,151,171,187,187,207,207,247,247,247,272,272,291,309,342,360,360,360],"floor_reached":33,"playtime":1291,"items_purged":["Defend_B"],"score":340,"play_id":"0eba9888-7278-4b3d-ba2f-89e430d26814","local_time":"20181021193908","is_ascension_mode":true,"campfire_choices":[{"floor":6,"key":"REST"},{"floor":8,"key":"REST"},{"data":"Conserve Battery","floor":10,"key":"SMITH"},{"data":"Dualcast","floor":12,"key":"SMITH"},{"data":"Glacier","floor":15,"key":"SMITH"},{"floor":25,"key":"REST"},{"data":"Seek","floor":27,"key":"SMITH"},{"floor":32,"key":"DIG"}],"neow_cost":"TEN_PERCENT_HP_LOSS","seed_source_timestamp":908006202903300,"circlet_count":0,"master_deck":["Strike_B+1","Strike_B+1","Strike_B+1","Strike_B+1","Defend_B+1","Defend_B+1","Defend_B+1","Zap+1","Dualcast+1","Sweeping Beam+1","Conserve Battery+1","Glacier+1","Self Repair","Seek+1","Go for the Eyes+1","Cold Snap+1","Core Surge","Necronomicurse","Doubt","FTL","Beam Cell","Coolheaded"],"relics":["Cracked Core","Golden Idol","Anchor","HandDrill","Bag of Marbles","Smiling Mask","Cursed Key","MutagenicStrength","Centennial Puzzle","Necronomicon","Whetstone","Shovel","Blood Vial"],"potions_floor_usage":[16,16,16,19,29,31,33],"damage_taken":[{"damage":12,"enemies":"Jaw Worm","floor":1,"turns":2},{"damage":20,"enemies":"3 Sentries","floor":7,"turns":5},{"damage":0,"enemies":"2 Louse","floor":11,"turns":2},{"damage":0,"enemies":"Cultist","floor":14,"turns":2},{"damage":28,"enemies":"The Guardian","floor":16,"turns":12},{"damage":22,"enemies":"Spheric Guardian","floor":18,"turns":6},{"damage":2,"enemies":"Chosen","floor":19,"turns":4},{"damage":2,"enemies":"3 Cultists","floor":21,"turns":6},{"damage":26,"enemies":"Gremlin Leader","floor":23,"turns":11},{"damage":3,"enemies":"Shelled Parasite and Fungi","floor":28,"turns":4},{"damage":0,"enemies":"Snecko","floor":29,"turns":3},{"damage":2,"enemies":"Slavers","floor":30,"turns":4},{"damage":0,"enemies":"Centurion and Healer","floor":31,"turns":4},{"damage":71,"enemies":"Champ","floor":33,"turns":13}],"seed_played":"-3568764657206415732","potions_obtained":[{"floor":7,"key":"SpeedPotion"},{"floor":11,"key":"AttackPotion"},{"floor":14,"key":"FocusPotion"},{"floor":16,"key":"SteroidPotion"},{"floor":28,"key":"Block Potion"},{"floor":29,"key":"Fire Potion"},{"floor":30,"key":"SpeedPotion"}],"is_trial":false,"path_per_floor":["M","?","$","$","?","R","E","R","T","R","M","R","$","M","R","B",null,"M","M","?","M","?","E","?","R","T","R","M","M","E","M","R"],"character_chosen":"DEFECT","items_purchased":["Anchor","HandDrill","Glacier"],"campfire_rested":3,"item_purchase_floors":[3,3,13],"current_hp_per_floor":[56,39,39,39,39,59,39,59,59,59,59,59,59,59,59,38,68,53,58,58,63,63,44,28,48,48,48,52,52,57,64,64,0],"gold":360,"neow_bonus":"TWO_FIFTY_GOLD","is_prod":false,"is_daily":false,"chose_seed":false,"campfire_upgraded":4,"win_rate":0,"timestamp":1540139948,"path_taken":["M","?","?","$","?","R","E","R","T","R","M","R","?","?","R","BOSS","M","M","?","?","?","E","?","R","T","R","M","M","E","M","R","BOSS"],"build_version":"2018-10-18","purchased_purges":1,"victory":false,"max_hp_per_floor":[68,68,68,68,68,68,68,68,68,68,68,68,68,68,68,68,68,68,68,68,68,68,68,68,68,68,68,68,68,68,68,68,68],"card_choices":[{"not_picked":["Static Discharge","Leap"],"picked":"Sweeping Beam","floor":1},{"not_picked":["Stack","Chaos"],"picked":"Conserve Battery","floor":7},{"not_picked":["Fusion","Creative AI","Undo"],"picked":"SKIP","floor":11},{"not_picked":["Turbo","Coolheaded"],"picked":"Self Repair","floor":14},{"not_picked":["Biased Cognition","Creative AI"],"picked":"Seek","floor":16},{"not_picked":["Fusion","Scrape+1"],"picked":"Go for the Eyes+1","floor":18},{"not_picked":["Tempest","Static Discharge","Compile Driver"],"picked":"SKIP","floor":19},{"not_picked":["Steam","Glacier"],"picked":"Cold Snap","floor":21},{"not_picked":["Beam Cell","Ball Lightning"],"picked":"Core Surge","floor":23},{"not_picked":["Beam Cell","Heatsinks"],"picked":"FTL","floor":28},{"not_picked":["Hello World","Rebound"],"picked":"Beam Cell","floor":29},{"not_picked":["Chaos","Genetic Algorithm+1","Beam Cell"],"picked":"SKIP","floor":30},{"not_picked":["Tempest","Barrage"],"picked":"Coolheaded","floor":31}],"player_experience":446482,"relics_obtained":[{"floor":7,"key":"Bag of Marbles"},{"floor":9,"key":"Smiling Mask"},{"floor":23,"key":"Centennial Puzzle"},{"floor":24,"key":"Necronomicon"},{"floor":26,"key":"Whetstone"},{"floor":30,"key":"Shovel"},{"floor":32,"key":"Blood Vial"}],"event_choices":[{"damage_healed":0,"gold_gain":0,"player_choice":"Take Damage","damage_taken":17,"relics_obtained":["Golden Idol"],"max_hp_gain":0,"max_hp_loss":0,"event_name":"Golden Idol","floor":2,"gold_loss":0},{"damage_healed":0,"gold_gain":0,"player_choice":"Grow","damage_taken":0,"max_hp_gain":0,"max_hp_loss":0,"event_name":"Living Wall","floor":5,"gold_loss":0,"cards_upgraded":["Zap"]},{"damage_healed":0,"gold_gain":0,"player_choice":"Simplicity","damage_taken":0,"max_hp_gain":0,"max_hp_loss":0,"event_name":"Back to Basics","floor":20,"gold_loss":0,"cards_upgraded":["Strike_B","Strike_B","Strike_B","Strike_B","Defend_B","Defend_B","Defend_B"]},{"damage_healed":0,"gold_gain":0,"player_choice":"Inject Mutagens","damage_taken":0,"relics_obtained":["MutagenicStrength"],"max_hp_gain":0,"max_hp_loss":0,"event_name":"Drug Dealer","floor":22,"gold_loss":0},{"damage_healed":0,"gold_gain":0,"player_choice":"Obtained Book","damage_taken":16,"max_hp_gain":0,"max_hp_loss":0,"event_name":"Cursed Tome","floor":24,"gold_loss":0}],"is_beta":false,"boss_relics":[{"not_picked":["Philosopher\u0027s Stone","Lizard Tail"],"picked":"Cursed Key"}],"items_purged_floors":[13],"is_endless":false,"potions_floor_spawned":[7,11,14,16,28,29,30],"killed_by":"Champ","ascension_level":4}