{"gold_per_floor":[110,110,120,139,156,156,231,258,258,258,276,276,304,391,403,415],"floor_reached":16,"playtime":640,"items_purged":[],"score":143,"play_id":"448416da-124b-4560-9fbd-51fcd637b6da","local_time":"20180831114626","is_ascension_mode":true,"campfire_choices":[{"data":"Barricade","floor":6,"key":"SMITH"},{"floor":10,"key":"REST"},{"floor":15,"key":"REST"}],"neow_cost":"","seed_source_timestamp":363711512194905,"circlet_count":0,"master_deck":["Strike_R","Strike_R","Strike_R","Strike_R","Strike_R","Defend_R","Defend_R","Defend_R","Defend_R","Bash","Armaments+1","Barricade+1","Feel No Pain+1","Regret","Feel No Pain+1"],"relics":["Burning Blood","Bottled Flame","Bag of Preparation","Frozen Egg 2","MawBank"],"potions_floor_usage":[11,13],"damage_taken":[{"damage":3,"enemies":"2 Louse","floor":1,"turns":4},{"damage":2,"enemies":"Jaw Worm","floor":3,"turns":4},{"damage":10,"enemies":"Small Slimes","floor":4,"turns":3},{"damage":13,"enemies":"Red Slaver","floor":5,"turns":5},{"damage":17,"enemies":"Lagavulin","floor":8,"turns":7},{"damage":19,"enemies":"Gremlin Gang","floor":11,"turns":6},{"damage":44,"enemies":"Exordium Thugs","floor":13,"turns":5},{"damage":43,"enemies":"The Guardian","floor":16,"turns":7}],"seed_played":"2105761422891074964","potions_obtained":[{"floor":5,"key":"GamblersBrew"},{"floor":8,"key":"Poison Potion"}],"is_trial":false,"path_per_floor":["M","?","M","M","M","R","T","E","T","R","M","?","M","?","R"],"character_chosen":"IRONCLAD","items_purchased":[],"campfire_rested":2,"item_purchase_floors":[],"current_hp_per_floor":[75,75,79,75,68,68,68,57,57,80,67,67,29,18,42,0],"gold":415,"neow_bonus":"","is_prod":false,"is_daily":false,"chose_seed":false,"campfire_upgraded":1,"win_rate":0,"timestamp":1535705186,"path_taken":["M","?","M","?","?","R","?","E","T","R","M","?","M","?","R","BOSS"],"build_version":"2018-08-30","purchased_purges":0,"victory":false,"max_hp_per_floor":[80,80,80,80,80,80,80,80,80,80,80,80,80,80,80,80],"card_choices":[{"not_picked":["True Grit","Iron Wave"],"picked":"Armaments","floor":1},{"not_picked":["Twin Strike","True Grit","Warcry"],"picked":"SKIP","floor":3},{"not_picked":["Sword Boomerang","Pummel","Anger"],"picked":"SKIP","floor":4},{"not_picked":["Blood for Blood","Anger"],"picked":"Barricade","floor":5},{"not_picked":["Burning Pact","Warcry","Clash"],"picked":"SKIP","floor":8},{"not_picked":["Headbutt","Sword Boomerang"],"picked":"Feel No Pain+1","floor":11},{"not_picked":["Warcry","Sword Boomerang"],"picked":"Feel No Pain+1","floor":13}],"player_experience":352869,"relics_obtained":[{"floor":7,"key":"Bottled Flame"},{"floor":8,"key":"Bag of Preparation"},{"floor":9,"key":"Frozen Egg 2"}],"event_choices":[{"event_name":"Living Wall","player_choice":"Grow","floor":2,"damage_taken":0},{"event_name":"Big Fish","player_choice":"Box","floor":12,"damage_taken":0},{"event_name":"World of Goop","player_choice":"Gather Gold","floor":14,"damage_taken":0}],"is_beta":false,"boss_relics":[],"items_purged_floors":[],"is_endless":false,"potions_floor_spawned":[5,8],"killed_by":"The Guardian","ascension_level":8}