{"gold_per_floor":[213,224,32,47,58,85,85,120,144,170,22,40,100,116,116,193,193,209,3,17,30,30,65,76,76,100,114,39,39,66,66,66,145,145,161,161,1160,494,494,494,4,4,28,28,51,82,82,98,98,98],"floor_reached":50,"playtime":1908,"items_purged":["Strike_R","Defend_R"],"score":1033,"play_id":"851bda4e-a76e-4d5b-99d3-e1fef9f65272","local_time":"20190712201910","is_ascension_mode":true,"campfire_choices":[{"data":"Infernal Blade","floor":7,"key":"SMITH"},{"floor":15,"key":"REST"},{"floor":25,"key":"RECALL"},{"floor":29,"key":"REST"},{"floor":32,"key":"REST"},{"floor":40,"key":"REST"},{"floor":42,"key":"REST"},{"floor":47,"key":"REST"},{"floor":49,"key":"REST"}],"neow_cost":"NONE","seed_source_timestamp":44062757005000,"circlet_count":0,"master_deck":["AscendersBane","Strike_R","Strike_R+1","Strike_R","Defend_R","Defend_R","Defend_R","Bash","Rampage+1","Seeing Red","Infernal Blade+1","Inflame","Disarm","Flame Barrier","Double Tap","Impervious","Uppercut","Battle Trance","Impervious","Metallicize","Infernal Blade+1","Intimidate","Infernal Blade+1","Cleave","Hemokinesis+1","Demon Form","Panacea","Discovery","Secret Weapon","Demon Form","Shrug It Off+1","Pommel Strike+1"],"relics":["Burning Blood","Orichalcum","Regal Pillow","Bronze Scales","Smiling Mask","Juzu Bracelet","PreservedInsect","Omamori","Fusion Hammer","Whetstone","Lantern","Pen Nib","Happy Flower","Mark of Pain","Meat on the Bone","Dream Catcher","Chemical X","StoneCalendar","ClockworkSouvenir","Oddly Smooth Stone","Potion Belt"],"potions_floor_usage":[5,5,6,16,27,33,35,50,50],"damage_taken":[{"damage":1,"enemies":"Cultist","floor":1,"turns":4},{"damage":4,"enemies":"2 Louse","floor":2,"turns":4},{"damage":0,"enemies":"Small Slimes","floor":4,"turns":2},{"damage":2,"enemies":"Exordium Wildlife","floor":5,"turns":4},{"damage":31,"enemies":"Lagavulin","floor":6,"turns":5},{"damage":16,"enemies":"Gremlin Nob","floor":8,"turns":4},{"damage":12,"enemies":"Lagavulin","floor":10,"turns":7},{"damage":13,"enemies":"Large Slime","floor":12,"turns":5},{"damage":21,"enemies":"Lagavulin Event","floor":13,"turns":6},{"damage":3,"enemies":"Looter","floor":14,"turns":3},{"damage":42,"enemies":"Slime Boss","floor":16,"turns":10},{"damage":8,"enemies":"Shell Parasite","floor":18,"turns":3},{"damage":5,"enemies":"Chosen","floor":20,"turns":4},{"damage":2,"enemies":"Centurion and Healer","floor":21,"turns":5},{"damage":18,"enemies":"Book of Stabbing","floor":23,"turns":4},{"damage":0,"enemies":"Snecko","floor":24,"turns":5},{"damage":0,"enemies":"Snake Plant","floor":27,"turns":3},{"damage":0,"enemies":"Slavers","floor":30,"turns":1},{"damage":64,"enemies":"Champ","floor":33,"turns":9},{"damage":19,"enemies":"3 Shapes","floor":35,"turns":6},{"damage":47,"enemies":"Nemesis","floor":46,"turns":7},{"damage":29,"enemies":"3 Darklings","floor":48,"turns":3},{"damage":85,"enemies":"Donu and Deca","floor":50,"turns":5}],"seed_played":"7240356495682000469","potions_obtained":[{"floor":1,"key":"PowerPotion"},{"floor":4,"key":"Energy Potion"},{"floor":5,"key":"Swift Potion"},{"floor":12,"key":"Energy Potion"},{"floor":23,"key":"Fire Potion"},{"floor":30,"key":"PowerPotion"},{"floor":33,"key":"SteroidPotion"},{"floor":35,"key":"Explosive Potion"},{"floor":46,"key":"Ancient Potion"}],"is_trial":false,"path_per_floor":["M","M","$","M","M","E","R","E","T","E","$","M","?","M","R","B",null,"M","$","M","M","?","E","M","R","T","M","?","R","E","?","R","B",null,"M","?","?","$","?","R","$","R","T","?","T","E","R","M","R","B"],"character_chosen":"IRONCLAD","items_purchased":["Infernal Blade","Orichalcum","PreservedInsect","Whetstone","Meat on the Bone","Dream Catcher","Chemical X","StoneCalendar","ClockworkSouvenir"],"campfire_rested":7,"item_purchase_floors":[3,3,11,19,38,38,38,41,41],"current_hp_per_floor":[73,75,75,75,75,50,50,40,40,34,34,27,12,15,52,16,60,58,58,59,63,63,51,57,57,57,63,63,75,75,75,75,17,61,48,38,38,38,38,75,75,75,75,75,75,46,75,52,75,0],"gold":98,"neow_bonus":"HUNDRED_GOLD","is_prod":false,"is_daily":false,"chose_seed":false,"campfire_upgraded":1,"win_rate":0,"timestamp":1562951950,"path_taken":["M","M","$","M","?","E","R","E","T","E","?","M","?","M","R","BOSS","M","$","M","M","?","E","M","R","T","M","?","R","E","?","R","BOSS","M","?","?","$","?","R","$","R","T","?","?","E","R","M","R","BOSS"],"build_version":"2019-07-05","purchased_purges":2,"victory":false,"max_hp_per_floor":[75,75,75,75,75,75,75,75,75,75,75,75,75,75,75,75,75,75,75,75,75,75,75,75,75,75,75,75,75,75,75,75,75,75,75,75,75,75,75,75,75,75,75,75,75,75,75,75,75,75],"card_choices":[{"not_picked":["Reckless Charge","Pommel Strike"],"picked":"Rampage","floor":1},{"not_picked":["Bloodletting","Reckless Charge"],"picked":"Seeing Red","floor":2},{"not_picked":["Body Slam","Shrug It Off"],"picked":"Inflame","floor":4},{"not_picked":["Rupture","Dropkick"],"picked":"Disarm","floor":5},{"not_picked":["Bloodletting","Anger"],"picked":"Flame Barrier","floor":6},{"not_picked":["Body Slam","Second Wind"],"picked":"Double Tap","floor":8},{"not_picked":["Headbutt","Clash"],"picked":"Impervious","floor":10},{"not_picked":["Second Wind","Headbutt","Warcry"],"picked":"SKIP","floor":12},{"not_picked":["Wild Strike","Clothesline"],"picked":"Uppercut","floor":13},{"not_picked":["Headbutt","Clothesline"],"picked":"Battle Trance","floor":14},{"not_picked":["Limit Break","Reaper"],"picked":"Impervious","floor":16},{"not_picked":["Havoc","Headbutt"],"picked":"Metallicize","floor":18},{"not_picked":["Havoc","Power Through+1","Wild Strike+1"],"picked":"SKIP","floor":20},{"not_picked":["Searing Blow","Dual Wield","Blood for Blood"],"picked":"SKIP","floor":21},{"not_picked":["Flame Barrier","Flex"],"picked":"Intimidate","floor":23},{"not_picked":["Pommel Strike","Twin Strike"],"picked":"Infernal Blade+1","floor":24},{"not_picked":["Heavy Blade+1","Reckless Charge"],"picked":"Cleave","floor":27},{"not_picked":["Feel No Pain","Clash"],"picked":"Hemokinesis+1","floor":30},{"not_picked":["Dark Embrace","Bludgeon"],"picked":"Demon Form","floor":33},{"not_picked":["Warcry","Thunderclap","Anger"],"picked":"SKIP","floor":35},{"not_picked":["Finesse","Good Instincts"],"picked":"Panacea","floor":36},{"not_picked":["Jack Of All Trades","Enlightenment"],"picked":"Discovery","floor":36},{"not_picked":["Flash of Steel","Purity"],"picked":"Secret Weapon","floor":36},{"not_picked":["Armaments","Clothesline+1"],"picked":"Demon Form","floor":46},{"not_picked":["Iron Wave","Pommel Strike"],"picked":"Shrug It Off+1","floor":47},{"not_picked":["Heavy Blade+1","Uppercut"],"picked":"Pommel Strike+1","floor":48}],"player_experience":662690,"relics_obtained":[{"floor":6,"key":"Regal Pillow"},{"floor":8,"key":"Bronze Scales"},{"floor":9,"key":"Smiling Mask"},{"floor":10,"key":"Juzu Bracelet"},{"floor":13,"key":"Omamori"},{"floor":23,"key":"Lantern"},{"floor":26,"key":"Pen Nib"},{"floor":30,"key":"Happy Flower"},{"floor":45,"key":"Oddly Smooth Stone"},{"floor":46,"key":"Potion Belt"}],"event_choices":[{"damage_healed":0,"gold_gain":0,"player_choice":"Searched \u00271\u0027 times","damage_taken":0,"max_hp_gain":0,"max_hp_loss":0,"event_name":"Dead Adventurer","floor":13,"gold_loss":0},{"damage_healed":0,"gold_gain":0,"player_choice":"Copied","damage_taken":0,"max_hp_gain":0,"max_hp_loss":0,"event_name":"Duplicator","floor":22,"gold_loss":0,"cards_obtained":["Infernal Blade"]},{"cards_removed":["Strike_R"],"damage_healed":0,"gold_gain":0,"player_choice":"Gave Gold","damage_taken":0,"max_hp_gain":0,"max_hp_loss":0,"event_name":"Beggar","floor":28,"gold_loss":75},{"damage_healed":0,"gold_gain":0,"player_choice":"Ignored","damage_taken":0,"max_hp_gain":0,"max_hp_loss":0,"event_name":"Vampires","floor":31,"gold_loss":0},{"damage_healed":0,"gold_gain":0,"player_choice":"Memory 3","damage_taken":10,"max_hp_gain":0,"max_hp_loss":0,"event_name":"SensoryStone","floor":36,"gold_loss":0},{"damage_healed":0,"gold_gain":999,"player_choice":"Gold","damage_taken":0,"max_hp_gain":0,"max_hp_loss":0,"event_name":"MindBloom","floor":37,"gold_loss":0,"cards_obtained":["Normality","Normality"]},{"damage_healed":0,"gold_gain":0,"player_choice":"Ignored","damage_taken":0,"max_hp_gain":0,"max_hp_loss":0,"event_name":"Tomb of Lord Red Mask","floor":39,"gold_loss":0},{"damage_healed":0,"gold_gain":0,"player_choice":"Ignored","damage_taken":0,"max_hp_gain":0,"max_hp_loss":0,"event_name":"Mysterious Sphere","floor":44,"gold_loss":0}],"is_beta":false,"boss_relics":[{"not_picked":["Pandora\u0027s Box","Black Star"],"picked":"Fusion Hammer"},{"not_picked":["Astrolabe","Velvet Choker"],"picked":"Mark of Pain"}],"items_purged_floors":[19,38],"is_endless":false,"potions_floor_spawned":[1,4,5,12,23,30,33,35,46],"killed_by":"Donu and Deca","ascension_level":15}