{"path_per_floor":["M","?","$","?","?","R","?","?","T","M","M","$","E","T","R","B",null,"M","M","$","?","?"],"character_chosen":"IRONCLAD","items_purchased":["Armaments","Juzu Bracelet"],"gold_per_floor":[112,112,37,0,0,0,0,26,53,73,98,49,92,137,137,268,268,283,302,159,159,59],"floor_reached":23,"campfire_rested":1,"playtime":3726,"current_hp_per_floor":[76,76,76,76,60,60,60,44,44,43,49,49,23,23,47,22,80,79,54,54,80,80],"items_purged":["Regret"],"gold":59,"score":185,"play_id":"98074c26-d5b6-4bda-9b8a-73dd7765ed15","local_time":"20180306192432","is_prod":false,"is_daily":false,"is_ascension_mode":false,"campfire_upgraded":1,"timestamp":1520357072,"path_taken":["M","?","$","?","?","R","?","?","T","?","M","?","E","?","R","BOSS","M","M","$","?","?","E"],"build_version":"2018-03-01-PROD1","purchased_purges":2,"victory":false,"master_deck":["Strike_R","Strike_R","Strike_R","Strike_R","Strike_R","Defend_R","Defend_R","Defend_R","Defend_R+1","Bash+1","Sword Boomerang+1","Injury","Uppercut","Whirlwind","Reaper","Armaments","Perfected Strike","Bludgeon","Feel No Pain","True Grit","J.A.X."],"max_hp_per_floor":[80,80,80,80,80,80,80,80,80,80,80,80,80,80,80,80,80,80,80,80,80,80],"relics":["Burning Blood","Bag of Marbles","Golden Idol","Odd Mushroom","Oddly Smooth Stone","Meat on the Bone","Anchor","White Beast Statue","Juzu Bracelet"],"card_choices":[{"not_picked":["Reckless Charge","Headbutt"],"picked":"Sword Boomerang"},{"not_picked":["Clothesline","Battle Trance"],"picked":"Uppercut"},{"not_picked":["Sword Boomerang","Carnage"],"picked":"Whirlwind"},{"not_picked":["Intimidate","Corruption"],"picked":"Reaper"},{"not_picked":["Rampage","Headbutt"],"picked":"Perfected Strike"},{"not_picked":["Brutality","Barricade"],"picked":"Bludgeon"},{"not_picked":["Thunderclap","Bloodletting"],"picked":"Feel No Pain"},{"not_picked":["Headbutt","Clash"],"picked":"True Grit"}],"player_experience":0,"potions_floor_usage":[16,16,19,23,23,23],"damage_taken":[{"damage":10,"enemies":"Small Slimes","floor":1,"turns":4},{"damage":22,"enemies":"The Mushroom Lair","floor":8,"turns":5},{"damage":7,"enemies":"Jaw Worm","floor":10,"turns":3},{"damage":0,"enemies":"Cultist","floor":11,"turns":3},{"damage":32,"enemies":"Lagavulin","floor":13,"turns":7},{"damage":43,"enemies":"The Guardian","floor":16,"turns":13},{"damage":7,"enemies":"Chosen","floor":18,"turns":7},{"damage":43,"enemies":"Shell Parasite","floor":19,"turns":7},{"damage":94,"enemies":"Gremlin Leader","floor":23,"turns":8}],"event_choices":[{"event_name":"Big Fish","player_choice":"Box","floor":2,"damage_taken":0},{"event_name":"World of Goop","player_choice":"Left","floor":4,"damage_taken":0},{"event_name":"Shining Light","player_choice":"Entered Light","floor":5,"damage_taken":0},{"event_name":"Golden Idol","player_choice":"Take Wound","floor":7,"damage_taken":0},{"event_name":"Mushrooms","player_choice":"Fought Mushrooms","floor":8,"damage_taken":0},{"event_name":"Wheel of Change","player_choice":"Full Heal","floor":21,"damage_taken":0},{"event_name":"Drug Dealer","player_choice":"Got JAXXED","floor":22,"damage_taken":0}],"boss_relics":[{"not_picked":["Philosopher\u0027s Stone","Sozu"],"picked":"White Beast Statue"}],"potions_floor_spawned":[1,8,10,16,18,19],"seed_played":"2639830572738322258","killed_by":"Gremlin Leader","ascension_level":0,"is_trial":false}