{"gold_per_floor":[112,287,298,298,67,67,94,94,145,145,209,209,227,227,227,330,330,343,359,379,391,407,407,437,256,282,297,297,297,315,325,325,429,429,448,463,88,100,112,143,143,168,180,192,232,260,272,28,28,28],"floor_reached":51,"playtime":2216,"items_purged":["Doubt","Strike_G","Defend_G"],"score":857,"play_id":"a0e1f700-fe49-46d6-950b-a1849f70ddfd","local_time":"20190705134832","is_ascension_mode":false,"campfire_choices":[{"data":"Neutralize","floor":6,"key":"SMITH"},{"data":"Quick Slash","floor":8,"key":"SMITH"},{"floor":10,"key":"REST"},{"data":"Dash","floor":15,"key":"SMITH"},{"data":"Corpse Explosion","floor":23,"key":"SMITH"},{"data":"Noxious Fumes","floor":29,"key":"SMITH"},{"data":"Blur","floor":32,"key":"SMITH"},{"floor":44,"key":"REST"},{"floor":49,"key":"REST"}],"neow_cost":"PERCENT_DAMAGE","seed_source_timestamp":63061593838270,"circlet_count":0,"master_deck":["Strike_G","Strike_G+1","Strike_G+1","Defend_G","Defend_G","Defend_G","Survivor","Neutralize+1","All Out Attack","Quick Slash+1","PiercingWail","Dash+1","Corpse Explosion+1","Blur+1","PiercingWail+1","Underhanded Strike+1","Noxious Fumes+1","Poisoned Stab+1","After Image","Quick Slash+1","Backstab+1","Sucker Punch+1","Blade Dance+1","Madness","Madness","Endless Agony+1","Crippling Poison+1","Catalyst","Finesse","Flash of Steel+1","Dagger Throw+1","Caltrops"],"relics":["Ring of the Snake","Bronze Scales","Odd Mushroom","Orichalcum","Tiny Chest","Pantograph","Busted Crown","Strawberry","Blood Vial","Molten Egg 2","Fusion Hammer","Unceasing Top","Kunai","MawBank","Lantern","PreservedInsect"],"potions_floor_usage":[7,16,16,24,24,33,40,40,50,50],"damage_taken":[{"damage":0,"enemies":"2 Louse","floor":1,"turns":5},{"damage":0,"enemies":"Small Slimes","floor":3,"turns":4},{"damage":13,"enemies":"The Mushroom Lair","floor":7,"turns":4},{"damage":8,"enemies":"Gremlin Nob","floor":11,"turns":4},{"damage":0,"enemies":"Jaw Worm","floor":13,"turns":2},{"damage":0,"enemies":"Slime Boss","floor":16,"turns":4},{"damage":0,"enemies":"Chosen","floor":18,"turns":4},{"damage":0,"enemies":"Spheric Guardian","floor":19,"turns":4},{"damage":0,"enemies":"3 Cultists","floor":20,"turns":2},{"damage":9,"enemies":"Shelled Parasite and Fungi","floor":21,"turns":5},{"damage":0,"enemies":"Centurion and Healer","floor":22,"turns":3},{"damage":15,"enemies":"Slavers","floor":24,"turns":2},{"damage":0,"enemies":"Snake Plant","floor":27,"turns":4},{"damage":0,"enemies":"Chosen and Byrds","floor":30,"turns":4},{"damage":17,"enemies":"Sentry and Sphere","floor":31,"turns":4},{"damage":67,"enemies":"Automaton","floor":33,"turns":12},{"damage":1,"enemies":"Orb Walker","floor":35,"turns":4},{"damage":14,"enemies":"3 Darklings","floor":36,"turns":3},{"damage":0,"enemies":"Sphere and 2 Shapes","floor":38,"turns":4},{"damage":8,"enemies":"Maw","floor":39,"turns":8},{"damage":0,"enemies":"Nemesis","floor":40,"turns":7},{"damage":17,"enemies":"Reptomancer","floor":42,"turns":7},{"damage":24,"enemies":"Nemesis","floor":45,"turns":9},{"damage":0,"enemies":"3 Darklings","floor":46,"turns":2},{"damage":41,"enemies":"Donu and Deca","floor":50,"turns":6}],"seed_played":"9107702568803171923","potions_obtained":[{"floor":1,"key":"Weak Potion"},{"floor":3,"key":"PowerPotion"},{"floor":11,"key":"Fire Potion"},{"floor":13,"key":"FearPotion"},{"floor":20,"key":"SteroidPotion"},{"floor":21,"key":"Poison Potion"},{"floor":31,"key":"Regen Potion"},{"floor":36,"key":"GhostInAJar"},{"floor":38,"key":"GhostInAJar"},{"floor":42,"key":"Strength Potion"},{"floor":46,"key":"Regen Potion"}],"is_trial":false,"path_per_floor":["M","?","M","?","$","R","?","R","T","R","E","T","M","?","R","B",null,"M","M","M","M","M","R","E","$","T","M","T","R","M","M","R","B",null,"M","M","$","M","M","E","?","E","T","R","E","M","?","$","R","B",null],"character_chosen":"THE_SILENT","items_purchased":["Bronze Scales","Noxious Fumes","Unceasing Top","Backstab+1","Dagger Throw+1","Caltrops"],"campfire_rested":3,"item_purchase_floors":[5,25,37,37,48,48],"current_hp_per_floor":[49,49,49,35,35,35,22,22,22,43,35,35,35,35,35,60,70,70,70,70,61,61,61,53,53,53,55,55,55,57,42,42,17,77,76,63,63,65,59,61,51,36,36,59,37,39,29,29,52,42],"gold":28,"neow_bonus":"REMOVE_TWO","is_prod":false,"is_daily":false,"chose_seed":false,"campfire_upgraded":6,"win_rate":0,"timestamp":1562327312,"path_taken":["M","?","M","?","?","R","?","R","T","R","E","?","?","?","R","BOSS","M","M","M","M","M","R","E","$","T","M","?","R","M","M","R","BOSS","M","M","$","M","M","E","?","E","T","R","E","M","?","?","R","BOSS"],"build_version":"2019-07-01","purchased_purges":3,"victory":true,"max_hp_per_floor":[70,70,70,70,70,70,70,70,70,70,70,70,70,70,70,70,70,70,70,70,70,70,70,77,77,77,77,77,77,77,77,77,77,77,77,77,77,77,77,77,77,77,77,77,77,77,77,77,77,77],"card_choices":[{"not_picked":["Outmaneuver","Caltrops"],"picked":"All Out Attack","floor":1},{"not_picked":["Predator","Sucker Punch"],"picked":"Quick Slash","floor":3},{"not_picked":["Flechettes","Poisoned Stab"],"picked":"PiercingWail","floor":11},{"not_picked":["Cloak And Dagger","Outmaneuver"],"picked":"Dash","floor":13},{"not_picked":["Doppelganger","Malaise"],"picked":"Corpse Explosion","floor":16},{"not_picked":[],"picked":"Blur","floor":18},{"not_picked":[],"picked":"PiercingWail+1","floor":19},{"not_picked":[],"picked":"Underhanded Strike+1","floor":20},{"not_picked":["Cloak And Dagger"],"picked":"SKIP","floor":21},{"not_picked":["Cloak And Dagger"],"picked":"SKIP","floor":22},{"not_picked":["Cloak And Dagger"],"picked":"SKIP","floor":24},{"not_picked":["Skewer"],"picked":"SKIP","floor":27},{"not_picked":["Flechettes+1"],"picked":"SKIP","floor":30},{"not_picked":[],"picked":"Poisoned Stab+1","floor":31},{"not_picked":[],"picked":"After Image","floor":33},{"not_picked":[],"picked":"Quick Slash+1","floor":35},{"not_picked":["Cloak And Dagger"],"picked":"SKIP","floor":36},{"not_picked":[],"picked":"Sucker Punch+1","floor":38},{"not_picked":["Acrobatics"],"picked":"SKIP","floor":39},{"not_picked":[],"picked":"Blade Dance+1","floor":40},{"not_picked":[],"picked":"Endless Agony+1","floor":42},{"not_picked":[],"picked":"Crippling Poison+1","floor":45},{"not_picked":[],"picked":"Catalyst","floor":46},{"not_picked":[],"picked":"Finesse","floor":47},{"not_picked":[],"picked":"Flash of Steel+1","floor":47}],"player_experience":28812,"relics_obtained":[{"floor":7,"key":"Odd Mushroom"},{"floor":9,"key":"Orichalcum"},{"floor":11,"key":"Tiny Chest"},{"floor":12,"key":"Pantograph"},{"floor":24,"key":"Strawberry"},{"floor":26,"key":"Blood Vial"},{"floor":28,"key":"Molten Egg 2"},{"floor":40,"key":"Kunai"},{"floor":42,"key":"MawBank"},{"floor":43,"key":"Lantern"},{"floor":45,"key":"PreservedInsect"}],"event_choices":[{"damage_healed":0,"gold_gain":175,"player_choice":"AGREE","damage_taken":0,"max_hp_gain":0,"max_hp_loss":0,"event_name":"Liars Game","floor":2,"gold_loss":0,"cards_obtained":["Doubt"]},{"damage_healed":0,"gold_gain":0,"player_choice":"Entered Light","damage_taken":14,"max_hp_gain":0,"max_hp_loss":0,"event_name":"Shining Light","floor":4,"gold_loss":0,"cards_upgraded":["Strike_G","Strike_G"]},{"damage_healed":0,"gold_gain":0,"player_choice":"Fought Mushrooms","damage_taken":0,"max_hp_gain":0,"max_hp_loss":0,"event_name":"Mushrooms","floor":7,"gold_loss":0},{"damage_healed":0,"gold_gain":0,"player_choice":"Ignored","damage_taken":0,"max_hp_gain":0,"max_hp_loss":0,"event_name":"NoteForYourself","floor":14,"gold_loss":0},{"damage_healed":0,"gold_gain":0,"player_choice":"Embrace Madness","damage_taken":10,"max_hp_gain":0,"max_hp_loss":0,"event_name":"Winding Halls","floor":41,"gold_loss":0,"cards_obtained":["Madness","Madness"]},{"damage_healed":0,"gold_gain":0,"player_choice":"Memory 3","damage_taken":10,"max_hp_gain":0,"max_hp_loss":0,"event_name":"SensoryStone","floor":47,"gold_loss":0}],"is_beta":false,"boss_relics":[{"not_picked":["Lizard Tail","Empty Cage"],"picked":"Busted Crown"},{"not_picked":["HoveringKite","Astrolabe"],"picked":"Fusion Hammer"}],"items_purged_floors":[5,25,48],"is_endless":false,"potions_floor_spawned":[1,3,11,13,20,21,22,31,36,38,42,46],"ascension_level":0}