{"gold_per_floor":[117,117,130,146,162,162,162,162,187,44,57,83,111,48,48,148,148,163,182,82,82,46,46],"floor_reached":23,"playtime":1049,"items_purged":["Pain","Strike_B"],"score":189,"play_id":"9d65270a-aac9-4cb2-a633-6b171c258a9c","local_time":"20190713201217","is_ascension_mode":false,"campfire_choices":[{"data":"Sunder","floor":6,"key":"SMITH"},{"data":"Zap","floor":8,"key":"SMITH"},{"floor":15,"key":"REST"}],"neow_cost":"TEN_PERCENT_HP_LOSS","seed_source_timestamp":194781107222109,"circlet_count":0,"master_deck":["Strike_B","Strike_B","Defend_B","Defend_B","Defend_B","Zap+1","Dualcast","Ball Lightning","Double Energy","Sunder+1","Hologram","Auto Shields","Genetic Algorithm","Chill","Loop","Machine Learning","FTL"],"relics":["Cracked Core","WarpedTongs","Bag of Marbles","Odd Mushroom","MawBank","Black Star"],"potions_floor_usage":[12,23,23],"damage_taken":[{"damage":8,"enemies":"Jaw Worm","floor":1,"turns":4},{"damage":3,"enemies":"Cultist","floor":3,"turns":3},{"damage":9,"enemies":"Small Slimes","floor":4,"turns":4},{"damage":9,"enemies":"Blue Slaver","floor":5,"turns":3},{"damage":0,"enemies":"Looter","floor":11,"turns":2},{"damage":6,"enemies":"The Mushroom Lair","floor":12,"turns":3},{"damage":6,"enemies":"3 Sentries","floor":13,"turns":7},{"damage":31,"enemies":"Slime Boss","floor":16,"turns":13},{"damage":22,"enemies":"3 Byrds","floor":18,"turns":4},{"damage":9,"enemies":"Shell Parasite","floor":19,"turns":6},{"damage":45,"enemies":"Gremlin Leader","floor":23,"turns":7}],"seed_played":"6888070059110825348","potions_obtained":[{"floor":3,"key":"Energy Potion"},{"floor":4,"key":"SpeedPotion"},{"floor":5,"key":"AttackPotion"},{"floor":11,"key":"EntropicBrew"},{"floor":18,"key":"Explosive Potion"},{"floor":21,"key":"PowerPotion"}],"is_trial":false,"path_per_floor":["M","?","M","M","M","R","?","R","T","$","M","?","E","$","R","B",null,"M","M","$","?","$","E"],"character_chosen":"DEFECT","items_purchased":["Auto Shields","Loop","FTL"],"campfire_rested":1,"item_purchase_floors":[10,14,22],"current_hp_per_floor":[60,60,57,48,39,39,44,44,44,44,44,38,32,32,53,22,73,51,42,42,42,42,0],"gold":46,"neow_bonus":"REMOVE_TWO","is_prod":false,"is_daily":false,"chose_seed":false,"campfire_upgraded":2,"win_rate":0,"timestamp":1563041537,"path_taken":["M","?","M","?","?","R","?","R","T","$","M","?","E","?","R","BOSS","M","M","$","?","?","E"],"build_version":"2019-07-05","purchased_purges":2,"victory":false,"max_hp_per_floor":[68,68,68,68,68,68,73,73,73,73,73,73,73,73,73,73,73,73,73,73,73,73,73],"card_choices":[{"not_picked":["Stack","Skim"],"picked":"Ball Lightning","floor":1},{"not_picked":["Undo","Scrape"],"picked":"Double Energy","floor":3},{"not_picked":["Beam Cell","Hologram"],"picked":"Sunder","floor":4},{"not_picked":["Streamline","Barrage"],"picked":"Hologram","floor":5},{"not_picked":["Leap","Beam Cell"],"picked":"Genetic Algorithm","floor":11},{"not_picked":["Auto Shields","Coolheaded"],"picked":"Chill","floor":12},{"not_picked":["Aggregate","Biased Cognition","Cold Snap"],"picked":"SKIP","floor":13},{"not_picked":["Buffer","Hyperbeam"],"picked":"Machine Learning","floor":16},{"not_picked":["Ball Lightning","Hologram","Leap"],"picked":"SKIP","floor":18},{"not_picked":["Scrape","Hologram","Turbo"],"picked":"SKIP","floor":19}],"player_experience":118980,"relics_obtained":[{"floor":9,"key":"Bag of Marbles"},{"floor":12,"key":"Odd Mushroom"},{"floor":13,"key":"MawBank"}],"event_choices":[{"damage_healed":0,"gold_gain":0,"player_choice":"Rummage","damage_taken":0,"relics_obtained":["WarpedTongs"],"max_hp_gain":0,"max_hp_loss":0,"event_name":"Accursed Blacksmith","floor":2,"gold_loss":0,"cards_obtained":["Pain"]},{"damage_healed":0,"gold_gain":0,"player_choice":"Donut","damage_taken":0,"max_hp_gain":5,"max_hp_loss":0,"event_name":"Big Fish","floor":7,"gold_loss":0},{"damage_healed":0,"gold_gain":0,"player_choice":"Fought Mushrooms","damage_taken":0,"max_hp_gain":0,"max_hp_loss":0,"event_name":"Mushrooms","floor":12,"gold_loss":0},{"damage_healed":0,"gold_gain":0,"player_choice":"Got Potions","damage_taken":0,"max_hp_gain":0,"max_hp_loss":0,"event_name":"Lab","floor":21,"gold_loss":0}],"is_beta":false,"boss_relics":[{"not_picked":["Eternal Feather","Calling Bell"],"picked":"Black Star"}],"items_purged_floors":[10,20],"is_endless":false,"potions_floor_spawned":[3,4,5,11,18],"killed_by":"Gremlin Leader","ascension_level":0}