{"gold_per_floor":[118,43,62,62,36,36,54,79,103,132,5,21,47,65,65,170,170,183,98,98,98,98,131,131,146,146,171,44,55,70,102,102,102],"floor_reached":33,"playtime":1274,"items_purged":["Doubt","Bash"],"score":495,"play_id":"f90bbd16-5ac4-49e1-9d4c-4e9e1fabcf54","local_time":"20181006172845","is_ascension_mode":true,"campfire_choices":[{"data":"Disarm","floor":6,"key":"SMITH"},{"floor":15,"key":"REST"},{"floor":24,"key":"REST"},{"floor":32,"key":"DIG"}],"neow_cost":"CURSE","seed_source_timestamp":115859460898500,"circlet_count":0,"master_deck":["Strike_R","Strike_R","Strike_R+1","Strike_R","Strike_R+1","Defend_R","Defend_R","Defend_R","Defend_R","AscendersBane","Disarm+1","Perfected Strike+1","Flex","Infernal Blade","Demon Form","Perfected Strike","Wild Strike","Perfected Strike","Infernal Blade","Limit Break","Writhe","Shame","Decay","Berserk","Flex"],"relics":["Burning Blood","Whetstone","Lantern","Odd Mushroom","Potion Belt","Calling Bell","Red Skull","Mummified Hand","Shovel","Omamori","MutagenicStrength","Orichalcum","Gambling Chip","Meat on the Bone","Paper Frog","Pantograph"],"potions_floor_usage":[7,10,16,16,18,27,29,29,29,31,31],"damage_taken":[{"damage":7,"enemies":"Small Slimes","floor":1,"turns":3},{"damage":2,"enemies":"Cultist","floor":3,"turns":5},{"damage":0,"enemies":"Jaw Worm","floor":7,"turns":2},{"damage":31,"enemies":"Gremlin Nob","floor":8,"turns":4},{"damage":37,"enemies":"The Mushroom Lair","floor":10,"turns":5},{"damage":6,"enemies":"Looter","floor":12,"turns":2},{"damage":16,"enemies":"Gremlin Nob","floor":13,"turns":3},{"damage":0,"enemies":"2 Fungi Beasts","floor":14,"turns":2},{"damage":43,"enemies":"Slime Boss","floor":16,"turns":9},{"damage":29,"enemies":"3 Byrds","floor":18,"turns":5},{"damage":68,"enemies":"Slavers","floor":23,"turns":7},{"damage":20,"enemies":"Shell Parasite","floor":25,"turns":4},{"damage":33,"enemies":"Book of Stabbing","floor":27,"turns":5},{"damage":27,"enemies":"Centurion and Healer","floor":29,"turns":4},{"damage":9,"enemies":"Chosen and Byrds","floor":30,"turns":5},{"damage":17,"enemies":"Gremlin Leader","floor":31,"turns":5},{"damage":92,"enemies":"Collector","floor":33,"turns":10}],"seed_played":"7021702049665267398","potions_obtained":[{"floor":3,"key":"Block Potion"},{"floor":7,"key":"EssenceOfSteel"},{"floor":12,"key":"LiquidBronze"},{"floor":14,"key":"Weak Potion"},{"floor":16,"key":"GamblersBrew"},{"floor":25,"key":"GamblersBrew"},{"floor":27,"key":"Regen Potion"},{"floor":29,"key":"Strength Potion"},{"floor":30,"key":"Regen Potion"}],"is_trial":false,"path_per_floor":["M","$","M","?","$","R","M","E","T","?","$","M","?","M","R","B",null,"M","?","$","?","?","E","R","M","T","E","$","M","M","E","R"],"character_chosen":"IRONCLAD","items_purchased":["Flex","Wild Strike","Regen Potion","SkillPotion"],"campfire_rested":2,"item_purchase_floors":[5,11,28,28],"current_hp_per_floor":[87,87,91,91,91,91,96,71,71,40,40,40,30,36,64,27,79,56,56,56,56,88,26,54,40,40,13,13,31,40,55,55,0],"gold":102,"neow_bonus":"TWENTY_PERCENT_HP_BONUS","is_prod":false,"is_daily":false,"chose_seed":false,"campfire_upgraded":1,"win_rate":0,"timestamp":1538836125,"path_taken":["M","$","M","?","$","R","M","E","T","?","?","M","?","?","R","BOSS","M","?","$","?","?","E","R","?","T","E","?","M","M","E","R","BOSS"],"build_version":"2018-10-04v2","purchased_purges":2,"victory":false,"max_hp_per_floor":[96,96,96,96,96,96,96,96,96,96,96,96,96,96,96,96,96,96,96,96,96,96,96,96,96,96,96,96,96,96,96,96,96],"card_choices":[{"not_picked":["Thunderclap","Anger"],"picked":"Disarm","floor":1},{"not_picked":["Clash","Entrench"],"picked":"Perfected Strike","floor":3},{"not_picked":["Havoc","Iron Wave"],"picked":"Infernal Blade","floor":7},{"not_picked":["Headbutt","Body Slam"],"picked":"Demon Form","floor":8},{"not_picked":["Body Slam","Ghostly Armor"],"picked":"Perfected Strike","floor":10},{"not_picked":["Headbutt","Body Slam","Carnage"],"picked":"SKIP","floor":12},{"not_picked":["Sword Boomerang","Twin Strike"],"picked":"Perfected Strike","floor":13},{"not_picked":["Clothesline","Headbutt"],"picked":"Infernal Blade","floor":14},{"not_picked":["Brutality","Double Tap"],"picked":"Limit Break","floor":16},{"not_picked":["Reckless Charge","True Grit","Warcry"],"picked":"SKIP","floor":18},{"not_picked":["Warcry","Body Slam"],"picked":"Berserk","floor":23},{"not_picked":["Havoc","Twin Strike","True Grit+1"],"picked":"SKIP","floor":25},{"not_picked":["Clash","Headbutt+1","Blood for Blood+1"],"picked":"SKIP","floor":27},{"not_picked":["Rupture","Havoc","Sever Soul"],"picked":"SKIP","floor":29},{"not_picked":["Hemokinesis+1","Clash"],"picked":"Flex","floor":30},{"not_picked":["Headbutt","Juggernaut","Uppercut"],"picked":"SKIP","floor":31}],"player_experience":423414,"relics_obtained":[{"floor":8,"key":"Whetstone"},{"floor":9,"key":"Lantern"},{"floor":10,"key":"Odd Mushroom"},{"floor":13,"key":"Potion Belt"},{"floor":17,"key":"Red Skull"},{"floor":17,"key":"Mummified Hand"},{"floor":17,"key":"Shovel"},{"floor":23,"key":"Orichalcum"},{"floor":26,"key":"Gambling Chip"},{"floor":27,"key":"Meat on the Bone"},{"floor":31,"key":"Paper Frog"},{"floor":32,"key":"Pantograph"}],"event_choices":[{"event_name":"Accursed Blacksmith","player_choice":"Forge","floor":4,"damage_taken":0},{"event_name":"Mushrooms","player_choice":"Fought Mushrooms","floor":10,"damage_taken":0},{"event_name":"Dead Adventurer","player_choice":"Searched \u00273\u0027 times","floor":13,"damage_taken":0},{"event_name":"Addict","player_choice":"Obtained Relic","floor":19,"damage_taken":0},{"event_name":"Drug Dealer","player_choice":"Inject Mutagens","floor":21,"damage_taken":0},{"event_name":"The Library","player_choice":"Heal","floor":22,"damage_taken":0}],"is_beta":false,"boss_relics":[{"not_picked":["Fusion Hammer","Lizard Tail"],"picked":"Calling Bell"}],"items_purged_floors":[2,11],"is_endless":false,"potions_floor_spawned":[3,7,12,14,16,25,27,29,30],"killed_by":"Collector","ascension_level":11}