{"gold_per_floor":[115,190,204,204,216,248,248,523,523,41,216,216,245,15,15,15],"floor_reached":16,"playtime":576,"items_purged":["Regret","Doubt"],"score":154,"play_id":"8b4ad680-3d2c-4691-b107-4b0493035dfd","local_time":"20180925223547","is_ascension_mode":true,"campfire_choices":[{"floor":7,"key":"REST"},{"data":"Shockwave","floor":12,"key":"SMITH"},{"floor":15,"key":"REST"}],"neow_cost":"TEN_PERCENT_HP_LOSS","seed_source_timestamp":393255470202605,"circlet_count":0,"master_deck":["Strike_R","Strike_R","Strike_R","Defend_R","Defend_R","Defend_R","Bash","Disarm","Shockwave+1","Inflame","Feed","Seeing Red","Flex"],"relics":["Burning Blood","Dead Branch","Champion Belt","Juzu Bracelet","Ornamental Fan","Vajra"],"potions_floor_usage":[13,16],"damage_taken":[{"damage":8,"enemies":"2 Louse","floor":1,"turns":3},{"damage":5,"enemies":"Small Slimes","floor":3,"turns":3},{"damage":4,"enemies":"Cultist","floor":5,"turns":3},{"damage":49,"enemies":"Lagavulin","floor":6,"turns":7},{"damage":33,"enemies":"3 Sentries","floor":13,"turns":8},{"damage":35,"enemies":"The Guardian","floor":16,"turns":10}],"seed_played":"5337141072929699011","potions_obtained":[{"floor":6,"key":"SpeedPotion"},{"floor":13,"key":"SneckoOil"}],"is_trial":false,"path_per_floor":["M","?","M","?","M","E","R","?","T","$","?","R","E","$","R"],"character_chosen":"IRONCLAD","items_purchased":["Juzu Bracelet","Ornamental Fan","Seeing Red","Flex"],"campfire_rested":2,"item_purchase_floors":[10,10,14,14],"current_hp_per_floor":[70,59,60,60,62,19,40,40,40,40,40,40,13,13,34,0],"gold":15,"neow_bonus":"REMOVE_TWO","is_prod":false,"is_daily":false,"chose_seed":false,"campfire_upgraded":1,"win_rate":0,"timestamp":1537904147,"path_taken":["M","?","?","?","M","E","R","?","T","$","?","R","E","$","R","BOSS"],"build_version":"2018-09-20","purchased_purges":2,"victory":false,"max_hp_per_floor":[72,72,72,72,72,72,72,72,72,72,72,72,72,72,72,72],"card_choices":[{"not_picked":["Clothesline","Headbutt","Sword Boomerang"],"picked":"SKIP","floor":1},{"not_picked":["Pommel Strike","Flex"],"picked":"Disarm","floor":3},{"not_picked":["Metallicize","Sever Soul"],"picked":"Shockwave","floor":5},{"not_picked":["Heavy Blade","Infernal Blade"],"picked":"Inflame","floor":6},{"not_picked":["Sever Soul","Burning Pact"],"picked":"Feed","floor":13}],"player_experience":382554,"relics_obtained":[{"floor":6,"key":"Dead Branch"},{"floor":9,"key":"Champion Belt"},{"floor":13,"key":"Vajra"}],"event_choices":[{"event_name":"World of Goop","player_choice":"Gather Gold","floor":2,"damage_taken":0},{"event_name":"Purifier","player_choice":"One Purge","floor":4,"damage_taken":0},{"event_name":"Golden Shrine","player_choice":"Desecrate","floor":8,"damage_taken":0},{"event_name":"Liars Game","player_choice":"agreed","floor":11,"damage_taken":0}],"is_beta":false,"boss_relics":[],"items_purged_floors":[10,14],"is_endless":false,"potions_floor_spawned":[6,13],"killed_by":"The Guardian","ascension_level":9}