{"gold_per_floor":[114,114,114,129,179,209,209,59,109,109,139,154,184,249,249,349,349,364,414,464,479,444,444,459,474,499,564,594,644,53,68,68,168,168,183,333,348,1397,957,957,1022,1052,1052,1067,1067,1082,1097,533,533,533],"floor_reached":51,"playtime":2816,"items_purged":[],"score":1167,"play_id":"92e358f9-aded-49eb-a119-12e56fe27994","local_time":"20180716222355","daily_mods":["Brewmaster","Cursed Run","Hoarder"],"is_ascension_mode":false,"campfire_choices":[{"floor":7,"key":"REST"},{"floor":15,"key":"REST"},{"floor":23,"key":"DIG"},{"floor":32,"key":"REST"},{"floor":40,"key":"DIG"},{"floor":45,"key":"REST"},{"floor":49,"key":"DIG"}],"neow_cost":"","seed_source_timestamp":0,"circlet_count":0,"master_deck":["Defend_G","Defend_G","Defend_G","Defend_G","Defend_G","Strike_G","Strike_G","Strike_G","Strike_G","Strike_G","Survivor","Neutralize","Venomology","Venomology","Venomology","Venomology","Venomology","Venomology","Venomology","Venomology","Venomology","Venomology","Venomology","Venomology","Venomology","Venomology","Venomology","Slice","Slice","Slice","Pain","Pain","Pain","Normality","Wraith Form v2","Wraith Form v2","Wraith Form v2","Noxious Fumes","Noxious Fumes","Noxious Fumes","Blind","Blind","Blind","After Image","After Image","After Image","Endless Agony+1","Endless Agony+1","Endless Agony+1","Pain","Pain","Pain","Bandage Up","Bandage Up","Bandage Up","Normality","Normality","Normality","Die Die Die","Die Die Die","Die Die Die","Normality","Normality","Normality","Normality","Normality","Normality","Noxious Fumes","Noxious Fumes","Noxious Fumes","Writhe","Writhe","Writhe","Purity","Purity","Purity","Writhe","Writhe","Writhe"],"special_seed":17728,"relics":["Cursed Key","Darkstone Periapt","Du-Vu Doll","White Beast Statue","Dodecahedron","SsserpentHead","Potion Belt","Membership Card","Boot","Orichalcum","Shovel","Empty Cage","Gremlin Horn","Bag of Preparation","Art of War","Centennial Puzzle","Bag of Marbles","Incense Burner","OrangePellets","Busted Crown","Ice Cream","Shuriken","Matryoshka","Oddly Smooth Stone","Snake Skull","Ornamental Fan","Pear","Regal Pillow","Medical Kit","Blood Vial"],"potions_floor_usage":[1,1,1,1,1,1,4,4,4,6,6,6,6,6,6,6,6,6,6,6,11,11,11,11,12,12,12,12,12,12,12,12,12,12,13,13,13,13,13,13,13,13,13,13,13,13,14,14,14,14,14,16,16,16,16,16,16,16,16,16,16,16,16,16,16,16,16,16,18,18,18,18,18,18,18,18,18,18,21,21,21,21,21,21,21,21,24,24,24,24,24,24,24,24,24,25,25,25,25,25,27,27,27,27,27,27,27,27,28,28,28,28,28,28,28,28,31,31,31,31,31,31,31,31,31,31,31,33,33,33,33,33,33,33,33,33,33,33,33,33,35,35,35,35,35,37,37,37,37,37,37,37,41,41,41,41,41,42,42,46,46,46,46,46,46,47,47,50,50,50,50,50,50,50,50,50,50,50,50,50,50,50,50],"damage_taken":[{"damage":3,"enemies":"Jaw Worm","floor":1,"turns":4},{"damage":0,"enemies":"2 Louse","floor":4,"turns":2},{"damage":14,"enemies":"Lagavulin","floor":6,"turns":4},{"damage":14,"enemies":"Gremlin Nob","floor":11,"turns":3},{"damage":0,"enemies":"Cultist","floor":12,"turns":3},{"damage":13,"enemies":"Lagavulin","floor":13,"turns":5},{"damage":8,"enemies":"Blue Slaver","floor":14,"turns":2},{"damage":28,"enemies":"Hexaghost","floor":16,"turns":9},{"damage":18,"enemies":"Shell Parasite","floor":18,"turns":6},{"damage":1,"enemies":"3 Byrds","floor":21,"turns":4},{"damage":12,"enemies":"Centurion and Healer","floor":24,"turns":6},{"damage":5,"enemies":"Snake Plant","floor":25,"turns":3},{"damage":25,"enemies":"Sentry and Sphere","floor":27,"turns":6},{"damage":13,"enemies":"Slavers","floor":28,"turns":6},{"damage":39,"enemies":"3 Cultists","floor":31,"turns":6},{"damage":30,"enemies":"Collector","floor":33,"turns":8},{"damage":0,"enemies":"Orb Walker","floor":35,"turns":2},{"damage":13,"enemies":"Flame Bruiser 1 Orb","floor":37,"turns":6},{"damage":29,"enemies":"Maw","floor":41,"turns":10},{"damage":7,"enemies":"2 Orb Walkers","floor":42,"turns":6},{"damage":1,"enemies":"Transient","floor":44,"turns":5},{"damage":9,"enemies":"3 Darklings","floor":46,"turns":6},{"damage":3,"enemies":"Flame Bruiser 2 Orb","floor":47,"turns":3},{"damage":76,"enemies":"Awakened One","floor":50,"turns":16}],"seed_played":"-2205032152784244808","potions_obtained":[{"floor":1,"key":"Swift Potion"},{"floor":4,"key":"AttackPotion"},{"floor":6,"key":"Poison Potion"},{"floor":11,"key":"Weak Potion"},{"floor":12,"key":"LiquidBronze"},{"floor":13,"key":"SpeedPotion"},{"floor":14,"key":"Block Potion"},{"floor":16,"key":"PowerPotion"},{"floor":20,"key":"Regen Potion"},{"floor":20,"key":"SkillPotion"},{"floor":21,"key":"SkillPotion"},{"floor":25,"key":"GamblersBrew"},{"floor":27,"key":"Regen Potion"},{"floor":28,"key":"Block Potion"},{"floor":31,"key":"SteroidPotion"},{"floor":33,"key":"AttackPotion"},{"floor":35,"key":"Block Potion"},{"floor":46,"key":"Regen Potion"}],"is_trial":false,"path_per_floor":["M","?","?","M","?","E","R","$","T","$","E","M","E","M","R","B",null,"M","?","?","M","?","R","M","M","T","M","E","?","$","M","R","B",null,"M","?","M","?","$","R","M","E","T","M","R","M","M","$","R","B"],"character_chosen":"THE_SILENT","items_purchased":["Membership Card","Bag of Marbles","Incense Burner","OrangePellets","Bandage Up","Ice Cream","Shuriken","Pear","Regal Pillow","Medical Kit","Purity"],"campfire_rested":4,"item_purchase_floors":[8,30,30,30,30,39,39,48,48,48,48],"current_hp_per_floor":[67,64,64,64,69,55,75,75,81,81,67,76,63,55,79,57,87,69,69,69,82,82,82,70,74,80,55,57,57,57,22,49,46,99,99,99,98,110,110,110,93,94,100,99,117,108,114,124,124,68],"gold":533,"neow_bonus":"","is_prod":false,"is_daily":true,"chose_seed":false,"campfire_upgraded":0,"win_rate":0,"timestamp":1531769035,"path_taken":["M","?","?","M","?","E","R","?","T","$","E","M","E","?","R","BOSS","M","?","?","M","?","R","M","M","T","?","E","?","$","M","R","BOSS","M","?","M","?","$","R","?","E","T","M","R","M","M","$","R","BOSS"],"build_version":"2018-07-12","purchased_purges":0,"victory":true,"max_hp_per_floor":[70,70,70,70,75,75,75,75,81,81,81,81,81,81,81,87,87,87,87,87,87,87,87,87,87,93,93,93,93,93,93,93,99,99,99,99,99,111,111,111,111,111,117,117,117,117,117,127,127,133],"card_choices":[{"not_picked":["Flying Knee","Expertise"],"picked":"Slice","floor":1},{"not_picked":["Quick Slash","Footwork","Blur"],"picked":"SKIP","floor":4},{"not_picked":["Footwork","Skewer","Finisher"],"picked":"SKIP","floor":6},{"not_picked":["Poisoned Stab","Masterful Stab","Bane"],"picked":"SKIP","floor":11},{"not_picked":["Tactician","Slice","Acrobatics"],"picked":"SKIP","floor":12},{"not_picked":["Well Laid Plans","Predator","Footwork"],"picked":"SKIP","floor":13},{"not_picked":["Flying Knee","Leg Sweep","Outmaneuver"],"picked":"SKIP","floor":14},{"not_picked":["Bullet Time","Tactician"],"picked":"Wraith Form v2","floor":16},{"not_picked":["Quick Slash","Backstab"],"picked":"Noxious Fumes","floor":18},{"not_picked":["Dodge and Roll","Masterful Stab+1"],"picked":"Endless Agony+1","floor":21},{"not_picked":["Acrobatics","Underhanded Strike","Endless Agony"],"picked":"SKIP","floor":24},{"not_picked":["Poisoned Stab","Tactician","Prepared+1"],"picked":"SKIP","floor":25},{"not_picked":["Reflex","Distraction","Quick Slash"],"picked":"SKIP","floor":27},{"not_picked":["Blade Dance","Dodge and Roll+1","Distraction"],"picked":"SKIP","floor":28},{"not_picked":["PiercingWail","Endless Agony","Deadly Poison+1"],"picked":"SKIP","floor":31},{"not_picked":["Tools of the Trade","Phantasmal Killer"],"picked":"Die Die Die","floor":33},{"not_picked":["Underhanded Strike+1"],"picked":"SKIP","floor":35},{"not_picked":["Acrobatics+1"],"picked":"SKIP","floor":37},{"not_picked":[],"picked":"Noxious Fumes","floor":41},{"not_picked":["Leg Sweep"],"picked":"SKIP","floor":42},{"not_picked":["Eviscerate"],"picked":"SKIP","floor":44},{"not_picked":["Cloak And Dagger"],"picked":"SKIP","floor":46},{"not_picked":["Dagger Throw+1"],"picked":"SKIP","floor":47}],"player_experience":308337,"relics_obtained":[{"floor":6,"key":"Potion Belt"},{"floor":9,"key":"Boot"},{"floor":11,"key":"Orichalcum"},{"floor":13,"key":"Shovel"},{"floor":23,"key":"Bag of Preparation"},{"floor":26,"key":"Art of War"},{"floor":28,"key":"Centennial Puzzle"},{"floor":40,"key":"Matryoshka"},{"floor":42,"key":"Oddly Smooth Stone"},{"floor":43,"key":"Snake Skull"},{"floor":43,"key":"Ornamental Fan"},{"floor":49,"key":"Blood Vial"}],"event_choices":[{"event_name":"Scrap Ooze","player_choice":"success","floor":2,"damage_taken":3},{"event_name":"FaceTrader","player_choice":"Trade","floor":3,"damage_taken":0},{"event_name":"Big Fish","player_choice":"Donut","floor":5,"damage_taken":0},{"event_name":"Match and Keep!","player_choice":"2 cards matched","floor":19,"damage_taken":0},{"event_name":"The Lab","player_choice":"Got Potions","floor":20,"damage_taken":0},{"event_name":"Addict","player_choice":"Obtained Relic","floor":22,"damage_taken":0},{"event_name":"Drug Dealer","player_choice":"Ignored","floor":29,"damage_taken":0},{"event_name":"Golden Shrine","player_choice":"Pray","floor":36,"damage_taken":0},{"event_name":"MindBloom","player_choice":"Gold","floor":38,"damage_taken":0}],"boss_relics":[{"not_picked":["Velvet Choker","Tiny House"],"picked":"Empty Cage"},{"not_picked":["Runic Pyramid","Orrery"],"picked":"Busted Crown"}],"items_purged_floors":[],"is_endless":false,"potions_floor_spawned":[1,4,6,11,12,13,14,16,18,21,24,25,27,28,31,33,35,37,41,42,44,46,47],"ascension_level":0}