{"gold_per_floor":[118,129,129,140,207,233,233,251,251,265,44,58,70,70,70,147,147,157,157,157,10,10,10],"floor_reached":23,"playtime":872,"items_purged":[],"score":334,"play_id":"08df364f-0cdd-40c4-bc50-9e9323e3448f","local_time":"20190708155514","is_ascension_mode":true,"campfire_choices":[{"floor":7,"key":"REST"},{"floor":15,"key":"REST"}],"neow_cost":"TEN_PERCENT_HP_LOSS","seed_source_timestamp":29299725174900,"circlet_count":0,"master_deck":["AscendersBane","Bash","Disarm","Uppercut+1","Rage","Metallicize","Berserk","Warcry+1","Entrench+1","Dropkick","Cleave","Barricade","Sword Boomerang","Disarm+1","Rage+1","Exhume+1","Blood for Blood","Hemokinesis","Iron Wave","Rampage","Rampage","Shrug It Off+1","Pain"],"relics":["Burning Blood","Gambling Chip","Toxic Egg 2","Vajra","Pandora\u0027s Box","MutagenicStrength","Bronze Scales","WarpedTongs"],"potions_floor_usage":[2,10,13,16,23],"damage_taken":[{"damage":0,"enemies":"Small Slimes","floor":1,"turns":3},{"damage":13,"enemies":"2 Louse","floor":2,"turns":3},{"damage":9,"enemies":"Jaw Worm","floor":4,"turns":3},{"damage":20,"enemies":"Gremlin Nob","floor":6,"turns":4},{"damage":20,"enemies":"Lots of Slimes","floor":8,"turns":6},{"damage":6,"enemies":"Large Slime","floor":10,"turns":6},{"damage":5,"enemies":"Looter","floor":12,"turns":3},{"damage":5,"enemies":"Blue Slaver","floor":13,"turns":3},{"damage":6,"enemies":"Hexaghost","floor":16,"turns":11},{"damage":23,"enemies":"3 Byrds","floor":18,"turns":7},{"damage":52,"enemies":"Slavers","floor":23,"turns":4}],"seed_played":"-8418094930614972383","potions_obtained":[{"floor":1,"key":"SkillPotion"},{"floor":8,"key":"Dexterity Potion"},{"floor":10,"key":"Weak Potion"},{"floor":13,"key":"Swift Potion"},{"floor":18,"key":"PowerPotion"}],"is_trial":false,"path_per_floor":["M","M","?","M","?","E","R","M","T","M","$","M","M","$","R","B",null,"M","?","?","$","?","E"],"character_chosen":"IRONCLAD","items_purchased":["Vajra","Entrench+1","Bronze Scales"],"campfire_rested":2,"item_purchase_floors":[11,11,21],"current_hp_per_floor":[68,61,41,38,38,24,44,30,30,30,30,31,32,32,52,52,64,47,47,47,47,47,0],"gold":10,"neow_bonus":"ONE_RARE_RELIC","is_prod":false,"is_daily":false,"chose_seed":false,"campfire_upgraded":0,"win_rate":0,"timestamp":1562590514,"path_taken":["M","M","?","M","?","E","R","M","T","M","$","M","?","?","R","BOSS","M","?","?","$","?","E"],"build_version":"2019-07-05","purchased_purges":0,"victory":false,"max_hp_per_floor":[68,68,68,68,68,68,68,68,68,68,68,68,68,68,68,68,68,68,68,68,68,68,68],"card_choices":[{"not_picked":["Twin Strike","Pommel Strike"],"picked":"Disarm","floor":1},{"not_picked":["Battle Trance","Seeing Red"],"picked":"Uppercut","floor":2},{"not_picked":["Sword Boomerang","Perfected Strike"],"picked":"Rage","floor":4},{"not_picked":["Heavy Blade","Dropkick"],"picked":"Metallicize","floor":6},{"not_picked":["Shrug It Off+1","Havoc+1"],"picked":"Berserk","floor":8},{"not_picked":["Thunderclap","Clash"],"picked":"Warcry+1","floor":10},{"not_picked":["Burning Pact+1","Perfected Strike"],"picked":"Dropkick","floor":12},{"not_picked":["Hemokinesis","Reckless Charge"],"picked":"Cleave","floor":13},{"not_picked":["Brutality","Dark Embrace"],"picked":"Barricade","floor":16},{"not_picked":["True Grit+1","Corruption"],"picked":"Shrug It Off+1","floor":18}],"player_experience":653312,"relics_obtained":[{"floor":6,"key":"Toxic Egg 2"}],"event_choices":[{"damage_healed":0,"gold_gain":0,"player_choice":"Entered Light","damage_taken":20,"max_hp_gain":0,"max_hp_loss":0,"event_name":"Shining Light","floor":3,"gold_loss":0,"cards_upgraded":["Uppercut","Strike_R"]},{"damage_healed":0,"gold_gain":67,"player_choice":"Gained Gold","damage_taken":0,"max_hp_gain":0,"max_hp_loss":0,"event_name":"Golden Wing","floor":5,"gold_loss":0},{"damage_healed":0,"gold_gain":0,"player_choice":"Ignored","damage_taken":0,"max_hp_gain":0,"max_hp_loss":0,"event_name":"Vampires","floor":19,"gold_loss":0},{"damage_healed":0,"gold_gain":0,"player_choice":"Inject Mutagens","damage_taken":0,"relics_obtained":["MutagenicStrength"],"max_hp_gain":0,"max_hp_loss":0,"event_name":"Drug Dealer","floor":20,"gold_loss":0},{"damage_healed":0,"gold_gain":0,"player_choice":"Rummage","damage_taken":0,"relics_obtained":["WarpedTongs"],"max_hp_gain":0,"max_hp_loss":0,"event_name":"Accursed Blacksmith","floor":22,"gold_loss":0,"cards_obtained":["Pain"]}],"is_beta":false,"boss_relics":[{"not_picked":["Sozu","Astrolabe"],"picked":"Pandora\u0027s Box"}],"items_purged_floors":[],"is_endless":false,"potions_floor_spawned":[1,8,10,13,18],"killed_by":"Slavers","ascension_level":15}