{"gold_per_floor":[115,290,365,385,385,385,399,410,410,15,15,15,48,48,48,150,150,165,165],"floor_reached":19,"playtime":950,"items_purged":["Doubt"],"score":289,"play_id":"7e070a68-5d95-4859-9ad0-85d5b451cbd4","local_time":"20181217092743","is_ascension_mode":true,"campfire_choices":[{"floor":6,"key":"REST"},{"data":"The Bomb","floor":12,"key":"SMITH"},{"data":"Seeing Red","floor":15,"key":"SMITH"}],"neow_cost":"TEN_PERCENT_HP_LOSS","seed_source_timestamp":5339072686300,"circlet_count":0,"master_deck":["AscendersBane","Strike_R","Strike_R","Strike_R","Strike_R","Strike_R","Defend_R","Defend_R","Defend_R","Spot Weakness","Seeing Red+1","Pummel","The Bomb+1","Reaper","Demon Form","Doubt","Pain","Parasite","Flame Barrier"],"relics":["Burning Blood","Pocketwatch","Darkstone Periapt","PreservedInsect","Pear","Calling Bell","Strawberry","Sundial","Torii"],"potions_floor_usage":[16,16],"damage_taken":[{"damage":7,"enemies":"2 Louse","floor":1,"turns":3},{"damage":9,"enemies":"Jaw Worm","floor":4,"turns":4},{"damage":1,"enemies":"Cultist","floor":7,"turns":3},{"damage":12,"enemies":"Looter","floor":8,"turns":3},{"damage":15,"enemies":"Lagavulin","floor":13,"turns":5},{"damage":57,"enemies":"Hexaghost","floor":16,"turns":7},{"damage":69,"enemies":"Shell Parasite","floor":18,"turns":6},{"damage":32,"enemies":"Spheric Guardian","floor":19,"turns":3}],"seed_played":"-1208833496002856986","potions_obtained":[{"floor":4,"key":"Dexterity Potion"},{"floor":7,"key":"BloodPotion"},{"floor":8,"key":"Explosive Potion"}],"is_trial":false,"path_per_floor":["M","?","?","M","?","R","M","M","T","$","$","R","E","$","R","B",null,"M","M"],"character_chosen":"IRONCLAD","items_purchased":["PreservedInsect","The Bomb"],"campfire_rested":1,"item_purchase_floors":[10,10],"current_hp_per_floor":[71,71,60,57,39,60,65,59,59,59,59,59,60,60,60,33,95,32,0],"gold":165,"neow_bonus":"REMOVE_TWO","is_prod":false,"is_daily":false,"chose_seed":false,"campfire_upgraded":2,"win_rate":0,"timestamp":1545031663,"path_taken":["M","?","?","M","?","R","M","M","T","?","$","R","E","$","R","BOSS","M","M"],"build_version":"2018-12-13","purchased_purges":1,"victory":false,"max_hp_per_floor":[72,72,72,72,72,72,72,72,72,72,72,72,82,82,82,82,107,107,107],"card_choices":[{"not_picked":["Body Slam","Dual Wield"],"picked":"Spot Weakness","floor":1},{"not_picked":["Perfected Strike","Feel No Pain"],"picked":"Seeing Red","floor":4},{"not_picked":["Cleave","Entrench"],"picked":"Pummel","floor":7},{"not_picked":["Dropkick","Havoc","Dual Wield"],"picked":"SKIP","floor":8},{"not_picked":["Headbutt","Iron Wave"],"picked":"Reaper","floor":13},{"not_picked":["Reaper","Feed"],"picked":"Demon Form","floor":16},{"not_picked":["Thunderclap","Clash"],"picked":"Flame Barrier","floor":18}],"player_experience":468502,"relics_obtained":[{"floor":9,"key":"Darkstone Periapt"},{"floor":13,"key":"Pear"},{"floor":17,"key":"Strawberry"},{"floor":17,"key":"Sundial"},{"floor":17,"key":"Torii"}],"event_choices":[{"damage_healed":0,"gold_gain":175,"player_choice":"AGREE","damage_taken":0,"max_hp_gain":0,"max_hp_loss":0,"event_name":"Liars Game","floor":2,"gold_loss":0,"cards_obtained":["Doubt"]},{"damage_healed":0,"gold_gain":75,"player_choice":"Gather Gold","damage_taken":11,"max_hp_gain":0,"max_hp_loss":0,"event_name":"World of Goop","floor":3,"gold_loss":0},{"damage_healed":0,"gold_gain":0,"player_choice":"Success","damage_taken":18,"relics_obtained":["Pocketwatch"],"max_hp_gain":0,"max_hp_loss":0,"event_name":"Scrap Ooze","floor":5,"gold_loss":0}],"is_beta":false,"boss_relics":[{"not_picked":["Runic Pyramid","Empty Cage"],"picked":"Calling Bell"}],"items_purged_floors":[10],"is_endless":false,"potions_floor_spawned":[4,7,8],"killed_by":"Spheric Guardian","ascension_level":12}