{"gold_per_floor":[112,112,37,57,57,57,88,88,167,167,180,219,219,242,242,366,366,384,384,428,428,76,76,76,76,99,139,164,164,164,164,164,288,288,306,12,27,52,52,52],"floor_reached":40,"playtime":2683,"items_purged":["Strike_G","Strike_G","Defend_G"],"score":532,"play_id":"e98ca8fc-b800-4529-803a-a6c6f9660412","local_time":"20190713092843","is_ascension_mode":true,"campfire_choices":[{"data":"Neutralize","floor":6,"key":"SMITH"},{"data":"Dagger Spray","floor":8,"key":"SMITH"},{"data":"Predator","floor":10,"key":"SMITH"},{"data":"A Thousand Cuts","floor":15,"key":"SMITH"},{"data":"Concentrate","floor":23,"key":"SMITH"},{"data":"Caltrops","floor":25,"key":"SMITH"},{"data":"Leg Sweep","floor":30,"key":"SMITH"},{"data":"Dagger Throw","floor":32,"key":"SMITH"}],"neow_cost":"NONE","seed_source_timestamp":1353230429466615,"circlet_count":0,"master_deck":["Defend_G","Defend_G","Defend_G","Defend_G","Survivor","Neutralize+1","Dagger Throw+1","Dagger Spray+1","Predator+1","Slice","A Thousand Cuts+1","Calculated Gamble","Adrenaline","Concentrate+1","Caltrops+1","Leg Sweep+1","PiercingWail+1","Bite+1","Bite+1","Bite+1","Bite+1","Bite+1","Flash of Steel+1","Escape Plan","Neutralize+1","Infinite Blades+1","Adrenaline"],"relics":["Ring of the Snake","NeowsBlessing","Golden Idol","Orichalcum","Sundial","The Courier","FaceOfCleric","Lizard Tail","Enchiridion","Red Mask","Molten Egg 2","Ninja Scroll","Boot","Juzu Bracelet","HoveringKite","Mummified Hand"],"potions_floor_usage":[16,27,33,33,33,38,40],"damage_taken":[{"damage":0,"enemies":"2 Louse","floor":1,"turns":1},{"damage":0,"enemies":"Small Slimes","floor":4,"turns":1},{"damage":0,"enemies":"Lagavulin","floor":7,"turns":1},{"damage":0,"enemies":"Cultist","floor":11,"turns":2},{"damage":4,"enemies":"Gremlin Nob","floor":12,"turns":4},{"damage":4,"enemies":"Blue Slaver","floor":14,"turns":2},{"damage":0,"enemies":"Slime Boss","floor":16,"turns":5},{"damage":5,"enemies":"Chosen","floor":18,"turns":4},{"damage":2,"enemies":"Masked Bandits","floor":20,"turns":2},{"damage":8,"enemies":"Book of Stabbing","floor":27,"turns":4},{"damage":0,"enemies":"3 Byrds","floor":28,"turns":3},{"damage":40,"enemies":"Collector","floor":33,"turns":11},{"damage":14,"enemies":"3 Darklings","floor":35,"turns":3},{"damage":6,"enemies":"Orb Walker","floor":37,"turns":3},{"damage":36,"enemies":"Sphere and 2 Shapes","floor":38,"turns":5},{"damage":96,"enemies":"Giant Head","floor":40,"turns":10}],"seed_played":"-633848649263944710","potions_obtained":[{"floor":4,"key":"GhostInAJar"},{"floor":7,"key":"SkillPotion"},{"floor":14,"key":"SpeedPotion"},{"floor":16,"key":"Ancient Potion"},{"floor":28,"key":"SpeedPotion"},{"floor":33,"key":"Block Potion"},{"floor":38,"key":"SpeedPotion"}],"is_trial":false,"path_per_floor":["M","?","$","M","?","R","E","R","T","R","M","E","?","M","R","B",null,"M","?","?","?","$","R","T","R","T","E","M","?","R","?","R","B",null,"M","$","M","M","?","E"],"character_chosen":"THE_SILENT","items_purchased":["Molten Egg 2","Caltrops","Mummified Hand"],"campfire_rested":0,"item_purchase_floors":[22,22,36],"current_hp_per_floor":[70,65,65,65,65,65,65,65,65,65,65,61,61,58,58,59,67,63,47,46,69,69,69,69,69,69,62,63,49,49,49,49,40,50,40,40,44,21,21,0],"gold":52,"neow_bonus":"THREE_ENEMY_KILL","is_prod":false,"is_daily":false,"chose_seed":false,"campfire_upgraded":8,"win_rate":0,"timestamp":1563028123,"path_taken":["M","?","$","M","?","R","E","R","T","R","M","E","?","?","R","BOSS","M","?","?","?","$","R","?","R","T","E","M","?","R","?","R","BOSS","M","$","M","M","?","E"],"build_version":"2019-07-05","purchased_purges":3,"victory":false,"max_hp_per_floor":[70,65,65,65,65,65,65,65,65,65,65,65,65,66,66,67,67,68,68,69,69,69,69,69,69,69,70,71,49,49,49,49,50,50,51,51,52,53,53,53],"card_choices":[{"not_picked":["Reflex","Leg Sweep"],"picked":"Dagger Throw","floor":1},{"not_picked":["Slice","Crippling Poison"],"picked":"Dagger Spray","floor":4},{"not_picked":["Reflex","Bane"],"picked":"Predator","floor":7},{"not_picked":["Deadly Poison","Backflip"],"picked":"Slice","floor":11},{"not_picked":["Masterful Stab","Setup"],"picked":"A Thousand Cuts","floor":12},{"not_picked":["Slice","Blade Dance"],"picked":"Calculated Gamble","floor":14},{"not_picked":["Burst","A Thousand Cuts"],"picked":"Adrenaline","floor":16},{"not_picked":["Dagger Throw","Flying Knee"],"picked":"Concentrate","floor":18},{"not_picked":["Predator+1","Deadly Poison"],"picked":"Leg Sweep","floor":27},{"not_picked":["Expertise","Flechettes+1"],"picked":"PiercingWail+1","floor":28},{"not_picked":["Bane+1","Deflect+1","Heel Hook+1"],"picked":"SKIP","floor":35},{"not_picked":["Caltrops","Cloak And Dagger","Endless Agony+1"],"picked":"SKIP","floor":37},{"not_picked":["Dagger Spray+1","Well Laid Plans"],"picked":"Infinite Blades+1","floor":38}],"player_experience":328030,"relics_obtained":[{"floor":7,"key":"Orichalcum"},{"floor":9,"key":"Sundial"},{"floor":12,"key":"The Courier"},{"floor":19,"key":"Enchiridion"},{"floor":20,"key":"Red Mask"},{"floor":24,"key":"Ninja Scroll"},{"floor":26,"key":"Boot"},{"floor":27,"key":"Juzu Bracelet"}],"event_choices":[{"damage_healed":0,"gold_gain":0,"player_choice":"Lose Max HP","damage_taken":0,"relics_obtained":["Golden Idol"],"max_hp_gain":0,"max_hp_loss":5,"event_name":"Golden Idol","floor":2,"gold_loss":0},{"cards_removed":["Strike_G"],"damage_healed":0,"gold_gain":0,"player_choice":"Forget","damage_taken":0,"max_hp_gain":0,"max_hp_loss":0,"event_name":"Living Wall","floor":5,"gold_loss":0},{"damage_healed":0,"gold_gain":0,"player_choice":"Trade","damage_taken":0,"relics_obtained":["FaceOfCleric"],"max_hp_gain":0,"max_hp_loss":0,"event_name":"FaceTrader","floor":13,"gold_loss":0},{"damage_healed":0,"gold_gain":0,"player_choice":"Obtained Book","damage_taken":16,"max_hp_gain":0,"max_hp_loss":0,"event_name":"Cursed Tome","floor":19,"gold_loss":0},{"damage_healed":0,"gold_gain":0,"player_choice":"Fought Bandits","damage_taken":0,"max_hp_gain":0,"max_hp_loss":0,"event_name":"Masked Bandits","floor":20,"gold_loss":0},{"damage_healed":23,"gold_gain":0,"player_choice":"Heal","damage_taken":0,"max_hp_gain":0,"max_hp_loss":0,"event_name":"The Library","floor":21,"gold_loss":0},{"damage_healed":0,"gold_gain":0,"player_choice":"Became a vampire","damage_taken":0,"max_hp_gain":0,"max_hp_loss":22,"event_name":"Vampires","floor":29,"gold_loss":0,"cards_obtained":["Bite","Bite","Bite","Bite","Bite"]},{"damage_healed":0,"gold_gain":0,"player_choice":"3 cards matched","damage_taken":0,"max_hp_gain":0,"max_hp_loss":0,"event_name":"Match and Keep!","floor":31,"gold_loss":0,"cards_obtained":["Flash of Steel","Escape Plan","Neutralize"]},{"damage_healed":0,"gold_gain":0,"player_choice":"Copied","damage_taken":0,"max_hp_gain":0,"max_hp_loss":0,"event_name":"Duplicator","floor":39,"gold_loss":0,"cards_obtained":["Adrenaline"]}],"is_beta":false,"boss_relics":[{"not_picked":["Busted Crown","Runic Dome"],"picked":"Lizard Tail"},{"not_picked":["Astrolabe","Calling Bell"],"picked":"HoveringKite"}],"items_purged_floors":[3,22,36],"is_endless":false,"potions_floor_spawned":[4,7,14,16,20,28,33,38],"killed_by":"Giant Head","ascension_level":1}