{"gold_per_floor":[118,118,118,193,207,207,240,240,286,320,320,280,280],"floor_reached":13,"playtime":257,"items_purged":[],"score":137,"play_id":"096253f0-e123-455d-b00d-b01c725291d1","local_time":"20190307133315","is_ascension_mode":true,"campfire_choices":[{"floor":6,"key":"REST"},{"data":"Blade Dance","floor":8,"key":"SMITH"}],"neow_cost":"NONE","seed_source_timestamp":21169776503900,"circlet_count":0,"master_deck":["Defend_G","Defend_G","Defend_G","Defend_G","Defend_G","Strike_G","Strike_G","Strike_G","Strike_G","Survivor","Neutralize","Infinite Blades","Blade Dance+1","Slice","Venomology"],"relics":["Ring of the Snake","NeowsBlessing","Golden Idol","Bottled Flame","Bag of Preparation","Dodecahedron"],"potions_floor_usage":[10,13,13],"damage_taken":[{"damage":0,"enemies":"Small Slimes","floor":1,"turns":1},{"damage":0,"enemies":"Cultist","floor":5,"turns":1},{"damage":0,"enemies":"3 Sentries","floor":7,"turns":1},{"damage":49,"enemies":"Lagavulin","floor":10,"turns":7},{"damage":11,"enemies":"3 Sentries","floor":13,"turns":2}],"seed_played":"1428718226566745268","potions_obtained":[{"floor":1,"key":"Ancient Potion"},{"floor":12,"key":"Swift Potion"},{"floor":12,"key":"Weak Potion"},{"floor":12,"key":"SkillPotion"}],"is_trial":false,"path_per_floor":["M","?","?","?","M","R","E","R","T","E","?","?","E"],"character_chosen":"THE_SILENT","items_purchased":[],"campfire_rested":1,"item_purchase_floors":[],"current_hp_per_floor":[70,63,46,35,35,56,56,56,56,7,7,7,0],"gold":280,"neow_bonus":"THREE_ENEMY_KILL","is_prod":false,"is_daily":false,"chose_seed":false,"campfire_upgraded":1,"win_rate":0,"timestamp":1551958395,"path_taken":["M","?","?","?","M","R","E","R","T","E","?","?","E"],"build_version":"2019-01-23","purchased_purges":0,"victory":false,"max_hp_per_floor":[70,70,70,70,70,70,70,70,70,70,70,70,70],"card_choices":[{"not_picked":["Leg Sweep","Bouncing Flask"],"picked":"Infinite Blades","floor":1},{"not_picked":["Flying Knee","Predator"],"picked":"Blade Dance","floor":5},{"not_picked":["Eviscerate","Deadly Poison"],"picked":"Slice","floor":7},{"not_picked":["Bouncing Flask","Finisher"],"picked":"Venomology","floor":10}],"player_experience":488941,"relics_obtained":[{"floor":7,"key":"Bottled Flame"},{"floor":9,"key":"Bag of Preparation"},{"floor":10,"key":"Dodecahedron"}],"event_choices":[{"cards_removed":["Strike_G"],"damage_healed":0,"gold_gain":0,"player_choice":"Card Removal","damage_taken":7,"max_hp_gain":0,"max_hp_loss":0,"event_name":"Golden Wing","floor":2,"gold_loss":0},{"damage_healed":0,"gold_gain":0,"player_choice":"Take Damage","damage_taken":17,"relics_obtained":["Golden Idol"],"max_hp_gain":0,"max_hp_loss":0,"event_name":"Golden Idol","floor":3,"gold_loss":0},{"damage_healed":0,"gold_gain":75,"player_choice":"Gather Gold","damage_taken":11,"max_hp_gain":0,"max_hp_loss":0,"event_name":"World of Goop","floor":4,"gold_loss":0},{"damage_healed":0,"gold_gain":0,"player_choice":"Fled","damage_taken":0,"max_hp_gain":0,"max_hp_loss":0,"event_name":"Scrap Ooze","floor":11,"gold_loss":0},{"damage_healed":0,"gold_gain":0,"player_choice":"Bought 3 Potions","damage_taken":0,"max_hp_gain":0,"max_hp_loss":0,"event_name":"The Woman in Blue","floor":12,"gold_loss":0}],"is_beta":false,"boss_relics":[],"items_purged_floors":[],"is_endless":false,"potions_floor_spawned":[1],"killed_by":"3 Sentries","ascension_level":4}