{"gold_per_floor":[118,118,118,130,150,150,161,173,197,197,347,272,272,272,272,368,368,384,384,78,78,91,91,91],"floor_reached":24,"playtime":1039,"items_purged":[],"score":331,"play_id":"7eaef1c4-9080-4c08-a2c7-4f41b9845fa9","local_time":"20190718121418","is_ascension_mode":true,"campfire_choices":[{"floor":6,"key":"REST"},{"data":"Shockwave","floor":10,"key":"SMITH"},{"floor":13,"key":"REST"},{"data":"Uppercut","floor":15,"key":"SMITH"},{"floor":23,"key":"REST"}],"neow_cost":"NONE","seed_source_timestamp":11864347062500,"circlet_count":0,"master_deck":["AscendersBane","Strike_R+1","Strike_R","Strike_R","Strike_R","Defend_R","Defend_R","Defend_R","Bash+1","Shockwave+1","Rampage","Pommel Strike","Uppercut+1","Feed","Infernal Blade","Barricade","Body Slam","Havoc","Flame Barrier","Immolate","Bludgeon"],"relics":["Burning Blood","Anchor","PreservedInsect","Golden Idol","Orrery","Strange Spoon"],"potions_floor_usage":[4,16,18,24],"damage_taken":[{"damage":6,"enemies":"Cultist","floor":1,"turns":4},{"damage":0,"enemies":"Small Slimes","floor":4,"turns":2},{"damage":2,"enemies":"2 Louse","floor":5,"turns":3},{"damage":10,"enemies":"2 Fungi Beasts","floor":7,"turns":4},{"damage":5,"enemies":"3 Louse","floor":8,"turns":3},{"damage":41,"enemies":"Slime Boss","floor":16,"turns":10},{"damage":22,"enemies":"Shell Parasite","floor":18,"turns":5},{"damage":38,"enemies":"Spheric Guardian","floor":22,"turns":6},{"damage":31,"enemies":"Book of Stabbing","floor":24,"turns":4}],"seed_played":"-1171916109236523915","potions_obtained":[{"floor":1,"key":"Energy Potion"},{"floor":5,"key":"FearPotion"},{"floor":16,"key":"Block Potion"},{"floor":22,"key":"FearPotion"}],"is_trial":false,"path_per_floor":["M","?","?","M","M","R","M","M","T","R","?","?","R","?","R","B",null,"M","?","$","?","M","R","E"],"character_chosen":"IRONCLAD","items_purchased":["Strange Spoon","Flame Barrier"],"campfire_rested":3,"item_purchase_floors":[20,20],"current_hp_per_floor":[68,42,19,25,29,51,47,48,48,48,48,48,70,68,68,33,59,43,43,43,43,11,31,0],"gold":91,"neow_bonus":"RANDOM_COMMON_RELIC","is_prod":false,"is_daily":false,"chose_seed":false,"campfire_upgraded":2,"win_rate":0,"timestamp":1563441258,"path_taken":["M","?","?","M","M","R","M","M","T","R","?","?","R","?","R","BOSS","M","?","$","?","?","R","E"],"build_version":"2019-07-17","purchased_purges":0,"victory":false,"max_hp_per_floor":[75,75,75,75,75,75,75,75,75,75,75,75,75,68,68,68,68,68,68,68,68,68,68,68],"card_choices":[{"not_picked":["Evolve","Ghostly Armor"],"picked":"Shockwave","floor":1},{"not_picked":["Thunderclap","Sword Boomerang","Wild Strike"],"picked":"SKIP","floor":4},{"not_picked":["Clothesline","Twin Strike"],"picked":"Rampage","floor":5},{"not_picked":["Thunderclap","Warcry"],"picked":"Pommel Strike","floor":7},{"not_picked":["Perfected Strike","Spot Weakness"],"picked":"Uppercut","floor":8},{"not_picked":["Barricade","Juggernaut"],"picked":"Feed","floor":16},{"not_picked":["Sword Boomerang","Combust"],"picked":"Infernal Blade","floor":17},{"not_picked":["Flex","Clash"],"picked":"Barricade","floor":17},{"not_picked":["Thunderclap","Iron Wave"],"picked":"Body Slam","floor":17},{"not_picked":["Perfected Strike","Thunderclap"],"picked":"Havoc","floor":18},{"not_picked":["Heavy Blade","Armaments","Rupture"],"picked":"SKIP","floor":22}],"player_experience":672815,"relics_obtained":[],"event_choices":[{"damage_healed":0,"gold_gain":0,"player_choice":"Success","damage_taken":26,"relics_obtained":["PreservedInsect"],"max_hp_gain":0,"max_hp_loss":0,"event_name":"Scrap Ooze","floor":2,"gold_loss":0},{"damage_healed":0,"gold_gain":0,"player_choice":"Entered Light","damage_taken":23,"max_hp_gain":0,"max_hp_loss":0,"event_name":"Shining Light","floor":3,"gold_loss":0,"cards_upgraded":["Strike_R","Bash"]},{"damage_healed":0,"gold_gain":150,"player_choice":"AGREE","damage_taken":0,"max_hp_gain":0,"max_hp_loss":0,"event_name":"Liars Game","floor":11,"gold_loss":0,"cards_obtained":["Doubt"]},{"cards_removed":["Doubt"],"damage_healed":0,"gold_gain":0,"player_choice":"Card Removal","damage_taken":0,"max_hp_gain":0,"max_hp_loss":0,"event_name":"The Cleric","floor":12,"gold_loss":75},{"damage_healed":0,"gold_gain":0,"player_choice":"Lose Max HP","damage_taken":0,"relics_obtained":["Golden Idol"],"max_hp_gain":0,"max_hp_loss":7,"event_name":"Golden Idol","floor":14,"gold_loss":0},{"damage_healed":0,"gold_gain":0,"player_choice":"Ignored","damage_taken":0,"max_hp_gain":0,"max_hp_loss":0,"event_name":"Beggar","floor":19,"gold_loss":0},{"damage_healed":0,"gold_gain":0,"cards_transformed":["Strike_R","Defend_R"],"player_choice":"Became Test Subject","damage_taken":0,"max_hp_gain":0,"max_hp_loss":0,"event_name":"Drug Dealer","floor":21,"gold_loss":0,"cards_obtained":["Immolate","Bludgeon"]}],"is_beta":false,"boss_relics":[{"not_picked":["Black Blood","Busted Crown"],"picked":"Orrery"}],"items_purged_floors":[],"is_endless":false,"potions_floor_spawned":[1,5,16,22],"killed_by":"Book of Stabbing","ascension_level":16}