{"gold_per_floor":[12,12,187,187,198,198,227,239,309,309,322,322,340,357,357,455,505,515,535,535],"floor_reached":20,"playtime":725,"items_purged":[],"score":246,"play_id":"ffa713fd-ed62-4222-9696-ad42a79b44f1","local_time":"20180820150222","is_ascension_mode":true,"campfire_choices":[{"data":"Sword Boomerang","floor":6,"key":"SMITH"},{"data":"Rupture","floor":10,"key":"SMITH"},{"data":"Bloodletting","floor":12,"key":"SMITH"},{"data":"Double Tap","floor":15,"key":"SMITH"}],"neow_cost":"NO_GOLD","seed_source_timestamp":368266058063025,"circlet_count":0,"master_deck":["Strike_R","Strike_R","Strike_R+1","Strike_R","Strike_R","Defend_R","Defend_R","Defend_R","Defend_R","Bash","Sword Boomerang+1","Bloodletting+1","Rupture+1","Intimidate","Double Tap+1","Spot Weakness","Offering","Ghostly Armor","Spot Weakness","Inflame"],"relics":["Burning Blood","Torii","Ancient Tea Set","Red Skull","Matryoshka","Tiny House"],"potions_floor_usage":[7,11,11,14,14,16,16,20],"damage_taken":[{"damage":6,"enemies":"Cultist","floor":1,"turns":3},{"damage":2,"enemies":"2 Louse","floor":5,"turns":3},{"damage":23,"enemies":"3 Sentries","floor":7,"turns":9},{"damage":0,"enemies":"Small Slimes","floor":8,"turns":3},{"damage":6,"enemies":"3 Louse","floor":11,"turns":2},{"damage":3,"enemies":"2 Fungi Beasts","floor":13,"turns":4},{"damage":2,"enemies":"Lots of Slimes","floor":14,"turns":4},{"damage":40,"enemies":"Hexaghost","floor":16,"turns":8},{"damage":28,"enemies":"Spheric Guardian","floor":18,"turns":4},{"damage":12,"enemies":"3 Byrds","floor":19,"turns":6},{"damage":57,"enemies":"Centurion and Healer","floor":20,"turns":7}],"seed_played":"2234559080499969956","potions_obtained":[{"floor":1,"key":"Fire Potion"},{"floor":8,"key":"EntropicBrew"},{"floor":11,"key":"SteroidPotion"},{"floor":14,"key":"PowerPotion"},{"floor":17,"key":"LiquidBronze"}],"is_trial":false,"path_per_floor":["M","T","?","?","M","R","E","M","T","R","M","R","M","M","R","B",null,"M","M"],"character_chosen":"IRONCLAD","items_purchased":[],"campfire_rested":0,"item_purchase_floors":[],"current_hp_per_floor":[72,72,72,72,76,76,59,65,65,65,65,65,68,72,72,38,75,53,47,0],"gold":535,"neow_bonus":"ONE_RARE_RELIC","is_prod":false,"is_daily":false,"chose_seed":false,"campfire_upgraded":4,"win_rate":0,"timestamp":1534766542,"path_taken":["M","?","?","?","?","R","E","M","T","R","M","R","M","?","R","BOSS","M","?","?"],"build_version":"2018-08-16","purchased_purges":0,"victory":false,"max_hp_per_floor":[80,80,80,80,80,80,80,80,80,80,80,80,80,80,80,80,85,85,85,85],"card_choices":[{"not_picked":["Rage","Twin Strike"],"picked":"Sword Boomerang","floor":1},{"not_picked":["Uppercut","True Grit"],"picked":"Bloodletting","floor":5},{"not_picked":["Reckless Charge","Perfected Strike","True Grit"],"picked":"SKIP","floor":7},{"not_picked":["Rampage","Havoc"],"picked":"Rupture","floor":8},{"not_picked":["Infernal Blade","Clash"],"picked":"Intimidate","floor":11},{"not_picked":["Reckless Charge","Battle Trance"],"picked":"Double Tap","floor":13},{"not_picked":["Shrug It Off","Warcry"],"picked":"Spot Weakness","floor":14},{"not_picked":["Limit Break","Reaper"],"picked":"Offering","floor":16},{"not_picked":["Clash","Armaments"],"picked":"Ghostly Armor","floor":17},{"not_picked":["Flex","Heavy Blade+1"],"picked":"Spot Weakness","floor":18},{"not_picked":["Clash+1","Body Slam"],"picked":"Inflame","floor":19}],"player_experience":341484,"relics_obtained":[{"floor":2,"key":"Ancient Tea Set"},{"floor":7,"key":"Red Skull"},{"floor":9,"key":"Matryoshka"}],"event_choices":[{"event_name":"Liars Game","player_choice":"agreed","floor":3,"damage_taken":0},{"event_name":"Living Wall","player_choice":"Forget","floor":4,"damage_taken":0}],"is_beta":false,"boss_relics":[{"not_picked":["Astrolabe","Runic Dome"],"picked":"Tiny House"}],"items_purged_floors":[],"is_endless":false,"potions_floor_spawned":[1,8,11,14],"killed_by":"Centurion and Healer","ascension_level":8}