{"gold_per_floor":[117,129,129,144,157,187,203,218,244,244,273,284,459,459,459,459],"floor_reached":16,"playtime":732,"items_purged":[],"score":143,"play_id":"052c8860-0a09-45e8-ad36-a40fd0a69a89","local_time":"20190711201043","is_ascension_mode":true,"campfire_choices":[{"floor":10,"key":"REST"},{"floor":15,"key":"REST"}],"neow_cost":"NONE","seed_source_timestamp":45605555812600,"circlet_count":0,"master_deck":["Strike_G","Strike_G","Strike_G","Strike_G","Strike_G","Defend_G","Defend_G","Defend_G","Defend_G","Defend_G","Survivor","Neutralize","Catalyst","Dagger Spray","Noxious Fumes","Footwork","Wraith Form v2","Masterful Stab","PiercingWail","Masterful Stab","Sucker Punch","Doppelganger"],"relics":["Sozu","Dream Catcher","PreservedInsect"],"potions_floor_usage":[],"damage_taken":[{"damage":0,"enemies":"Jaw Worm","floor":1,"turns":5},{"damage":0,"enemies":"Cultist","floor":2,"turns":5},{"damage":0,"enemies":"Small Slimes","floor":4,"turns":4},{"damage":1,"enemies":"3 Louse","floor":5,"turns":4},{"damage":36,"enemies":"Gremlin Nob","floor":6,"turns":5},{"damage":3,"enemies":"Looter","floor":7,"turns":4},{"damage":10,"enemies":"Red Slaver","floor":8,"turns":4},{"damage":12,"enemies":"Lagavulin","floor":11,"turns":8},{"damage":0,"enemies":"3 Louse","floor":12,"turns":3},{"damage":53,"enemies":"Slime Boss","floor":16,"turns":8}],"seed_played":"-4342036065810823256","potions_obtained":[],"is_trial":false,"path_per_floor":["M","M","?","M","M","E","M","M","T","R","E","M","?","?","R","B"],"character_chosen":"THE_SILENT","items_purchased":[],"campfire_rested":2,"item_purchase_floors":[],"current_hp_per_floor":[70,70,70,70,69,33,30,20,20,41,29,29,29,29,50,0],"gold":459,"neow_bonus":"BOSS_RELIC","is_prod":false,"is_daily":false,"chose_seed":false,"campfire_upgraded":0,"win_rate":0,"timestamp":1562865043,"path_taken":["M","M","?","M","?","E","M","?","T","R","E","M","?","?","R","BOSS"],"build_version":"2019-07-05","purchased_purges":0,"victory":false,"max_hp_per_floor":[70,70,70,70,70,70,70,70,70,70,70,70,70,70,70,70],"card_choices":[{"not_picked":["Sucker Punch","Accuracy"],"picked":"Catalyst","floor":1},{"not_picked":["Acrobatics","Choke"],"picked":"Underhanded Strike","floor":2},{"not_picked":["Quick Slash","Caltrops"],"picked":"Dagger Spray","floor":4},{"not_picked":["Underhanded Strike","Prepared"],"picked":"Noxious Fumes","floor":5},{"not_picked":["Reflex","Prepared"],"picked":"Footwork","floor":6},{"not_picked":["Choke","Flying Knee"],"picked":"Wraith Form v2","floor":7},{"not_picked":["Blade Dance","Dodge and Roll"],"picked":"Masterful Stab","floor":8},{"not_picked":["Calculated Gamble","Backflip"],"picked":"PiercingWail","floor":10},{"not_picked":["Doppelganger","Backflip"],"picked":"Masterful Stab","floor":11},{"not_picked":["Slice","Accuracy"],"picked":"Sucker Punch","floor":12},{"not_picked":["Cloak And Dagger","Poisoned Stab"],"picked":"Doppelganger","floor":15}],"player_experience":660261,"relics_obtained":[{"floor":6,"key":"Dream Catcher"},{"floor":11,"key":"PreservedInsect"}],"event_choices":[{"cards_removed":["Underhanded Strike"],"damage_healed":0,"gold_gain":0,"player_choice":"Purged","damage_taken":0,"max_hp_gain":0,"max_hp_loss":0,"event_name":"Purifier","floor":3,"gold_loss":0},{"damage_healed":0,"gold_gain":175,"player_choice":"AGREE","damage_taken":0,"max_hp_gain":0,"max_hp_loss":0,"event_name":"Liars Game","floor":13,"gold_loss":0,"cards_obtained":["Doubt"]},{"cards_removed":["Doubt"],"damage_healed":0,"gold_gain":0,"player_choice":"Forget","damage_taken":0,"max_hp_gain":0,"max_hp_loss":0,"event_name":"Living Wall","floor":14,"gold_loss":0}],"is_beta":false,"boss_relics":[],"items_purged_floors":[],"is_endless":false,"potions_floor_spawned":[1,4,6,7],"killed_by":"Slime Boss","ascension_level":5}