{"gold_per_floor":[112,131,131,145,157,157,192,221,258,288,300,328,265,281,281,381,381,400,415,415,429,429,429,429],"floor_reached":24,"playtime":1085,"items_purged":["Pain"],"score":202,"play_id":"7fd33a51-3204-452f-bda4-cde99ac65655","local_time":"20190713114202","is_ascension_mode":false,"campfire_choices":[{"data":"Bash","floor":6,"key":"SMITH"},{"data":"Evolve","floor":11,"key":"SMITH"},{"data":"Carnage","floor":15,"key":"SMITH"},{"data":"Anger","floor":23,"key":"SMITH"}],"neow_cost":"NONE","seed_source_timestamp":164127843182207,"circlet_count":0,"master_deck":["Strike_R","Strike_R","Strike_R","Strike_R","Strike_R","Defend_R","Defend_R","Defend_R","Defend_R","Bash+1","Carnage+1","Evolve+1","Shrug It Off","Immolate","Intimidate","Ghostly Armor","Rage","Fiend Fire","Havoc+1","Anger+1"],"relics":["Burning Blood","Lantern","WarpedTongs","MawBank","Sozu","Nilry\u0027s Codex"],"potions_floor_usage":[12,16,24],"damage_taken":[{"damage":0,"enemies":"Small Slimes","floor":1,"turns":5},{"damage":0,"enemies":"Cultist","floor":2,"turns":2},{"damage":2,"enemies":"Jaw Worm","floor":4,"turns":3},{"damage":3,"enemies":"Large Slime","floor":5,"turns":4},{"damage":26,"enemies":"3 Sentries","floor":7,"turns":8},{"damage":0,"enemies":"2 Fungi Beasts","floor":8,"turns":2},{"damage":9,"enemies":"3 Louse","floor":10,"turns":3},{"damage":3,"enemies":"Blue Slaver","floor":12,"turns":1},{"damage":3,"enemies":"Lots of Slimes","floor":14,"turns":3},{"damage":15,"enemies":"Hexaghost","floor":16,"turns":9},{"damage":0,"enemies":"Spheric Guardian","floor":18,"turns":3},{"damage":7,"enemies":"2 Thieves","floor":19,"turns":3},{"damage":20,"enemies":"Snake Plant","floor":21,"turns":4},{"damage":57,"enemies":"Gremlin Leader","floor":24,"turns":8}],"seed_played":"-6181901653792298735","potions_obtained":[{"floor":1,"key":"GamblersBrew"},{"floor":2,"key":"SteroidPotion"},{"floor":4,"key":"AttackPotion"},{"floor":7,"key":"EssenceOfSteel"},{"floor":14,"key":"SkillPotion"}],"is_trial":false,"path_per_floor":["M","M","?","M","M","R","E","M","T","M","R","M","$","M","R","B",null,"M","M","?","M","?","R","E"],"character_chosen":"IRONCLAD","items_purchased":[],"campfire_rested":0,"item_purchase_floors":[],"current_hp_per_floor":[80,80,80,80,80,80,60,66,66,63,63,66,66,69,69,60,80,80,79,79,65,49,49,0],"gold":429,"neow_bonus":"RANDOM_COMMON_RELIC","is_prod":false,"is_daily":false,"chose_seed":false,"campfire_upgraded":4,"win_rate":0,"timestamp":1563010922,"path_taken":["M","M","?","M","?","R","E","?","T","M","R","M","$","M","R","BOSS","M","M","?","M","?","R","E"],"build_version":"2019-07-05","purchased_purges":1,"victory":false,"max_hp_per_floor":[80,80,80,80,80,80,80,80,80,80,80,80,80,80,80,80,80,80,80,80,80,80,80,80],"card_choices":[{"not_picked":["Entrench","Iron Wave"],"picked":"Carnage","floor":1},{"not_picked":["Sword Boomerang","Warcry"],"picked":"Evolve","floor":2},{"not_picked":["Clash","Clothesline","Perfected Strike"],"picked":"SKIP","floor":4},{"not_picked":["Havoc","Headbutt"],"picked":"Shrug It Off","floor":5},{"not_picked":["Bludgeon","Shockwave"],"picked":"Immolate","floor":7},{"not_picked":["Wild Strike","Pommel Strike"],"picked":"Intimidate","floor":8},{"not_picked":["Flex","Armaments","Infernal Blade"],"picked":"SKIP","floor":10},{"not_picked":["Exhume","Armaments"],"picked":"Ghostly Armor","floor":12},{"not_picked":["Fire Breathing","Flex"],"picked":"Rage","floor":14},{"not_picked":["Exhume","Reaper"],"picked":"Fiend Fire","floor":16},{"not_picked":["Clothesline","Uppercut"],"picked":"Havoc+1","floor":18},{"not_picked":["Perfected Strike+1","Wild Strike","Hemokinesis+1"],"picked":"SKIP","floor":19},{"not_picked":["Clothesline+1","Bludgeon"],"picked":"Anger","floor":21}],"player_experience":104209,"relics_obtained":[{"floor":7,"key":"MawBank"},{"floor":22,"key":"Nilry\u0027s Codex"}],"event_choices":[{"damage_healed":0,"gold_gain":0,"player_choice":"Rummage","damage_taken":0,"relics_obtained":["WarpedTongs"],"max_hp_gain":0,"max_hp_loss":0,"event_name":"Accursed Blacksmith","floor":3,"gold_loss":0,"cards_obtained":["Pain"]},{"damage_healed":0,"gold_gain":0,"player_choice":"Ignored","damage_taken":0,"max_hp_gain":0,"max_hp_loss":0,"event_name":"Ghosts","floor":20,"gold_loss":0},{"damage_healed":0,"gold_gain":0,"player_choice":"Obtained Book","damage_taken":16,"max_hp_gain":0,"max_hp_loss":0,"event_name":"Cursed Tome","floor":22,"gold_loss":0}],"is_beta":false,"boss_relics":[{"not_picked":["Eternal Feather","Runic Cube"],"picked":"Sozu"}],"items_purged_floors":[13],"is_endless":false,"potions_floor_spawned":[1,2,4,7,14,18],"killed_by":"Gremlin Leader","ascension_level":0}