{"path_per_floor":["M","?","M","M","M","T","?","E","T","R","M","R","?","M","R"],"character_chosen":"IRONCLAD","items_purchased":[],"gold_per_floor":[117,117,138,159,180,180,180,216,216,216,235,235,235,249,249],"floor_reached":16,"campfire_rested":2,"playtime":908,"current_hp_per_floor":[45,45,42,37,40,40,40,18,18,42,43,67,51,46,46],"items_purged":[],"gold":249,"score":102,"play_id":"e037682e-76f9-47d4-9af3-c9540e0ac41f","local_time":"20180311220916","is_prod":false,"is_daily":false,"is_ascension_mode":false,"campfire_upgraded":1,"timestamp":1520798956,"path_taken":["M","?","M","M","M","?","?","E","T","R","?","R","?","?","R","BOSS"],"build_version":"2018-03-09","purchased_purges":0,"victory":false,"master_deck":["Strike_R","Strike_R","Strike_R","Strike_R","Strike_R","Defend_R+1","Defend_R","Defend_R","Defend_R","Bash","Flex","Rampage+1","Dark Embrace","Cleave","Fire Breathing+1","Sword Boomerang","Heavy Blade"],"max_hp_per_floor":[80,80,80,80,80,80,80,80,80,80,80,80,80,80,80],"relics":["Burning Blood","Bird Faced Urn","Golden Idol","Sundial","Oddly Smooth Stone","Du-Vu Doll"],"card_choices":[{"not_picked":["Perfected Strike","True Grit"],"picked":"Flex"},{"not_picked":["Anger","Wild Strike"],"picked":"Rampage"},{"not_picked":["Hemokinesis","Warcry"],"picked":"Dark Embrace"},{"not_picked":["True Grit","Heavy Blade"],"picked":"Cleave"},{"not_picked":["Sword Boomerang","Warcry"],"picked":"Fire Breathing"},{"not_picked":["Clothesline","Shrug It Off"],"picked":"Sword Boomerang"},{"not_picked":["Feel No Pain","Flex"],"picked":"Heavy Blade"}],"player_experience":70952,"potions_floor_usage":[5,16,16],"damage_taken":[{"damage":1,"enemies":"Cultist","floor":1,"turns":3},{"damage":9,"enemies":"2 Louse","floor":3,"turns":3},{"damage":11,"enemies":"Jaw Worm","floor":4,"turns":3},{"damage":15,"enemies":"Exordium Thugs","floor":5,"turns":5},{"damage":28,"enemies":"3 Sentries","floor":8,"turns":10},{"damage":7,"enemies":"Blue Slaver","floor":11,"turns":5},{"damage":13,"enemies":"Lots of Slimes","floor":14,"turns":3},{"damage":56,"enemies":"The Guardian","floor":16,"turns":8}],"event_choices":[{"event_name":"Golden Idol","player_choice":"Take Wound","floor":2,"damage_taken":0},{"event_name":"Fountain of Cleansing","player_choice":"Removed Curse","floor":7,"damage_taken":0},{"event_name":"Shining Light","player_choice":"Entered Light","floor":13,"damage_taken":0}],"boss_relics":[],"potions_floor_spawned":[4,8,14],"seed_played":"5150237446747723610","killed_by":"The Guardian","ascension_level":0,"is_trial":false}