{"gold_per_floor":[17,33,33,33,48,48,48,223,223,250,175,175,191,191,191,294,294,306,323,323,323,334,334,334,369,369,369,73,73,73,0,0,0],"floor_reached":33,"playtime":810,"items_purged":["Doubt"],"score":464,"play_id":"48d698b0-cc4a-45b3-8ddd-40cca1fedbb8","local_time":"20181204161758","is_ascension_mode":true,"campfire_choices":[{"data":"Twin Strike","floor":6,"key":"SMITH"},{"floor":15,"key":"REST"},{"data":"Double Tap","floor":23,"key":"SMITH"},{"floor":30,"key":"REST"},{"floor":32,"key":"REST"}],"neow_cost":"NO_GOLD","seed_source_timestamp":30602051236200,"circlet_count":0,"master_deck":["AscendersBane","Strike_R","Strike_R","Strike_R","Defend_R","Defend_R","Defend_R","Defend_R","Bash","Armaments+1","Twin Strike+1","Thunderclap","Pummel","Double Tap+1","Twin Strike","Flex","Perfected Strike+1","Disarm","Whirlwind","Bloodletting"],"relics":["Burning Blood","Pear","Du-Vu Doll","Matryoshka","Centennial Puzzle","Shuriken","Busted Crown","Darkstone Periapt","Bottled Flame","Paper Frog","Question Card","Art of War","Bronze Scales","MutagenicStrength"],"potions_floor_usage":[10,18,22,33],"damage_taken":[{"damage":11,"enemies":"Jaw Worm","floor":1,"turns":4},{"damage":28,"enemies":"Cultist","floor":2,"turns":7},{"damage":7,"enemies":"Small Slimes","floor":5,"turns":3},{"damage":32,"enemies":"3 Sentries","floor":10,"turns":9},{"damage":16,"enemies":"Blue Slaver","floor":13,"turns":4},{"damage":63,"enemies":"Hexaghost","floor":16,"turns":11},{"damage":20,"enemies":"Shell Parasite","floor":18,"turns":3},{"damage":1,"enemies":"Spheric Guardian","floor":19,"turns":3},{"damage":21,"enemies":"Snake Plant","floor":22,"turns":3},{"damage":49,"enemies":"Book of Stabbing","floor":25,"turns":4},{"damage":106,"enemies":"Champ","floor":33,"turns":6}],"seed_played":"5694894010865979615","potions_obtained":[{"floor":2,"key":"SpeedPotion"},{"floor":16,"key":"Weak Potion"},{"floor":19,"key":"LiquidBronze"},{"floor":25,"key":"SteroidPotion"}],"is_trial":false,"path_per_floor":["M","M","?","?","M","R","T","?","T","E","$","T","M","?","R","B",null,"M","M","?","?","M","R","T","E","T","T","$","?","R","$","R","B"],"character_chosen":"IRONCLAD","items_purchased":["Bronze Scales","Disarm","Whirlwind","Bloodletting"],"campfire_rested":3,"item_purchase_floors":[28,28,28,31],"current_hp_per_floor":[83,61,66,66,65,65,75,75,75,49,49,49,39,32,65,8,85,71,76,76,76,61,61,61,18,18,18,18,18,51,51,84,0],"gold":0,"neow_bonus":"TWENTY_PERCENT_HP_BONUS","is_prod":false,"is_daily":false,"chose_seed":false,"campfire_upgraded":2,"win_rate":0,"timestamp":1543933078,"path_taken":["M","M","?","?","?","R","?","?","T","E","?","?","M","?","R","BOSS","M","M","?","?","?","R","?","E","T","?","$","?","R","$","R","BOSS"],"build_version":"2018-11-15","purchased_purges":1,"victory":false,"max_hp_per_floor":[96,96,101,101,101,101,111,111,111,111,111,111,111,111,111,111,111,111,111,111,111,111,111,111,111,111,111,111,111,111,111,111,111],"card_choices":[{"not_picked":["Iron Wave","Flex"],"picked":"Armaments","floor":1},{"not_picked":["Warcry","Uppercut"],"picked":"Twin Strike","floor":2},{"not_picked":["Twin Strike","Perfected Strike"],"picked":"Thunderclap","floor":5},{"not_picked":["Barricade","Pommel Strike"],"picked":"Pummel","floor":10},{"not_picked":["Sentinel","Headbutt","Anger"],"picked":"SKIP","floor":13},{"not_picked":["Dark Embrace","Brutality"],"picked":"Double Tap","floor":16},{"not_picked":[],"picked":"Twin Strike","floor":18},{"not_picked":["Headbutt"],"picked":"SKIP","floor":19},{"not_picked":[],"picked":"Flex","floor":22},{"not_picked":[],"picked":"Perfected Strike+1","floor":25}],"player_experience":464556,"relics_obtained":[{"floor":7,"key":"Pear"},{"floor":9,"key":"Du-Vu Doll"},{"floor":10,"key":"Matryoshka"},{"floor":12,"key":"Centennial Puzzle"},{"floor":12,"key":"Shuriken"},{"floor":24,"key":"Darkstone Periapt"},{"floor":24,"key":"Bottled Flame"},{"floor":25,"key":"Paper Frog"},{"floor":26,"key":"Question Card"},{"floor":27,"key":"Art of War"}],"event_choices":[{"damage_healed":0,"gold_gain":0,"player_choice":"Donut","damage_taken":0,"max_hp_gain":5,"max_hp_loss":0,"event_name":"Big Fish","floor":3,"gold_loss":0},{"damage_healed":0,"gold_gain":0,"player_choice":"Upgraded","damage_taken":0,"max_hp_gain":0,"max_hp_loss":0,"event_name":"Upgrade Shrine","floor":4,"gold_loss":0,"cards_upgraded":["Armaments"]},{"damage_healed":0,"gold_gain":175,"player_choice":"AGREE","damage_taken":0,"max_hp_gain":0,"max_hp_loss":0,"event_name":"Liars Game","floor":8,"gold_loss":0,"cards_obtained":["Doubt"]},{"cards_removed":["Strike_R"],"damage_healed":0,"gold_gain":0,"player_choice":"Card Removal","damage_taken":7,"max_hp_gain":0,"max_hp_loss":0,"event_name":"Golden Wing","floor":14,"gold_loss":0},{"damage_healed":0,"gold_gain":0,"player_choice":"Ignored","damage_taken":0,"max_hp_gain":0,"max_hp_loss":0,"event_name":"Vampires","floor":20,"gold_loss":0},{"cards_removed":["Strike_R"],"damage_healed":0,"gold_gain":0,"player_choice":"Offered Basic","damage_taken":0,"max_hp_gain":0,"max_hp_loss":0,"event_name":"Bonfire Elementals","floor":21,"gold_loss":0},{"damage_healed":0,"gold_gain":0,"player_choice":"Inject Mutagens","damage_taken":0,"relics_obtained":["MutagenicStrength"],"max_hp_gain":0,"max_hp_loss":0,"event_name":"Drug Dealer","floor":29,"gold_loss":0}],"is_beta":false,"boss_relics":[{"not_picked":["Sozu","Velvet Choker"],"picked":"Busted Crown"}],"items_purged_floors":[11],"is_endless":false,"potions_floor_spawned":[2,16,19,25],"killed_by":"Champ","ascension_level":12}