{"gold_per_floor":[115,131,111,111,36,94,94,94,165,185,208,225,225,300,300,400,400,414,414,513,530,530,565,565,582,606,132,164,174,16,28,28,126,126,146,0,24,41,61,61],"floor_reached":40,"playtime":1328,"items_purged":["Defend_G","Strike_G","Strike_G"],"score":534,"play_id":"74723fda-0613-407b-bda5-00911e4cb215","local_time":"20181018104545","is_ascension_mode":true,"campfire_choices":[{"floor":7,"key":"REST"},{"floor":13,"key":"REST"},{"data":"Noxious Fumes","floor":15,"key":"SMITH"},{"data":"Corpse Explosion","floor":24,"key":"SMITH"},{"floor":32,"key":"REST"}],"neow_cost":"NONE","seed_source_timestamp":616769315553700,"circlet_count":0,"master_deck":["Defend_G+1","Defend_G","Defend_G","Defend_G","Strike_G","Strike_G+1","Strike_G","Survivor","Neutralize","Catalyst+1","Backflip","Escape Plan+1","Regret","All Out Attack","Noxious Fumes+1","Corpse Explosion+1","PiercingWail","Ghostly","Ghostly","Ghostly","Ghostly","Ghostly","Prepared+1","Blur","Crippling Poison","Escape Plan+1","Bouncing Flask","Noxious Fumes","Tools of the Trade","Skewer+1"],"relics":["Black Star","Ancient Tea Set","Tiny Chest","Bronze Scales","Mummified Hand","Happy Flower","Letter Opener","Sozu","Boot","Potion Belt","War Paint","Strawberry","Art of War","Pen Nib","Smiling Mask","Busted Crown","Red Mask","PreservedInsect"],"potions_floor_usage":[6,6,16,25],"damage_taken":[{"damage":3,"enemies":"2 Louse","floor":1,"turns":2},{"damage":9,"enemies":"Cultist","floor":2,"turns":6},{"damage":16,"enemies":"Gremlin Nob","floor":6,"turns":5},{"damage":4,"enemies":"Jaw Worm","floor":10,"turns":3},{"damage":15,"enemies":"Large Slime","floor":12,"turns":5},{"damage":29,"enemies":"The Guardian","floor":16,"turns":9},{"damage":14,"enemies":"Chosen","floor":18,"turns":5},{"damage":3,"enemies":"3 Byrds","floor":21,"turns":2},{"damage":17,"enemies":"Book of Stabbing","floor":23,"turns":6},{"damage":0,"enemies":"Cultist and Chosen","floor":25,"turns":5},{"damage":22,"enemies":"Slavers","floor":28,"turns":2},{"damage":0,"enemies":"Snake Plant","floor":29,"turns":4},{"damage":1,"enemies":"Centurion and Healer","floor":31,"turns":3},{"damage":5,"enemies":"Collector","floor":33,"turns":6},{"damage":7,"enemies":"3 Darklings","floor":35,"turns":3},{"damage":0,"enemies":"3 Shapes","floor":38,"turns":2},{"damage":16,"enemies":"Sphere and 2 Shapes","floor":39,"turns":3},{"damage":48,"enemies":"Giant Head","floor":40,"turns":6}],"seed_played":"8241349161718482047","potions_obtained":[{"floor":2,"key":"PowerPotion"},{"floor":3,"key":"GhostInAJar"},{"floor":10,"key":"Swift Potion"},{"floor":12,"key":"Explosive Potion"}],"is_trial":false,"path_per_floor":["M","M","?","?","$","E","R","?","T","M","T","M","R","T","R","B",null,"M","?","?","M","?","E","R","M","T","$","E","M","$","M","R","B",null,"M","?","T","M","M"],"character_chosen":"THE_SILENT","items_purchased":["Strawberry","Art of War","Crippling Poison","Bouncing Flask","Noxious Fumes"],"campfire_rested":3,"item_purchase_floors":[27,27,27,30,30],"current_hp_per_floor":[67,58,58,44,44,28,49,49,49,45,45,30,51,51,51,22,70,56,56,56,53,35,18,18,18,18,25,3,3,3,2,14,9,42,35,35,35,35,19,0],"gold":61,"neow_bonus":"BOSS_RELIC","is_prod":false,"is_daily":false,"chose_seed":false,"campfire_upgraded":2,"win_rate":0,"timestamp":1539848745,"path_taken":["M","M","?","?","$","E","R","?","T","?","?","M","R","?","R","BOSS","M","?","?","M","?","E","R","M","T","$","E","?","?","?","R","BOSS","M","?","?","M","M","E"],"build_version":"2018-10-11","purchased_purges":3,"victory":false,"max_hp_per_floor":[70,70,70,70,70,70,70,70,70,70,70,70,70,70,70,70,70,70,70,70,70,35,35,35,35,35,42,42,42,42,42,42,42,42,42,42,42,42,42,42],"card_choices":[{"not_picked":["Poisoned Stab","Quick Slash"],"picked":"Catalyst","floor":1},{"not_picked":["Blur","Flechettes"],"picked":"Backflip","floor":2},{"not_picked":["PiercingWail","All Out Attack"],"picked":"Escape Plan","floor":6},{"not_picked":["Bane","Flechettes"],"picked":"All Out Attack","floor":10},{"not_picked":["Dagger Throw","Finisher"],"picked":"Noxious Fumes","floor":12},{"not_picked":["Phantasmal Killer","Glass Knife"],"picked":"Corpse Explosion","floor":16},{"not_picked":["Sucker Punch","Blade Dance+1"],"picked":"PiercingWail","floor":18},{"not_picked":["Flying Knee","Terror","Finisher"],"picked":"SKIP","floor":21},{"not_picked":["Poisoned Stab","Sucker Punch"],"picked":"Prepared+1","floor":23},{"not_picked":["Underhanded Strike","Cloak And Dagger"],"picked":"Blur","floor":25},{"not_picked":["Endless Agony+1","Grand Finale","Outmaneuver"],"picked":"SKIP","floor":28},{"not_picked":["Acrobatics+1","Outmaneuver"],"picked":"Escape Plan+1","floor":29},{"not_picked":["All Out Attack","Cloak And Dagger","Expertise+1"],"picked":"SKIP","floor":31},{"not_picked":["A Thousand Cuts","After Image"],"picked":"Tools of the Trade","floor":33},{"not_picked":["Blur+1"],"picked":"SKIP","floor":35},{"not_picked":[],"picked":"Skewer+1","floor":38},{"not_picked":["Bane+1"],"picked":"SKIP","floor":39}],"player_experience":441956,"relics_obtained":[{"floor":6,"key":"Ancient Tea Set"},{"floor":6,"key":"Tiny Chest"},{"floor":9,"key":"Mummified Hand"},{"floor":11,"key":"Happy Flower"},{"floor":14,"key":"Letter Opener"},{"floor":23,"key":"Boot"},{"floor":23,"key":"Potion Belt"},{"floor":26,"key":"War Paint"},{"floor":28,"key":"Pen Nib"},{"floor":28,"key":"Smiling Mask"},{"floor":37,"key":"PreservedInsect"}],"event_choices":[{"event_name":"The Woman in Blue","player_choice":"Bought 1 Potion","floor":3,"damage_taken":0},{"event_name":"Shining Light","player_choice":"Entered Light","floor":4,"damage_taken":0},{"event_name":"Big Fish","player_choice":"Box","floor":8,"damage_taken":0},{"event_name":"Vampires","player_choice":"Ignored","floor":19,"damage_taken":0},{"event_name":"Nest","player_choice":"Stole From Cult","floor":20,"damage_taken":0},{"event_name":"Ghosts","player_choice":"Became a Ghost","floor":22,"damage_taken":0},{"event_name":"Tomb of Lord Red Mask","player_choice":"Paid","floor":36,"damage_taken":0}],"is_beta":false,"boss_relics":[{"not_picked":["Pandora\u0027s Box","Snecko Eye"],"picked":"Sozu"},{"not_picked":["Orrery","Lizard Tail"],"picked":"Busted Crown"}],"items_purged_floors":[5,27,30],"is_endless":false,"potions_floor_spawned":[2,10,12,18,25,28,35,38],"killed_by":"Giant Head","ascension_level":4}