{"gold_per_floor":[117,117,135,150,164,200,213,213,263,282,55,78,78,94,94,213,213,232,132,132,132,132,132,172,197,197,235,250,250,271,290,290,416,416,432,432,456,481,481,505,543,543],"floor_reached":42,"playtime":2440,"items_purged":["Strike_B","Strike_B"],"score":499,"play_id":"2e552265-6e44-44b3-94f5-7206e43d5cd2","local_time":"20190628203925","is_ascension_mode":false,"campfire_choices":[{"floor":8,"key":"REST"},{"data":"Zap","floor":13,"key":"SMITH"},{"data":"All For One","floor":15,"key":"SMITH"},{"data":"Undo","floor":23,"key":"SMITH"},{"data":"Hologram","floor":29,"key":"SMITH"},{"data":"Beam Cell","floor":32,"key":"SMITH"}],"neow_cost":"NONE","seed_source_timestamp":40863332392268,"circlet_count":0,"master_deck":["Strike_B","Strike_B","Defend_B","Defend_B","Defend_B","Zap+1","Dualcast","All For One+1","FTL","Conserve Battery","Melter","Go for the Eyes","Hologram+1","Self Repair","Go for the Eyes","Undo+1","Auto Shields","Reboot","Writhe","Chill","Redo+1","Static Discharge+1","Beam Cell+1","Rainbow","Rebound+1","Apotheosis","Discovery","Purity","Steam+1","Decay","Double Energy+1","Seek"],"relics":["Cracked Core","Golden Idol","Kunai","Potion Belt","Boot","Busted Crown","Gremlin Horn","Regal Pillow","Dream Catcher","Question Card","Ancient Tea Set","Runic Pyramid","Strawberry"],"potions_floor_usage":[6,25,25],"damage_taken":[{"damage":0,"enemies":"Small Slimes","floor":1,"turns":3},{"damage":1,"enemies":"2 Louse","floor":3,"turns":3},{"damage":0,"enemies":"Jaw Worm","floor":4,"turns":3},{"damage":28,"enemies":"Exordium Thugs","floor":5,"turns":5},{"damage":12,"enemies":"Lagavulin","floor":6,"turns":7},{"damage":7,"enemies":"2 Fungi Beasts","floor":7,"turns":3},{"damage":8,"enemies":"3 Louse","floor":10,"turns":3},{"damage":7,"enemies":"Lots of Slimes","floor":12,"turns":3},{"damage":3,"enemies":"Blue Slaver","floor":14,"turns":3},{"damage":4,"enemies":"Hexaghost","floor":16,"turns":10},{"damage":4,"enemies":"3 Byrds","floor":18,"turns":3},{"damage":6,"enemies":"Book of Stabbing","floor":24,"turns":8},{"damage":0,"enemies":"2 Thieves","floor":25,"turns":3},{"damage":28,"enemies":"Slavers","floor":27,"turns":6},{"damage":0,"enemies":"Centurion and Healer","floor":28,"turns":11},{"damage":13,"enemies":"Cultist and Chosen","floor":30,"turns":7},{"damage":8,"enemies":"Sentry and Sphere","floor":31,"turns":5},{"damage":45,"enemies":"Automaton","floor":33,"turns":12},{"damage":9,"enemies":"3 Shapes","floor":35,"turns":5},{"damage":13,"enemies":"Orb Walker","floor":37,"turns":4},{"damage":28,"enemies":"Jaw Worm Horde","floor":38,"turns":5},{"damage":27,"enemies":"Spire Growth","floor":40,"turns":6},{"damage":7,"enemies":"Reptomancer","floor":41,"turns":7},{"damage":37,"enemies":"Transient","floor":42,"turns":4}],"seed_played":"-1362170466370602899","potions_obtained":[{"floor":4,"key":"SkillPotion"},{"floor":6,"key":"Swift Potion"},{"floor":7,"key":"EssenceOfSteel"},{"floor":10,"key":"SmokeBomb"},{"floor":18,"key":"SteroidPotion"},{"floor":24,"key":"SteroidPotion"},{"floor":41,"key":"PowerPotion"}],"is_trial":false,"path_per_floor":["M","?","M","M","M","E","M","R","T","M","$","M","R","M","R","B",null,"M","$","?","?","T","R","E","M","T","E","M","R","M","M","R","B",null,"M","?","M","M","?","M","E","M"],"character_chosen":"DEFECT","items_purchased":["Boot"],"campfire_rested":1,"item_purchase_floors":[11],"current_hp_per_floor":[75,57,56,56,28,16,9,31,31,30,30,30,30,34,34,37,75,71,71,71,71,71,71,72,75,75,54,61,61,55,54,54,16,75,73,63,57,39,39,19,29,0],"gold":543,"neow_bonus":"ONE_RANDOM_RARE_CARD","is_prod":false,"is_daily":false,"chose_seed":false,"campfire_upgraded":5,"win_rate":0,"timestamp":1561747165,"path_taken":["M","?","M","M","M","E","M","R","T","M","$","M","R","M","R","BOSS","M","$","?","?","?","R","E","M","T","E","M","R","?","M","R","BOSS","M","?","M","M","?","?","E","M"],"build_version":"2019-01-23","purchased_purges":2,"victory":false,"max_hp_per_floor":[75,75,75,75,75,75,75,75,75,75,75,75,75,75,75,75,75,75,75,75,75,75,75,75,75,75,75,75,75,75,75,75,75,75,75,75,75,75,75,75,82,82],"card_choices":[{"not_picked":["Gash","Sweeping Beam"],"picked":"FTL","floor":1},{"not_picked":["Stack","Leap"],"picked":"Conserve Battery","floor":3},{"not_picked":["Rip and Tear","Sweeping Beam"],"picked":"Melter","floor":4},{"not_picked":["Hologram","Skim"],"picked":"Go for the Eyes","floor":5},{"not_picked":["Ball Lightning","Darkness"],"picked":"Hologram","floor":6},{"not_picked":["Redo","Recycle"],"picked":"Self Repair","floor":7},{"not_picked":["Fusion","Streamline"],"picked":"Go for the Eyes","floor":10},{"not_picked":["Ball Lightning","Electrodynamics"],"picked":"Undo","floor":12},{"not_picked":["Lockon","Redo"],"picked":"Auto Shields","floor":14},{"not_picked":["Biased Cognition","Creative AI"],"picked":"Reboot","floor":16},{"not_picked":["Streamline"],"picked":"SKIP","floor":18},{"not_picked":["Leap"],"picked":"SKIP","floor":24},{"not_picked":["Barrage"],"picked":"SKIP","floor":25},{"not_picked":["Skim"],"picked":"Chill","floor":27},{"not_picked":["Static Discharge"],"picked":"Redo+1","floor":28},{"not_picked":["Chill"],"picked":"Static Discharge+1","floor":30},{"not_picked":["Force Field"],"picked":"Beam Cell","floor":31},{"not_picked":["Buffer"],"picked":"Rainbow","floor":33},{"not_picked":["Beam Cell+1"],"picked":"Rebound+1","floor":35},{"not_picked":["HandOfGreed"],"picked":"Apotheosis","floor":36},{"not_picked":["Impatience"],"picked":"Discovery","floor":36},{"not_picked":["PanicButton"],"picked":"Purity","floor":36},{"not_picked":["Melter","Undo"],"picked":"SKIP","floor":37},{"not_picked":["Redo"],"picked":"Steam+1","floor":38},{"not_picked":["Steam Power+1"],"picked":"Double Energy+1","floor":40},{"not_picked":["FTL"],"picked":"Seek","floor":41}],"player_experience":12224,"relics_obtained":[{"floor":6,"key":"Kunai"},{"floor":9,"key":"Potion Belt"},{"floor":22,"key":"Regal Pillow"},{"floor":24,"key":"Dream Catcher"},{"floor":26,"key":"Question Card"},{"floor":27,"key":"Ancient Tea Set"},{"floor":41,"key":"Strawberry"}],"event_choices":[{"damage_healed":0,"gold_gain":0,"player_choice":"Take Damage","damage_taken":18,"relics_obtained":["Golden Idol"],"max_hp_gain":0,"max_hp_loss":0,"event_name":"Golden Idol","floor":2,"gold_loss":0},{"cards_removed":["Defend_B"],"damage_healed":0,"gold_gain":0,"player_choice":"Elegance","damage_taken":0,"max_hp_gain":0,"max_hp_loss":0,"event_name":"Back to Basics","floor":20,"gold_loss":0},{"damage_healed":0,"gold_gain":0,"player_choice":"Opened","damage_taken":0,"relics_obtained":["Gremlin Horn"],"max_hp_gain":0,"max_hp_loss":0,"event_name":"The Mausoleum","floor":21,"gold_loss":0,"cards_obtained":["Writhe"]},{"damage_healed":0,"gold_gain":0,"player_choice":"Memory 3","damage_taken":10,"max_hp_gain":0,"max_hp_loss":0,"event_name":"SensoryStone","floor":36,"gold_loss":0},{"damage_healed":0,"gold_gain":0,"player_choice":"Cursed","damage_taken":0,"max_hp_gain":0,"max_hp_loss":0,"event_name":"Wheel of Change","floor":39,"gold_loss":0,"cards_obtained":["Decay"]}],"is_beta":false,"boss_relics":[{"not_picked":["Fusion Hammer","Runic Dome"],"picked":"Busted Crown"},{"not_picked":["Tiny House","Sozu"],"picked":"Runic Pyramid"}],"items_purged_floors":[11,19],"is_endless":false,"potions_floor_spawned":[4,6,7,10,18,24,41],"killed_by":"Transient","ascension_level":0}