{"gold_per_floor":[112,287,287,15,32,32,42,42,42,73,73,100,22,49,49,152,152,167,184,259,29,46,46,80,80,80,80,95,128,128,153,153,256,256,266,286,32,32,54,97,10,10,62,95,105,122,122],"floor_reached":47,"playtime":1841,"items_purged":[],"score":817,"play_id":"1f2b57d8-bf27-4763-8592-7922fcd897ff","local_time":"20190324174143","is_ascension_mode":true,"campfire_choices":[{"data":"Bouncing Flask","floor":6.0,"key":"SMITH"},{"data":"Infinite Blades","floor":8.0,"key":"SMITH"},{"floor":15.0,"key":"REST"},{"data":"Catalyst","floor":23.0,"key":"SMITH"},{"data":"Catalyst","floor":27.0,"key":"SMITH"},{"floor":30.0,"key":"REST"},{"data":"A Thousand Cuts","floor":32.0,"key":"SMITH"}],"neow_cost":"NONE","seed_source_timestamp":0,"circlet_count":0,"master_deck":["Defend_G","Defend_G","Defend_G","Defend_G","Strike_G","Strike_G+1","Strike_G+1","Strike_G","Survivor","Neutralize","Deflect","Bouncing Flask+1","Infinite Blades+1","Catalyst+1","Bullet Time","A Thousand Cuts+1","Slice","PiercingWail","Catalyst+1","Slice+1","Finisher+1","Caltrops","Adrenaline+1","Choke+1","Accuracy+1","Caltrops+1","Slice+1","Deflect+1"],"special_seed":0,"relics":["Runic Pyramid","Dodecahedron","Membership Card","Boot","Regal Pillow","PreservedInsect","Ninja Scroll","Bag of Preparation","Empty Cage","Pantograph","HandDrill","Toxic Egg 2","MutagenicStrength","Ornamental Fan","Ancient Tea Set","Red Mask","WristBlade","Whetstone","Sling","Bronze Scales","MawBank","Art of War","Lee\u0027s Waffle","Pen Nib","Happy Flower"],"potions_floor_usage":[],"damage_taken":[{"damage":8.0,"enemies":"Jaw Worm","floor":1.0,"turns":5.0},{"damage":3.0,"enemies":"2 Louse","floor":5.0,"turns":2.0},{"damage":0.0,"enemies":"Cultist","floor":7.0,"turns":3.0},{"damage":30.0,"enemies":"3 Sentries","floor":10.0,"turns":8.0},{"damage":11.0,"enemies":"Lagavulin","floor":12.0,"turns":5.0},{"damage":6.0,"enemies":"3 Sentries","floor":14.0,"turns":5.0},{"damage":0.0,"enemies":"The Guardian","floor":16.0,"turns":8.0},{"damage":7.0,"enemies":"3 Byrds","floor":18.0,"turns":4.0},{"damage":17.0,"enemies":"2 Thieves","floor":19.0,"turns":2.0},{"damage":0.0,"enemies":"Snecko","floor":22.0,"turns":4.0},{"damage":17.0,"enemies":"Slavers","floor":24.0,"turns":4.0},{"damage":14.0,"enemies":"Shelled Parasite and Fungi","floor":28.0,"turns":4.0},{"damage":3.0,"enemies":"Gremlin Leader","floor":29.0,"turns":3.0},{"damage":0.0,"enemies":"Masked Bandits","floor":31.0,"turns":2.0},{"damage":27.0,"enemies":"Automaton","floor":33.0,"turns":7.0},{"damage":0.0,"enemies":"3 Shapes","floor":35.0,"turns":3.0},{"damage":0.0,"enemies":"Orb Walker","floor":36.0,"turns":2.0},{"damage":0.0,"enemies":"4 Shapes","floor":39.0,"turns":3.0},{"damage":5.0,"enemies":"Giant Head","floor":40.0,"turns":5.0},{"damage":0.0,"enemies":"Reptomancer","floor":44.0,"turns":2.0},{"damage":35.0,"enemies":"Writhing Mass","floor":45.0,"turns":2.0},{"damage":27.0,"enemies":"3 Darklings","floor":46.0,"turns":3.0},{"damage":39,"enemies":"Nemesis","floor":47,"turns":2}],"seed_played":"197800756708784030","potions_obtained":[{"floor":5.0,"key":"Dexterity Potion"},{"floor":16.0,"key":"Regen Potion"},{"floor":19.0,"key":"EntropicBrew"},{"floor":24.0,"key":"Energy Potion"},{"floor":28.0,"key":"Weak Potion"},{"floor":33.0,"key":"GamblersBrew"},{"floor":35.0,"key":"GhostInAJar"},{"floor":36.0,"key":"Poison Potion"},{"floor":40.0,"key":"SkillPotion"}],"is_trial":false,"path_per_floor":["M","?","T","$","M","R","M","R","T","E","?","E","$","E","R","B",null,"M","M","?","$","M","R","E","?","T","R","M","E","R","?","R","B",null,"M","M","$","?","M","E","$","?","T","E","M","M","E"],"character_chosen":"THE_SILENT","items_purchased":["Membership Card","Boot","Bullet Time","Pantograph","HandDrill","Whetstone","Sling","Bronze Scales","Lee\u0027s Waffle"],"campfire_rested":2,"item_purchase_floors":[4,4,13,21,21,37,37,37,41],"current_hp_per_floor":[62,62,62,62,59,59,59,59,59,29,29,18,18,12,48,48,70,63,55,48,48,48,48,31,31,31,31,17,14,50,50,50,43,70,70,70,70,70,70,65,77,77,77,77,42,15,0],"gold":122,"neow_bonus":"BOSS_RELIC","is_prod":false,"is_daily":false,"chose_seed":false,"campfire_upgraded":5,"win_rate":0,"timestamp":1553442103,"path_taken":["M","?","?","$","M","R","M","R","T","E","?","E","$","E","R","BOSS","M","M","?","?","?","R","E","?","T","R","M","E","R","?","R","BOSS","M","M","$","?","M","E","?","?","T","E","?","M","E"],"build_version":"2019-01-23","purchased_purges":0,"victory":false,"max_hp_per_floor":[70,70,70,70,70,70,70,70,70,70,70,70,70,70,70,70,70,70,70,70,70,70,70,70,70,70,70,70,70,70,70,70,70,70,70,70,70,70,70,70,77,77,77,77,77,77,77],"card_choices":[{"not_picked":["Deadly Poison","Distraction"],"picked":"Deflect","floor":1.0},{"not_picked":["Bane","Dash"],"picked":"Bouncing Flask","floor":5.0},{"not_picked":["Bane","Cloak And Dagger"],"picked":"Infinite Blades","floor":7.0},{"not_picked":["Endless Agony","Infinite Blades"],"picked":"Catalyst","floor":10.0},{"not_picked":["Choke","Underhanded Strike","Prepared"],"picked":"SKIP","floor":12.0},{"not_picked":["Poisoned Stab","Expertise","Choke"],"picked":"SKIP","floor":14.0},{"not_picked":["Grand Finale","Night Terror"],"picked":"A Thousand Cuts","floor":16.0},{"not_picked":["Well Laid Plans","Sucker Punch"],"picked":"Slice","floor":18.0},{"not_picked":["Underhanded Strike","Dodge and Roll"],"picked":"PiercingWail","floor":19.0},{"not_picked":["Quick Slash+1","Crippling Poison"],"picked":"Catalyst","floor":22.0},{"not_picked":["Flying Knee","Choke"],"picked":"Slice+1","floor":24.0},{"not_picked":["Eviscerate","Acrobatics+1"],"picked":"Finisher+1","floor":28.0},{"not_picked":["Sucker Punch","Night Terror+1","Tools of the Trade"],"picked":"SKIP","floor":29.0},{"not_picked":["Dash","Poisoned Stab+1"],"picked":"Caltrops","floor":31.0},{"not_picked":["Glass Knife","Grand Finale"],"picked":"Adrenaline+1","floor":33.0},{"not_picked":["Underhanded Strike","Flechettes"],"picked":"Choke+1","floor":35.0},{"not_picked":["Dodge and Roll+1","Flying Knee+1"],"picked":"PiercingWail+1","floor":36.0},{"not_picked":["Sucker Punch","Bane+1","Backflip+1"],"picked":"SKIP","floor":39.0},{"not_picked":["Phantasmal Killer+1","Dash+1"],"picked":"Accuracy+1","floor":40.0},{"not_picked":["Reflex+1","Underhanded Strike"],"picked":"Caltrops+1","floor":44.0},{"not_picked":["Prepared+1","Eviscerate+1"],"picked":"Slice+1","floor":45.0},{"not_picked":["Dash+1","Heel Hook+1"],"picked":"Deflect+1","floor":46.0}],"player_experience":499363,"relics_obtained":[{"floor":3.0,"key":"Dodecahedron"},{"floor":9.0,"key":"Regal Pillow"},{"floor":10.0,"key":"PreservedInsect"},{"floor":12.0,"key":"Ninja Scroll"},{"floor":14.0,"key":"Bag of Preparation"},{"floor":24.0,"key":"Toxic Egg 2"},{"floor":26.0,"key":"Ornamental Fan"},{"floor":29.0,"key":"Ancient Tea Set"},{"floor":31.0,"key":"Red Mask"},{"floor":40.0,"key":"Art of War"},{"floor":43.0,"key":"Pen Nib"},{"floor":44.0,"key":"Happy Flower"}],"event_choices":[{"damage_healed":0.0,"max_hp_gain":0.0,"max_hp_loss":0.0,"gold_gain":175.0,"event_name":"Liars Game","player_choice":"AGREE","floor":2.0,"gold_loss":0.0,"damage_taken":0.0,"cards_obtained":["Doubt"]},{"cards_removed":["Doubt"],"damage_healed":0.0,"max_hp_gain":0.0,"max_hp_loss":0.0,"gold_gain":0.0,"event_name":"Living Wall","player_choice":"Forget","floor":11.0,"gold_loss":0.0,"damage_taken":0.0},{"damage_healed":0.0,"max_hp_gain":0.0,"max_hp_loss":0.0,"gold_gain":75.0,"event_name":"FaceTrader","player_choice":"Touch","floor":20.0,"gold_loss":0.0,"damage_taken":7.0},{"damage_healed":0.0,"max_hp_gain":0.0,"max_hp_loss":0.0,"gold_gain":0.0,"event_name":"Drug Dealer","player_choice":"Inject Mutagens","floor":25.0,"gold_loss":0.0,"damage_taken":0.0,"relics_obtained":["MutagenicStrength"]},{"damage_healed":0.0,"max_hp_gain":0.0,"max_hp_loss":0.0,"gold_gain":0.0,"event_name":"Masked Bandits","player_choice":"Fought Bandits","floor":31.0,"gold_loss":0.0,"damage_taken":0.0},{"damage_healed":0.0,"max_hp_gain":0.0,"max_hp_loss":0.0,"gold_gain":0.0,"event_name":"WeMeetAgain","player_choice":"Gave Potion","floor":38.0,"gold_loss":0.0,"damage_taken":0.0,"relics_obtained":["MawBank"]},{"cards_removed":["PiercingWail"],"damage_healed":0.0,"max_hp_gain":0.0,"max_hp_loss":0.0,"gold_gain":0.0,"event_name":"Falling","player_choice":"Removed Skill","floor":42.0,"gold_loss":0.0,"damage_taken":0.0}],"is_beta":false,"boss_relics":[{"not_picked":["Eternal Feather","Pandora\u0027s Box"],"picked":"Empty Cage"},{"not_picked":["Fusion Hammer","Sozu"],"picked":"WristBlade"}],"items_purged_floors":[],"is_endless":false,"potions_floor_spawned":[5,16,19,24,28,33,35,36,40],"killed_by":"Nemesis","ascension_level":4}