{"path_per_floor":["M","?","$","?","$","R","E","?","T","?","M","M","M","M","R","B",null,"M","?","$","?","M","E","R","E","T","$","M","?","R","$","R","B",null,"M","M","?","?","?","E","R","M","T","?","$"],"character_chosen":"THE_SILENT","items_purchased":["Noxious Fumes","Poisoned Stab","Dagger Spray","Catalyst"],"gold_per_floor":[119,119,31,31,5,5,36,36,36,36,46,63,75,86,86,187,187,205,205,129,99,116,142,142,175,175,100,112,27,27,27,27,124,124,142,157,157,157,0,31,31,43,117,117,17],"floor_reached":46,"campfire_rested":3,"playtime":3034,"current_hp_per_floor":[70,70,70,70,70,70,70,63,63,63,63,57,59,57,57,52,70,57,57,57,57,49,29,65,48,48,48,39,39,39,39,77,40,77,40,44,44,63,63,9,47,20,20,67,67],"items_purged":["Strike_G","Writhe"],"gold":17,"score":482,"play_id":"53fd9df4-4b74-46e9-94ba-c698f35fa95c","local_time":"20180307231324","is_prod":false,"is_daily":false,"is_ascension_mode":false,"campfire_upgraded":2,"timestamp":1520457204,"path_taken":["M","?","$","?","$","R","E","?","T","?","M","M","?","M","R","BOSS","M","?","$","?","?","E","R","E","T","?","M","?","R","$","R","BOSS","M","M","?","?","?","E","R","M","T","?","?","?"],"build_version":"2018-03-01-PROD1","purchased_purges":2,"victory":false,"master_deck":["Defend_G","Defend_G","Strike_G","Strike_G","Survivor","Neutralize","Sucker Punch","Noxious Fumes+1","Poisoned Stab+1","Dagger Spray","PiercingWail","Bane","Distraction","Deadly Poison","Noxious Fumes+1","Unload","Caltrops","Catalyst","Dagger Spray","Noxious Fumes","Poisoned Stab","Dagger Throw+1","Leg Sweep+1","Corpse Explosion","Glass Knife+1","Choke+1","Die Die Die+1","Backstab","Dagger Spray+1","Blur","Predator+1","Venomology"],"max_hp_per_floor":[70,70,70,70,70,70,70,70,70,70,70,70,70,70,70,70,70,70,70,70,70,70,70,70,77,77,77,77,77,77,77,77,77,77,77,77,77,77,77,77,77,77,77,67,67],"relics":["Ring of the Snake","NeowsBlessing","Regal Pillow","Dream Catcher","Bird Faced Urn","White Beast Statue","Bottled Flame","Strawberry","Shovel","Toolbox","Bronze Scales","Astrolabe","Red Mask","Snake Skull","Gremlin Horn"],"card_choices":[{"not_picked":["Underhanded Strike","Backflip"],"picked":"Sucker Punch"},{"not_picked":["Choke","Slice"],"picked":"PiercingWail"},{"not_picked":["Acrobatics","Underhanded Strike"],"picked":"Bane"},{"not_picked":["Underhanded Strike","Backflip"],"picked":"Distraction"},{"not_picked":["Distraction","After Image"],"picked":"Deadly Poison"},{"not_picked":["Caltrops","Blade Dance"],"picked":"Noxious Fumes"},{"not_picked":["Tactician","Phantasmal Killer"],"picked":"Unload"},{"not_picked":["Flechettes","Slice"],"picked":"Caltrops"},{"not_picked":["Acrobatics","Sucker Punch"],"picked":"Dagger Spray"},{"not_picked":["Prepared","Heel Hook"],"picked":"Noxious Fumes"},{"not_picked":["Backflip","Deflect"],"picked":"Poisoned Stab"},{"not_picked":["Slice","Dagger Spray"],"picked":"Dagger Throw"},{"not_picked":["Dodge and Roll","Endless Agony"],"picked":"Leg Sweep"},{"not_picked":["Tactician","Die Die Die"],"picked":"Corpse Explosion"},{"not_picked":["Underhanded Strike","Deflect"],"picked":"Backstab"},{"not_picked":["Flying Knee","Dodge and Roll"],"picked":"Dagger Spray"},{"not_picked":["Escape Plan","All Out Attack"],"picked":"Blur"},{"not_picked":["Underhanded Strike","Quick Slash"],"picked":"Predator"},{"not_picked":["Sucker Punch","Endless Agony"],"picked":"Venomology"}],"player_experience":40494,"potions_floor_usage":[13,16,18,18,23,23,23,25,25,33,33,35,36,40,46],"damage_taken":[{"damage":0,"enemies":"Cultist","floor":1,"turns":1},{"damage":0,"enemies":"3 Sentries","floor":7,"turns":1},{"damage":0,"enemies":"Small Slimes","floor":11,"turns":1},{"damage":6,"enemies":"Jaw Worm","floor":12,"turns":4},{"damage":0,"enemies":"Large Slime","floor":13,"turns":3},{"damage":4,"enemies":"Red Slaver","floor":14,"turns":4},{"damage":9,"enemies":"Hexaghost","floor":16,"turns":8},{"damage":25,"enemies":"Spheric Guardian","floor":18,"turns":6},{"damage":12,"enemies":"Shell Parasite","floor":22,"turns":5},{"damage":26,"enemies":"Book of Stabbing","floor":23,"turns":6},{"damage":29,"enemies":"Gremlin Leader","floor":25,"turns":5},{"damage":15,"enemies":"Snecko","floor":28,"turns":5},{"damage":41,"enemies":"Automaton","floor":33,"turns":9},{"damage":37,"enemies":"3 Shapes","floor":35,"turns":3},{"damage":0,"enemies":"Orb Walker","floor":36,"turns":3},{"damage":62,"enemies":"Giant Head","floor":40,"turns":8},{"damage":31,"enemies":"4 Shapes","floor":42,"turns":3}],"event_choices":[{"event_name":"Liars Game","player_choice":"disagreed","floor":2,"damage_taken":0},{"event_name":"Upgrade Shrine","player_choice":"Upgraded","floor":4,"damage_taken":0},{"event_name":"Scrap Ooze","player_choice":"success","floor":8,"damage_taken":7},{"event_name":"Bonfire Elementals","player_choice":"BASIC","floor":10,"damage_taken":0},{"event_name":"Beggar","player_choice":"Ignored","floor":19,"damage_taken":0},{"event_name":"The Woman in Blue","player_choice":"Bought 2 Potions","floor":21,"damage_taken":0},{"event_name":"Addict","player_choice":"Obtained Relic","floor":29,"damage_taken":0},{"event_name":"Winding Halls","player_choice":"Writhe","floor":38,"damage_taken":0},{"event_name":"Tomb of Lord Red Mask","player_choice":"Paid","floor":39,"damage_taken":0},{"event_name":"The Moai Head","player_choice":"Heal","floor":44,"damage_taken":0}],"boss_relics":[{"not_picked":["Question Card","Lizard Tail"],"picked":"White Beast Statue"},{"not_picked":["Runic Dome","Tiny House"],"picked":"Astrolabe"}],"potions_floor_spawned":[11,12,14,18,22,23,25,28,33,35,36,40,42],"seed_played":"3583684877791067399","killed_by":"Sphere and 2 Shapes","ascension_level":0,"is_trial":false}