{"gold_per_floor":[114,189,189,189,74,74,102,131,131,145,145,37,57,85,85,159,159,174,89,89,89,104,130,130,140,140,140,49,61,61,75,75,150,150,160,180,180,11,35,64,64,9,36,51,51,62,62,62,62,62],"floor_reached":50,"playtime":1715,"items_purged":["Regret"],"score":907,"play_id":"3896aaba-7cac-4118-945c-7568747473be","local_time":"20190717213845","is_ascension_mode":true,"campfire_choices":[{"data":"Whirlwind","floor":6.0,"key":"SMITH"},{"floor":15.0,"key":"REST"},{"floor":24.0,"key":"RECALL"},{"floor":30.0,"key":"REST"},{"data":"Discovery","floor":32.0,"key":"SMITH"},{"floor":41.0,"key":"REST"},{"floor":45,"key":"REST"},{"floor":47,"key":"REST"},{"floor":49,"key":"REST"}],"neow_cost":"NONE","seed_source_timestamp":0,"circlet_count":0,"master_deck":["AscendersBane","Strike_R","Strike_R","Strike_R","Strike_R","Strike_R","Defend_R","Defend_R","Defend_R","Defend_R","Bash","Spot Weakness","Whirlwind+1","Fiend Fire","Disarm","Shrug It Off","Metallicize","Reaper","Sword Boomerang","Discovery+1","Demon Form","Shrug It Off+1","Feed","Searing Blow+1","Mind Blast"],"special_seed":0,"relics":["Burning Blood","Vajra","WingedGreaves","Ginger","Letter Opener","Pen Nib","Torii","Omamori","Busted Crown","PreservedInsect","Dream Catcher","Self Forming Clay","White Beast Statue","Oddly Smooth Stone","Matryoshka","Ancient Tea Set","Art of War"],"potions_floor_usage":[44,44,50,50],"damage_taken":[{"damage":10.0,"enemies":"Small Slimes","floor":1.0,"turns":3.0},{"damage":16.0,"enemies":"Gremlin Nob","floor":7.0,"turns":3.0},{"damage":40.0,"enemies":"Lagavulin","floor":8.0,"turns":5.0},{"damage":0.0,"enemies":"Jaw Worm","floor":10.0,"turns":3.0},{"damage":0.0,"enemies":"2 Louse","floor":13.0,"turns":1.0},{"damage":12.0,"enemies":"3 Sentries","floor":14.0,"turns":4.0},{"damage":12.0,"enemies":"Hexaghost","floor":16.0,"turns":11.0},{"damage":22.0,"enemies":"Shell Parasite","floor":18.0,"turns":6.0},{"damage":1.0,"enemies":"Chosen","floor":22.0,"turns":4.0},{"damage":13.0,"enemies":"Book of Stabbing","floor":23.0,"turns":4.0},{"damage":30.0,"enemies":"Snake Plant","floor":25.0,"turns":4.0},{"damage":15.0,"enemies":"Centurion and Healer","floor":29.0,"turns":3.0},{"damage":18.0,"enemies":"3 Cultists","floor":31.0,"turns":3.0},{"damage":52.0,"enemies":"Champ","floor":33.0,"turns":9.0},{"damage":44.0,"enemies":"3 Darklings","floor":35.0,"turns":6.0},{"damage":48.0,"enemies":"3 Shapes","floor":36.0,"turns":5.0},{"damage":6.0,"enemies":"Nemesis","floor":40.0,"turns":4.0},{"damage":21,"enemies":"Transient","floor":44,"turns":5},{"damage":66,"enemies":"Maw","floor":46,"turns":9},{"damage":103,"enemies":"Awakened One","floor":50,"turns":11}],"seed_played":"7298015967251272869","potions_obtained":[{"floor":4.0,"key":"EssenceOfSteel"},{"floor":4.0,"key":"AttackPotion"},{"floor":7.0,"key":"Poison Potion"},{"floor":10.0,"key":"Ancient Potion"},{"floor":16.0,"key":"Poison Potion"},{"floor":18.0,"key":"Fire Potion"},{"floor":35.0,"key":"Regen Potion"},{"floor":36.0,"key":"EntropicBrew"},{"floor":40.0,"key":"GamblersBrew"},{"floor":44,"key":"Explosive Potion"},{"floor":46,"key":"Block Potion"}],"is_trial":false,"path_per_floor":["M","?","?","?","$","R","E","E","T","M","?","$","M","E","R","B",null,"M","?","$","?","M","E","R","M","T","?","$","M","R","M","R","B",null,"M","M","?","$","T","E","R","$","T","M","R","M","R","?","R","B"],"character_chosen":"IRONCLAD","items_purchased":["Whirlwind","Fruit Juice","Discovery","Oddly Smooth Stone","Energy Potion"],"campfire_rested":6,"item_purchase_floors":[5,12,28,38,42],"current_hp_per_floor":[64,53,53,53,53,53,43,9,9,15,15,20,26,20,44,38,70,66,66,66,66,76,69,69,45,45,22,22,13,38,54,54,24,70,53,30,30,30,30,30,55,55,55,40,65,27,52,52,77,0],"gold":62,"neow_bonus":"RANDOM_COMMON_RELIC","is_prod":false,"is_daily":false,"chose_seed":false,"campfire_upgraded":2,"win_rate":0,"timestamp":1563388725,"path_taken":["M","?","?","?","$","R","E","E","T","?","?","$","M","E","R","BOSS","M","?","$","?","M","E","R","M","T","?","?","?","R","M","R","BOSS","M","M","?","$","?","E","R","$","T","M","R","M","R","?","R","BOSS"],"build_version":"2019-07-05","purchased_purges":1,"victory":false,"max_hp_per_floor":[75,75,75,75,75,75,75,75,75,75,75,80,80,80,80,80,80,80,80,80,80,80,80,80,80,80,85,85,85,85,85,85,85,85,85,85,85,85,85,85,85,85,85,85,85,85,85,85,85,85],"card_choices":[{"not_picked":["Wild Strike","Perfected Strike"],"picked":"Spot Weakness","floor":1.0},{"not_picked":["Infernal Blade","Flame Barrier"],"picked":"Fiend Fire","floor":7.0},{"not_picked":["Cleave","Second Wind","Anger"],"picked":"SKIP","floor":8.0},{"not_picked":["Clothesline","Shrug It Off"],"picked":"Disarm","floor":10.0},{"not_picked":["Sentinel","Blood for Blood"],"picked":"Shrug It Off","floor":13.0},{"not_picked":["Flex","Warcry"],"picked":"Metallicize","floor":14.0},{"not_picked":["Double Tap","Fiend Fire"],"picked":"Reaper","floor":16.0},{"not_picked":["True Grit"],"picked":"SKIP","floor":18.0},{"not_picked":["Clash+1"],"picked":"SKIP","floor":22.0},{"not_picked":["Iron Wave"],"picked":"SKIP","floor":23.0},{"not_picked":[],"picked":"Sword Boomerang","floor":25.0},{"not_picked":["Perfected Strike"],"picked":"SKIP","floor":29.0},{"not_picked":["Headbutt"],"picked":"SKIP","floor":31.0},{"not_picked":[],"picked":"Demon Form","floor":33.0},{"not_picked":["Spot Weakness+1"],"picked":"SKIP","floor":35.0},{"not_picked":[],"picked":"Shrug It Off+1","floor":36.0},{"not_picked":[],"picked":"Feed","floor":40.0},{"not_picked":["Iron Wave"],"picked":"SKIP","floor":44},{"not_picked":[],"picked":"Searing Blow+1","floor":45},{"not_picked":["Body Slam"],"picked":"SKIP","floor":46},{"not_picked":[],"picked":"Mind Blast","floor":48}],"player_experience":671100,"relics_obtained":[{"floor":7.0,"key":"Ginger"},{"floor":8.0,"key":"Letter Opener"},{"floor":9.0,"key":"Pen Nib"},{"floor":14.0,"key":"Omamori"},{"floor":23.0,"key":"Dream Catcher"},{"floor":26.0,"key":"Self Forming Clay"},{"floor":40.0,"key":"Matryoshka"},{"floor":43.0,"key":"Ancient Tea Set"},{"floor":43.0,"key":"Art of War"}],"event_choices":[{"damage_healed":0.0,"max_hp_gain":0.0,"max_hp_loss":0.0,"gold_gain":75.0,"event_name":"World of Goop","player_choice":"Gather Gold","floor":2.0,"gold_loss":0.0,"damage_taken":11.0},{"damage_healed":0.0,"max_hp_gain":0.0,"max_hp_loss":0.0,"gold_gain":0.0,"event_name":"Big Fish","player_choice":"Box","floor":3.0,"gold_loss":0.0,"damage_taken":0.0,"relics_obtained":["WingedGreaves"],"cards_obtained":["Regret"]},{"damage_healed":0.0,"max_hp_gain":0.0,"max_hp_loss":0.0,"gold_gain":0.0,"event_name":"Lab","player_choice":"Got Potions","floor":4.0,"gold_loss":0.0,"damage_taken":0.0},{"damage_healed":0.0,"max_hp_gain":0.0,"max_hp_loss":0.0,"gold_gain":0.0,"event_name":"Dead Adventurer","player_choice":"Searched \u00271\u0027 times","floor":11.0,"gold_loss":0.0,"damage_taken":0.0,"relics_obtained":["Torii"]},{"damage_healed":0.0,"max_hp_gain":0.0,"max_hp_loss":0.0,"gold_gain":0.0,"event_name":"Addict","player_choice":"Obtained Relic","floor":19.0,"gold_loss":85.0,"damage_taken":0.0,"relics_obtained":["PreservedInsect"]},{"damage_healed":0.0,"max_hp_gain":0.0,"max_hp_loss":0.0,"gold_gain":0.0,"event_name":"Ghosts","player_choice":"Ignored","floor":21.0,"gold_loss":0.0,"damage_taken":0.0},{"damage_healed":0.0,"max_hp_gain":5.0,"max_hp_loss":0.0,"gold_gain":0.0,"event_name":"Forgotten Altar","player_choice":"Shed Blood","floor":27.0,"gold_loss":0.0,"damage_taken":28.0},{"damage_healed":0.0,"max_hp_gain":0.0,"max_hp_loss":0.0,"gold_gain":0.0,"event_name":"SecretPortal","player_choice":"Ignored","floor":37.0,"gold_loss":0.0,"damage_taken":0.0},{"damage_healed":0,"gold_gain":0,"player_choice":"Memory 1","damage_taken":0,"max_hp_gain":0,"max_hp_loss":0,"event_name":"SensoryStone","floor":48,"gold_loss":0}],"is_beta":false,"boss_relics":[{"not_picked":["Runic Cube","Tiny House"],"picked":"Busted Crown"},{"not_picked":["Eternal Feather","Black Blood"],"picked":"White Beast Statue"}],"items_purged_floors":[5],"is_endless":false,"potions_floor_spawned":[7,10,16,18,22,35,36,40,44,46],"killed_by":"Awakened One","ascension_level":16}