{"path_per_floor":["M","?","M","?","?","E","M","$","T","M","M","R","E","M","R","B",null,"M","?","?","?","M","R"],"character_chosen":"IRONCLAD","items_purchased":[],"gold_per_floor":[119,119,133,83,83,113,123,48,48,65,82,82,109,119,119,218,218,233,233,233,233,247,247,247],"floor_reached":24,"campfire_rested":1,"playtime":770,"current_hp_per_floor":[80,80,80,80,80,80,77,77,77,80,80,80,76,76,76,14,80,50,50,50,50,18,42,0],"items_purged":["Defend_R"],"gold":247,"score":280,"play_id":"6fde5f25-e92d-4d53-82fe-e5bb48773b7f","local_time":"20180331203838","is_prod":false,"is_daily":false,"is_ascension_mode":true,"campfire_upgraded":2,"timestamp":1522517918,"path_taken":["M","?","M","?","?","E","M","$","T","M","M","R","E","M","R","BOSS","M","?","?","?","M","R","M"],"build_version":"2018-03-29v2","purchased_purges":2,"victory":false,"master_deck":["Defend_R","Bash","Spot Weakness","Heavy Blade","Impervious","Good Instincts","Exhume","Flex+1","Flex+1","Heavy Blade","Fire Breathing","Limit Break","Decay","Doubt","Thunderclap","Bite","Bite","Bite","Bite","Bite","Bloodletting"],"max_hp_per_floor":[80,80,80,80,80,80,80,80,80,80,80,80,80,80,80,80,80,80,80,80,80,80,80,80],"relics":["Burning Blood","NeowsBlessing","Shuriken","Calling Bell","Torii","Anchor","Blue Candle","Nloth\u0027s Gift"],"card_choices":[{"not_picked":["Disarm","Headbutt"],"picked":"Spot Weakness","floor":1},{"not_picked":["Disarm","Corruption"],"picked":"Heavy Blade","floor":3},{"not_picked":["Perfected Strike","Reckless Charge"],"picked":"Exhume","floor":6},{"not_picked":["Headbutt","Second Wind"],"picked":"Flex","floor":7},{"not_picked":["Headbutt","Armaments"],"picked":"Flex","floor":10},{"not_picked":["Sword Boomerang","Clothesline"],"picked":"Heavy Blade","floor":11},{"not_picked":["Twin Strike","Pommel Strike"],"picked":"Fire Breathing","floor":13},{"not_picked":["Juggernaut","Barricade"],"picked":"Limit Break","floor":16},{"not_picked":["Searing Blow","Cleave"],"picked":"Thunderclap","floor":18},{"not_picked":["Demon Form","Shrug It Off"],"picked":"Bloodletting","floor":22}],"player_experience":160150,"potions_floor_usage":[7,10,16,16,18,24],"damage_taken":[{"damage":0,"enemies":"2 Louse","floor":1,"turns":1},{"damage":0,"enemies":"Small Slimes","floor":3,"turns":1},{"damage":0,"enemies":"3 Sentries","floor":6,"turns":2},{"damage":9,"enemies":"Jaw Worm","floor":7,"turns":4},{"damage":2,"enemies":"Looter","floor":10,"turns":2},{"damage":4,"enemies":"Large Slime","floor":11,"turns":5},{"damage":10,"enemies":"Gremlin Nob","floor":13,"turns":4},{"damage":8,"enemies":"Exordium Thugs","floor":14,"turns":3},{"damage":70,"enemies":"Slime Boss","floor":16,"turns":10},{"damage":36,"enemies":"Shell Parasite","floor":18,"turns":5},{"damage":50,"enemies":"3 Byrds","floor":22,"turns":5},{"damage":68,"enemies":"3 Cultists","floor":24,"turns":5}],"event_choices":[{"event_name":"Living Wall","player_choice":"Forget","floor":2,"damage_taken":0},{"event_name":"The Cleric","player_choice":"Card Removal","floor":4,"damage_taken":0},{"event_name":"Match and Keep!","player_choice":"2 cards matched","floor":5,"damage_taken":0},{"event_name":"Vampires","player_choice":"Became a vampire (Vial)","floor":19,"damage_taken":0},{"event_name":"Back to Basics","player_choice":"Elegance","floor":20,"damage_taken":0},{"event_name":"N\u0027loth","player_choice":"Traded a Bag of Preparation","floor":21,"damage_taken":0}],"boss_relics":[{"not_picked":["Lizard Tail","Pandora\u0027s Box"],"picked":"Calling Bell"}],"potions_floor_spawned":[1,7,11,14,16,22],"seed_played":"863899781739944064","killed_by":"3 Cultists","ascension_level":2,"is_trial":false}