{"gold_per_floor":[119,134,134,153,164,164,19,53,53,68,68,68,81,92,92,197,197,215,215,215,215,235,235,150,183,208,226,226,245,145,163,163,163],"floor_reached":33,"playtime":1208,"items_purged":["Doubt","Defend_B"],"score":323,"play_id":"32c62733-38ad-4839-9fe3-4fb5b559c0df","local_time":"20181007160729","is_ascension_mode":true,"campfire_choices":[{"data":"Conserve Battery","floor":6,"key":"SMITH"},{"data":"Zap","floor":12,"key":"SMITH"},{"floor":15,"key":"REST"},{"data":"Defragment","floor":23,"key":"SMITH"},{"floor":32,"key":"REST"}],"neow_cost":"CURSE","seed_source_timestamp":197442492452200,"circlet_count":0,"master_deck":["Strike_B","Strike_B","Strike_B","Strike_B","Defend_B","Defend_B","Defend_B","Zap+1","Dualcast","Electrodynamics+1","Ball Lightning","Conserve Battery","Conserve Battery+1","Capacitor+1","Core Surge","Conserve Battery","Reprogram","Amplify","Defragment+1","Defragment","Loop"],"relics":["Cracked Core","Ornamental Fan","Molten Egg 2","Sozu","Meat on the Bone","Strawberry","Kunai","Oddly Smooth Stone"],"potions_floor_usage":[5,14,29],"damage_taken":[{"damage":6,"enemies":"Cultist","floor":1,"turns":3},{"damage":3,"enemies":"2 Louse","floor":2,"turns":2},{"damage":0,"enemies":"Small Slimes","floor":4,"turns":2},{"damage":3,"enemies":"3 Louse","floor":5,"turns":2},{"damage":10,"enemies":"3 Sentries","floor":8,"turns":3},{"damage":0,"enemies":"2 Fungi Beasts","floor":10,"turns":2},{"damage":17,"enemies":"Exordium Wildlife","floor":13,"turns":2},{"damage":1,"enemies":"Looter","floor":14,"turns":3},{"damage":26,"enemies":"Slime Boss","floor":16,"turns":6},{"damage":0,"enemies":"3 Byrds","floor":18,"turns":2},{"damage":11,"enemies":"2 Thieves","floor":22,"turns":2},{"damage":20,"enemies":"Gremlin Leader","floor":25,"turns":6},{"damage":29,"enemies":"Centurion and Healer","floor":27,"turns":4},{"damage":30,"enemies":"3 Cultists","floor":29,"turns":4},{"damage":0,"enemies":"Cultist and Chosen","floor":31,"turns":4},{"damage":53,"enemies":"Collector","floor":33,"turns":5}],"seed_played":"4191023739296686952","potions_obtained":[{"floor":1,"key":"SteroidPotion"},{"floor":10,"key":"AttackPotion"},{"floor":16,"key":"FocusPotion"}],"is_trial":false,"path_per_floor":["M","M","?","M","M","R","$","E","T","M","?","R","M","M","R","B",null,"M","?","?","?","M","R","?","E","T","M","?","M","$","M","R"],"character_chosen":"DEFECT","items_purchased":["Capacitor"],"campfire_rested":2,"item_purchase_floors":[7],"current_hp_per_floor":[69,66,66,66,63,63,63,53,53,53,53,53,36,35,57,31,75,75,75,75,75,64,64,71,51,51,34,34,16,16,28,52,0],"gold":163,"neow_bonus":"THREE_RARE_CARDS","is_prod":false,"is_daily":false,"chose_seed":false,"campfire_upgraded":3,"win_rate":0,"timestamp":1538917649,"path_taken":["M","?","?","?","M","R","$","E","T","M","?","R","M","M","R","BOSS","M","?","?","?","M","R","?","E","T","?","?","M","$","M","R","BOSS"],"build_version":"2018-10-04v2","purchased_purges":2,"victory":false,"max_hp_per_floor":[75,75,75,75,75,75,75,75,75,75,75,75,75,75,75,75,75,75,75,75,75,75,75,82,82,82,82,82,82,82,82,82,82],"card_choices":[{"not_picked":["Core Surge","Buffer"],"picked":"Electrodynamics","floor":0},{"not_picked":["Go for the Eyes","Beam Cell"],"picked":"Ball Lightning","floor":1},{"not_picked":["Reinforced Body","Hello World"],"picked":"Conserve Battery","floor":2},{"not_picked":["Sweeping Beam","Redo"],"picked":"Conserve Battery","floor":4},{"not_picked":["Barrage","Static Discharge","Melter"],"picked":"SKIP","floor":5},{"not_picked":["Rip and Tear","Leap"],"picked":"Core Surge","floor":8},{"not_picked":["Blizzard+1","Streamline+1"],"picked":"Conserve Battery","floor":10},{"not_picked":["Stack","Redo"],"picked":"Reprogram","floor":13},{"not_picked":["Streamline+1","Conserve Battery","Undo"],"picked":"SKIP","floor":14},{"not_picked":["Machine Learning","Echo Form"],"picked":"Amplify","floor":16},{"not_picked":["Reinforced Body","Redo+1","Streamline+1"],"picked":"SKIP","floor":18},{"not_picked":["Conserve Battery","Steam","Coolheaded"],"picked":"SKIP","floor":22},{"not_picked":["Aggregate","Beam Cell+1"],"picked":"Defragment","floor":25},{"not_picked":["Barrage+1","Streamline+1"],"picked":"Loop","floor":27},{"not_picked":["Go for the Eyes+1","Amplify","Beam Cell+1"],"picked":"SKIP","floor":29},{"not_picked":["Redo+1","BootSequence","Streamline+1"],"picked":"SKIP","floor":31}],"player_experience":425610,"relics_obtained":[{"floor":8,"key":"Ornamental Fan"},{"floor":9,"key":"Molten Egg 2"},{"floor":25,"key":"Kunai"},{"floor":26,"key":"Oddly Smooth Stone"}],"event_choices":[{"event_name":"Upgrade Shrine","player_choice":"Upgraded","floor":3,"damage_taken":0},{"event_name":"Accursed Blacksmith","player_choice":"Forge","floor":11,"damage_taken":0},{"event_name":"The Mausoleum","player_choice":"Yes","floor":19,"damage_taken":0},{"event_name":"Back to Basics","player_choice":"Elegance","floor":20,"damage_taken":0},{"event_name":"The Library","player_choice":"Read","floor":21,"damage_taken":0},{"event_name":"Addict","player_choice":"Obtained Relic","floor":24,"damage_taken":0},{"event_name":"N\u0027loth","player_choice":"Ignored","floor":28,"damage_taken":0}],"is_beta":false,"boss_relics":[{"not_picked":["Lizard Tail","Black Star"],"picked":"Sozu"}],"items_purged_floors":[7,30],"is_endless":false,"potions_floor_spawned":[1,10,16,18,25,31],"killed_by":"Collector","ascension_level":4}