{"gold_per_floor":[118,129,143,143,218,262,262,262,310,348,2,2,2,27,27,27],"floor_reached":16,"playtime":387,"items_purged":[],"score":173,"play_id":"92d113f5-12ac-4ce5-83ac-5ce0670dbcec","local_time":"20190108202731","is_ascension_mode":true,"campfire_choices":[{"floor":7.0,"key":"REST"},{"floor":12.0,"key":"REST"},{"data":"Infernal Blade","floor":15.0,"key":"SMITH"}],"neow_cost":"NONE","seed_source_timestamp":0,"circlet_count":0,"master_deck":["AscendersBane","Strike_R","Strike_R","Strike_R+1","Strike_R","Strike_R","Defend_R","Defend_R","Defend_R","Defend_R+1","Bash+1","Clothesline","Iron Wave","Flex+1","Thunderclap","Infernal Blade+1","Shrug It Off"],"special_seed":0,"relics":["Burning Blood","NeowsBlessing","Golden Idol","Omamori","Whetstone","Ancient Tea Set","Turnip","Pear"],"potions_floor_usage":[16,16],"damage_taken":[{"damage":0.0,"enemies":"Jaw Worm","floor":1.0,"turns":1.0},{"damage":0.0,"enemies":"Small Slimes","floor":2.0,"turns":1.0},{"damage":0.0,"enemies":"2 Louse","floor":3.0,"turns":1.0},{"damage":31.0,"enemies":"Lagavulin","floor":6.0,"turns":6.0},{"damage":8.0,"enemies":"Gremlin Nob","floor":10.0,"turns":3.0},{"damage":11.0,"enemies":"Looter","floor":14.0,"turns":3.0},{"damage":60,"enemies":"Hexaghost","floor":16,"turns":10}],"seed_played":"6979130483991950267","potions_obtained":[{"floor":3.0,"key":"EssenceOfSteel"},{"floor":6.0,"key":"Strength Potion"},{"floor":14.0,"key":"Fire Potion"}],"is_trial":false,"path_per_floor":["M","M","M","?","?","E","R","?","T","E","$","R","T","M","R","B"],"character_chosen":"IRONCLAD","items_purchased":["Turnip","Explosive Potion"],"campfire_rested":2,"item_purchase_floors":[11,11],"current_hp_per_floor":[78,80,80,60,49,24,48,32,32,30,30,54,64,59,59,0],"gold":27,"neow_bonus":"THREE_ENEMY_KILL","is_prod":false,"is_daily":false,"chose_seed":false,"campfire_upgraded":1,"win_rate":0,"timestamp":1546972051,"path_taken":["M","M","M","?","?","E","R","?","T","E","$","R","?","M","R","BOSS"],"build_version":"2019-01-03v4","purchased_purges":0,"victory":false,"max_hp_per_floor":[80,80,80,80,80,80,80,80,80,80,80,80,90,90,90,90],"card_choices":[{"not_picked":["Burning Pact","Havoc"],"picked":"Clothesline","floor":1.0},{"not_picked":["True Grit","Battle Trance"],"picked":"Iron Wave","floor":2.0},{"not_picked":["Blood for Blood","Entrench"],"picked":"Flex","floor":3.0},{"not_picked":["Uppercut","Bloodletting"],"picked":"Thunderclap","floor":6.0},{"not_picked":["Pommel Strike","Sever Soul"],"picked":"Infernal Blade","floor":10.0},{"not_picked":["Rupture","Shockwave"],"picked":"Shrug It Off","floor":14.0}],"player_experience":476561,"relics_obtained":[{"floor":6.0,"key":"Omamori"},{"floor":9.0,"key":"Whetstone"},{"floor":10.0,"key":"Ancient Tea Set"},{"floor":13.0,"key":"Pear"}],"event_choices":[{"damage_healed":0.0,"max_hp_gain":0.0,"max_hp_loss":0.0,"gold_gain":0.0,"event_name":"Golden Idol","player_choice":"Take Damage","floor":4.0,"gold_loss":0.0,"damage_taken":20.0,"relics_obtained":["Golden Idol"]},{"damage_healed":0.0,"max_hp_gain":0.0,"max_hp_loss":0.0,"gold_gain":75.0,"event_name":"World of Goop","player_choice":"Gather Gold","floor":5.0,"gold_loss":0.0,"damage_taken":11.0},{"damage_healed":0.0,"max_hp_gain":0.0,"max_hp_loss":0.0,"gold_gain":0.0,"event_name":"Shining Light","player_choice":"Entered Light","floor":8.0,"gold_loss":0.0,"damage_taken":16.0,"cards_upgraded":["Flex","Defend_R"]}],"is_beta":false,"boss_relics":[],"items_purged_floors":[],"is_endless":false,"potions_floor_spawned":[3,6,14],"killed_by":"Hexaghost","ascension_level":12}