{"gold_per_floor":[118,118,118,138,138,138,152,152,231,231,231,244,262,292,292,395,395,405,370,380,458,477,477],"floor_reached":23,"playtime":781,"items_purged":[],"score":229,"play_id":"c0246a12-5d73-4aaa-b4d2-8f0aced3565a","local_time":"20180905184411","is_ascension_mode":true,"campfire_choices":[{"data":"White Noise","floor":6,"key":"SMITH"},{"data":"Zap","floor":10,"key":"SMITH"},{"data":"Dualcast","floor":15,"key":"SMITH"}],"neow_cost":"","seed_source_timestamp":352790439355810,"circlet_count":0,"master_deck":["Strike_B","Strike_B","Strike_B","Strike_B","Defend_B","Defend_B","Defend_B","Defend_B","Zap+1","Dualcast+1","White Noise+1","BootSequence","Buffer","Melter+1"],"relics":["Cracked Core","Vajra","Matryoshka","SsserpentHead","Bag of Preparation","Nuclear Battery","Singing Bowl","Red Mask"],"potions_floor_usage":[4,14,16,16,16,16,18,22,23],"damage_taken":[{"damage":5,"enemies":"2 Louse","floor":1,"turns":2},{"damage":1,"enemies":"Cultist","floor":4,"turns":3},{"damage":9,"enemies":"Small Slimes","floor":7,"turns":2},{"damage":6,"enemies":"Blue Slaver","floor":12,"turns":3},{"damage":4,"enemies":"Red Slaver","floor":13,"turns":3},{"damage":10,"enemies":"3 Sentries","floor":14,"turns":4},{"damage":23,"enemies":"The Guardian","floor":16,"turns":7},{"damage":0,"enemies":"Spheric Guardian","floor":18,"turns":3},{"damage":6,"enemies":"2 Thieves","floor":20,"turns":4},{"damage":0,"enemies":"Masked Bandits","floor":21,"turns":2},{"damage":0,"enemies":"Snecko","floor":22,"turns":6},{"damage":81,"enemies":"Gremlin Leader","floor":23,"turns":5}],"seed_played":"-3725562043253661311","potions_obtained":[{"floor":1,"key":"Strength Potion"},{"floor":3,"key":"Regen Potion"},{"floor":3,"key":"FocusPotion"},{"floor":3,"key":"EntropicBrew"},{"floor":4,"key":"Swift Potion"},{"floor":13,"key":"AttackPotion"},{"floor":20,"key":"AttackPotion"},{"floor":21,"key":"FearPotion"}],"is_trial":false,"path_per_floor":["M","?","?","M","?","R","M","?","T","R","?","M","M","E","R","B",null,"M","?","M","?","M"],"character_chosen":"DEFECT","items_purchased":[],"campfire_rested":0,"item_purchase_floors":[],"current_hp_per_floor":[70,67,67,74,74,74,65,65,65,65,65,59,55,45,45,37,75,75,75,71,73,75,0],"gold":477,"neow_bonus":"","is_prod":false,"is_daily":false,"chose_seed":false,"campfire_upgraded":3,"win_rate":0,"timestamp":1536162251,"path_taken":["M","?","?","M","?","R","M","?","T","R","?","M","M","E","R","BOSS","M","?","M","?","M","E"],"build_version":"2018-08-30","purchased_purges":0,"victory":false,"max_hp_per_floor":[75,75,75,75,75,75,75,75,75,75,75,75,75,75,75,75,75,75,75,77,79,81,81],"card_choices":[{"not_picked":["Consume","Capacitor"],"picked":"White Noise","floor":1},{"not_picked":["Cold Snap","Capacitor","Rebound"],"picked":"SKIP","floor":4},{"not_picked":["Static Discharge","Gash","Redo"],"picked":"SKIP","floor":7},{"not_picked":["Barrage","Biased Cognition"],"picked":"BootSequence","floor":12},{"not_picked":["Gash","Auto Shields","Go for the Eyes"],"picked":"SKIP","floor":13},{"not_picked":["Sunder","Hologram","Heatsinks"],"picked":"SKIP","floor":14},{"not_picked":["Meteor Strike","Biased Cognition"],"picked":"Buffer","floor":16},{"not_picked":["Cold Snap+1","Hologram+1"],"picked":"Melter+1","floor":18},{"not_picked":["Auto Shields+1","Coolheaded","Turbo+1"],"picked":"Singing Bowl","floor":20},{"not_picked":["Streamline","Beam Cell+1","Cold Snap"],"picked":"Singing Bowl","floor":21},{"not_picked":["Fusion","Stack","Hologram+1"],"picked":"Singing Bowl","floor":22}],"player_experience":355982,"relics_obtained":[{"floor":9,"key":"Matryoshka"},{"floor":14,"key":"Bag of Preparation"},{"floor":21,"key":"Red Mask"}],"event_choices":[{"event_name":"Scrap Ooze","player_choice":"success","floor":2,"damage_taken":3},{"event_name":"The Lab","player_choice":"Got Potions","floor":3,"damage_taken":0},{"event_name":"Wheel of Change","player_choice":"Curse","floor":5,"damage_taken":0},{"event_name":"Living Wall","player_choice":"Forget","floor":8,"damage_taken":0},{"event_name":"FaceTrader","player_choice":"Trade","floor":11,"damage_taken":0},{"event_name":"Addict","player_choice":"Obtained Relic","floor":19,"damage_taken":0},{"event_name":"Masked Bandits","player_choice":"Fought Bandits","floor":21,"damage_taken":0}],"is_beta":false,"boss_relics":[{"not_picked":["Coffee Dripper","Runic Dome"],"picked":"Nuclear Battery"}],"items_purged_floors":[],"is_endless":false,"potions_floor_spawned":[1,4,13,20,21],"killed_by":"Gremlin Leader","ascension_level":4}