{"gold_per_floor":[116,116,42,61,78,110,110,110,137,161,183,227,239,251,263,370,382,405,417,446,469,46,46,65,65,90,106,136,136,162,162],"floor_reached":31,"playtime":1882,"items_purged":[],"score":285,"play_id":"3364f792-4604-4c11-a3aa-26312f81acf5","local_time":"20190711001433","is_ascension_mode":false,"campfire_choices":[{"data":"Neutralize","floor":8,"key":"SMITH"},{"data":"Backflip","floor":13,"key":"SMITH"},{"floor":15,"key":"REST"},{"data":"Burst","floor":23,"key":"SMITH"},{"data":"Outmaneuver","floor":25,"key":"SMITH"},{"floor":29,"key":"RECALL"}],"neow_cost":"NONE","seed_source_timestamp":40507070293495,"circlet_count":0,"master_deck":["Strike_G","Strike_G","Strike_G","Strike_G","Strike_G","Defend_G","Defend_G+1","Defend_G","Defend_G","Defend_G+1","Survivor","Neutralize+1","Prepared","Noxious Fumes+1","Backflip+1","PiercingWail","Well Laid Plans","Backstab","Burst+1","Backflip","Outmaneuver+1","Apotheosis+1","PiercingWail+1","Footwork","Outmaneuver+1","Calculated Gamble+1"],"relics":["Ring of the Snake","Pantograph","Bottled Lightning","MawBank","War Paint","Philosopher\u0027s Stone","Toxic Egg 2","Juzu Bracelet","Bag of Preparation"],"potions_floor_usage":[6,11,12,12,12,20,28,28],"damage_taken":[{"damage":6,"enemies":"Cultist","floor":1,"turns":5},{"damage":0,"enemies":"Small Slimes","floor":4,"turns":4},{"damage":0,"enemies":"Jaw Worm","floor":5,"turns":5},{"damage":38,"enemies":"Lagavulin","floor":6,"turns":10},{"damage":0,"enemies":"Blue Slaver","floor":10,"turns":4},{"damage":4,"enemies":"Exordium Thugs","floor":11,"turns":4},{"damage":5,"enemies":"Gremlin Nob","floor":12,"turns":5},{"damage":24,"enemies":"The Guardian","floor":16,"turns":14},{"damage":13,"enemies":"3 Byrds","floor":18,"turns":7},{"damage":5,"enemies":"Spheric Guardian","floor":20,"turns":6},{"damage":3,"enemies":"Snake Plant","floor":21,"turns":8},{"damage":2,"enemies":"Shelled Parasite and Fungi","floor":24,"turns":9},{"damage":2,"enemies":"Centurion and Healer","floor":27,"turns":9},{"damage":1,"enemies":"Slavers","floor":28,"turns":9},{"damage":6,"enemies":"Book of Stabbing","floor":30,"turns":9},{"damage":69,"enemies":"Chosen and Byrds","floor":31,"turns":10}],"seed_played":"3287683798871878918","potions_obtained":[{"floor":0,"key":"Explosive Potion"},{"floor":0,"key":"SpeedPotion"},{"floor":0,"key":"EssenceOfSteel"},{"floor":10,"key":"Weak Potion"},{"floor":11,"key":"EssenceOfSteel"},{"floor":16,"key":"FearPotion"},{"floor":18,"key":"Block Potion"},{"floor":20,"key":"Dexterity Potion"},{"floor":30,"key":"FearPotion"}],"is_trial":false,"path_per_floor":["M","T","$","M","M","E","?","R","T","M","M","E","R","$","R","B",null,"M","?","M","M","$","R","M","R","T","M","E","R","E","M"],"character_chosen":"THE_SILENT","items_purchased":["Noxious Fumes","Toxic Egg 2","Apotheosis+1"],"campfire_rested":1,"item_purchase_floors":[3,22,22],"current_hp_per_floor":[64,64,64,64,64,26,26,26,26,26,22,17,17,17,38,39,70,57,80,75,72,72,72,70,70,70,68,67,67,61,0],"gold":162,"neow_bonus":"THREE_SMALL_POTIONS","is_prod":false,"is_daily":false,"chose_seed":false,"campfire_upgraded":4,"win_rate":0,"timestamp":1562796873,"path_taken":["M","?","?","M","M","E","?","R","T","M","M","E","R","?","R","BOSS","M","?","M","M","?","R","M","R","T","M","E","R","E","M"],"build_version":"2019-07-05","purchased_purges":0,"victory":false,"max_hp_per_floor":[70,70,70,70,70,70,70,70,70,70,70,70,70,70,70,70,70,70,80,80,80,80,80,80,80,80,80,80,80,80,80],"card_choices":[{"not_picked":["Blade Dance","Deadly Poison"],"picked":"Prepared","floor":1},{"not_picked":["Flying Knee","Outmaneuver"],"picked":"Backflip","floor":4},{"not_picked":["Slice","Predator"],"picked":"PiercingWail","floor":5},{"not_picked":["Bane","Blade Dance"],"picked":"Well Laid Plans","floor":6},{"not_picked":["Flying Knee","Cloak And Dagger"],"picked":"Backstab","floor":10},{"not_picked":["Flying Knee","Catalyst"],"picked":"Doppelganger","floor":11},{"not_picked":["Choke","Cloak And Dagger","Underhanded Strike"],"picked":"SKIP","floor":12},{"not_picked":["Doppelganger","Unload"],"picked":"Burst","floor":16},{"not_picked":["Dagger Spray","Dodge and Roll","Heel Hook"],"picked":"SKIP","floor":18},{"not_picked":["Cloak And Dagger+1","Flying Knee"],"picked":"Backflip","floor":20},{"not_picked":["Deadly Poison+1","Dodge and Roll"],"picked":"Outmaneuver","floor":21},{"not_picked":["Crippling Poison+1","Underhanded Strike"],"picked":"PiercingWail+1","floor":24},{"not_picked":["Bane","PiercingWail+1"],"picked":"Footwork","floor":27},{"not_picked":["Sucker Punch","Deflect+1"],"picked":"Outmaneuver+1","floor":28},{"not_picked":["Tools of the Trade","Infinite Blades+1"],"picked":"Calculated Gamble+1","floor":30}],"player_experience":77470,"relics_obtained":[{"floor":2,"key":"Pantograph"},{"floor":6,"key":"Bottled Lightning"},{"floor":9,"key":"MawBank"},{"floor":12,"key":"War Paint"},{"floor":28,"key":"Juzu Bracelet"},{"floor":30,"key":"Bag of Preparation"}],"event_choices":[{"damage_healed":0,"gold_gain":0,"player_choice":"Grow","damage_taken":0,"max_hp_gain":0,"max_hp_loss":0,"event_name":"Living Wall","floor":7,"gold_loss":0,"cards_upgraded":["Noxious Fumes"]},{"cards_removed":["Doppelganger"],"damage_healed":13,"gold_gain":0,"player_choice":"Offered Rare","damage_taken":0,"max_hp_gain":10,"max_hp_loss":0,"event_name":"Bonfire Elementals","floor":19,"gold_loss":0}],"is_beta":false,"boss_relics":[{"not_picked":["Fusion Hammer","White Beast Statue"],"picked":"Philosopher\u0027s Stone"}],"items_purged_floors":[],"is_endless":false,"potions_floor_spawned":[1,5,10,11,16,18,20,30],"killed_by":"Chosen and Byrds","ascension_level":0}