{"gold_per_floor":[18,33,33,10,26,26,55,55,55,83,83,97,108,283,283,382,382,400,414,414,427,447,447,476,476,476,494,547,559,572,268,268,268],"floor_reached":33,"playtime":1689,"items_purged":["Strike_R"],"score":279,"play_id":"86e50274-84d7-41b8-af34-49c214c5dd89","local_time":"20190708000546","is_ascension_mode":false,"campfire_choices":[{"data":"Shrug It Off","floor":6,"key":"SMITH"},{"data":"Anger","floor":8,"key":"SMITH"},{"data":"Carnage","floor":11,"key":"SMITH"},{"data":"Armaments","floor":15,"key":"SMITH"},{"data":"Seeing Red","floor":23,"key":"SMITH"},{"data":"Seeing Red","floor":25,"key":"SMITH"},{"data":"Double Tap","floor":32,"key":"SMITH"}],"neow_cost":"NO_GOLD","seed_source_timestamp":17650681480508,"circlet_count":0,"master_deck":["Strike_R","Strike_R","Strike_R","Defend_R","Defend_R","Defend_R","Defend_R","Bash","Pommel Strike","Shrug It Off+1","Shrug It Off","Anger+1","Thunderclap","Carnage+1","Metallicize","Headbutt","Armaments+1","Intimidate","Seeing Red+1","Doubt","Juggernaut","Seeing Red+1","Dropkick","Double Tap+1","Barricade","True Grit","Evolve+1","Spot Weakness+1","Inflame","Warcry","Bandage Up"],"relics":["Burning Blood","Prayer Wheel","Gremlin Horn","Kunai","Bronze Scales","Pantograph","Runic Pyramid","Thread and Needle","Bottled Flame","PreservedInsect","Ancient Tea Set"],"potions_floor_usage":[7,21,21,24,24,24,33],"damage_taken":[{"damage":1,"enemies":"Cultist","floor":1,"turns":3},{"damage":0,"enemies":"2 Louse","floor":2,"turns":3},{"damage":0,"enemies":"Small Slimes","floor":5,"turns":2},{"damage":9,"enemies":"Gremlin Nob","floor":7,"turns":4},{"damage":18,"enemies":"Lagavulin","floor":10,"turns":4},{"damage":1,"enemies":"Red Slaver","floor":12,"turns":4},{"damage":0,"enemies":"Gremlin Gang","floor":13,"turns":3},{"damage":27,"enemies":"Slime Boss","floor":16,"turns":10},{"damage":2,"enemies":"Chosen","floor":18,"turns":4},{"damage":8,"enemies":"Spheric Guardian","floor":19,"turns":5},{"damage":14,"enemies":"3 Cultists","floor":21,"turns":6},{"damage":20,"enemies":"Shelled Parasite and Fungi","floor":22,"turns":5},{"damage":24,"enemies":"Slavers","floor":24,"turns":5},{"damage":15,"enemies":"Snecko","floor":27,"turns":5},{"damage":2,"enemies":"Cultist and Chosen","floor":29,"turns":6},{"damage":5,"enemies":"Centurion and Healer","floor":30,"turns":6},{"damage":87,"enemies":"Collector","floor":33,"turns":8}],"seed_played":"-8139422969839774708","potions_obtained":[{"floor":2,"key":"Block Potion"},{"floor":10,"key":"LiquidBronze"},{"floor":12,"key":"Strength Potion"},{"floor":13,"key":"PowerPotion"},{"floor":21,"key":"Regen Potion"},{"floor":22,"key":"GamblersBrew"},{"floor":27,"key":"Poison Potion"}],"is_trial":false,"path_per_floor":["M","M","?","$","M","R","E","R","T","E","R","M","M","?","R","B",null,"M","M","?","M","M","R","E","R","T","M","T","M","M","$","R","B"],"character_chosen":"IRONCLAD","items_purchased":["Thunderclap","Bandage Up","Ancient Tea Set"],"campfire_rested":0,"item_purchase_floors":[4,31,31],"current_hp_per_floor":[80,80,80,80,80,80,77,77,77,65,65,70,76,76,76,59,80,80,78,78,70,56,56,52,52,52,43,43,47,48,48,48,0],"gold":268,"neow_bonus":"ONE_RARE_RELIC","is_prod":false,"is_daily":false,"chose_seed":false,"campfire_upgraded":7,"win_rate":0,"timestamp":1562537146,"path_taken":["M","M","?","$","?","R","E","R","T","E","R","M","?","?","R","BOSS","M","M","?","M","?","R","E","R","T","?","?","M","M","$","R","BOSS"],"build_version":"2019-07-05","purchased_purges":1,"victory":false,"max_hp_per_floor":[80,80,80,80,80,80,80,80,80,80,80,80,80,80,80,80,80,80,80,80,80,80,80,80,80,80,80,80,80,80,80,80,80],"card_choices":[{"not_picked":["Heavy Blade","Fire Breathing"],"picked":"Pommel Strike","floor":1},{"not_picked":["Battle Trance","Iron Wave"],"picked":"Shrug It Off","floor":1},{"not_picked":["Headbutt","Hemokinesis"],"picked":"Shrug It Off","floor":2},{"not_picked":["Shrug It Off","Twin Strike"],"picked":"Anger","floor":2},{"not_picked":["Combust","Headbutt"],"picked":"Carnage","floor":5},{"not_picked":["Sword Boomerang","Anger"],"picked":"Metallicize","floor":5},{"not_picked":["Body Slam","Heavy Blade"],"picked":"Headbutt","floor":7},{"not_picked":["Sword Boomerang","Second Wind"],"picked":"Armaments","floor":10},{"not_picked":["Pommel Strike","Bludgeon"],"picked":"Intimidate","floor":12},{"not_picked":["Twin Strike","Perfected Strike","Shrug It Off"],"picked":"SKIP","floor":12},{"not_picked":["Shrug It Off","Flex"],"picked":"Seeing Red","floor":13},{"not_picked":["Perfected Strike","Iron Wave","Anger"],"picked":"SKIP","floor":13},{"not_picked":["Bludgeon","Limit Break"],"picked":"Juggernaut","floor":16},{"not_picked":["Twin Strike","Carnage"],"picked":"Seeing Red","floor":18},{"not_picked":["Clash","Armaments","Shrug It Off"],"picked":"SKIP","floor":18},{"not_picked":["Thunderclap","Armaments"],"picked":"Dropkick","floor":19},{"not_picked":["True Grit","Iron Wave+1"],"picked":"Double Tap","floor":19},{"not_picked":["Pommel Strike","Searing Blow","Headbutt"],"picked":"SKIP","floor":21},{"not_picked":["Thunderclap","Pommel Strike","Headbutt"],"picked":"SKIP","floor":21},{"not_picked":["Power Through","Warcry"],"picked":"True Grit","floor":22},{"not_picked":["Twin Strike","Anger","Cleave"],"picked":"SKIP","floor":22},{"not_picked":["Armaments","Dropkick"],"picked":"Evolve+1","floor":24},{"not_picked":["Clash","Corruption+1"],"picked":"Spot Weakness+1","floor":27},{"not_picked":["Armaments","Sword Boomerang"],"picked":"Inflame","floor":27},{"not_picked":["Perfected Strike","Hemokinesis+1","Twin Strike+1"],"picked":"SKIP","floor":29},{"not_picked":["Bludgeon","Evolve","Heavy Blade"],"picked":"SKIP","floor":29},{"not_picked":["Headbutt+1","Wild Strike"],"picked":"Warcry","floor":30},{"not_picked":["Corruption","Anger","Twin Strike"],"picked":"SKIP","floor":30}],"player_experience":41606,"relics_obtained":[{"floor":3,"key":"Gremlin Horn"},{"floor":7,"key":"Kunai"},{"floor":9,"key":"Bronze Scales"},{"floor":10,"key":"Pantograph"},{"floor":24,"key":"Thread and Needle"},{"floor":26,"key":"Bottled Flame"},{"floor":28,"key":"PreservedInsect"}],"event_choices":[{"damage_healed":0,"gold_gain":0,"player_choice":"Relic","damage_taken":0,"max_hp_gain":0,"max_hp_loss":0,"event_name":"Wheel of Change","floor":3,"gold_loss":0},{"damage_healed":0,"gold_gain":175,"player_choice":"AGREE","damage_taken":0,"max_hp_gain":0,"max_hp_loss":0,"event_name":"Liars Game","floor":14,"gold_loss":0,"cards_obtained":["Doubt"]},{"damage_healed":0,"gold_gain":0,"cards_transformed":["Strike_R"],"player_choice":"Transformed","damage_taken":0,"max_hp_gain":0,"max_hp_loss":0,"event_name":"Transmorgrifier","floor":20,"gold_loss":0,"cards_obtained":["Barricade"]}],"is_beta":false,"boss_relics":[{"not_picked":["Black Blood","Runic Dome"],"picked":"Runic Pyramid"}],"items_purged_floors":[31],"is_endless":false,"potions_floor_spawned":[2,10,12,13,21,22,27],"killed_by":"Collector","ascension_level":0}