{"path_per_floor":["M","?","M","?","M","E","R","E","T","R","M","?","?","E","R","B",null,"M","?","?","M","M","R","M","$","T","M","?","?","T","E","R","B",null,"M","$","?","M","M","R","?","$","T","?","?","M","R","M","R"],"character_chosen":"IRONCLAD","items_purchased":["Pen Nib","Anchor"],"gold_per_floor":[116,66,80,80,95,128,128,155,179,179,191,191,171,201,201,300,300,315,315,315,334,348,348,364,134,134,146,96,96,96,130,130,234,234,246,146,146,166,181,181,181,34,58,103,0,17,17,31,31,31],"floor_reached":50,"campfire_rested":4,"playtime":1726,"current_hp_per_floor":[75,75,80,64,70,28,52,35,35,59,63,63,63,60,60,48,72,61,46,46,14,22,47,13,13,13,19,19,19,19,13,25,10,34,35,35,30,35,41,41,31,31,31,33,33,39,39,35,35,0],"items_purged":["Writhe","Defend_R"],"gold":31,"score":671,"play_id":"c3f3c716-c239-4891-b26f-c53ccdf79d9e","local_time":"20180420093230","is_prod":false,"is_daily":false,"chose_seed":false,"is_ascension_mode":true,"campfire_upgraded":2,"timestamp":1524205950,"path_taken":["M","?","M","?","M","E","R","E","T","R","M","?","?","E","R","BOSS","M","?","?","?","M","R","?","$","T","M","?","?","?","E","R","BOSS","M","$","?","?","M","R","?","?","T","?","?","M","R","M","R","BOSS"],"build_version":"2018-04-19","seed_source_timestamp":305092852136973,"purchased_purges":2,"victory":false,"master_deck":["Strike_R+1","Strike_R+1","Defend_R","Defend_R+1","Defend_R","Bash","Cleave+1","Flex","Metallicize+1","Impervious","Bludgeon","Spot Weakness","Inflame","Spot Weakness","Ghostly","Ghostly","Ghostly","Ghostly","Ghostly","Searing Blow+1","Offering","Madness+1","Madness","Panacea","Mind Blast","Transmutation"],"max_hp_per_floor":[80,80,80,80,80,80,80,80,80,80,80,80,80,80,80,80,80,80,85,85,85,85,85,85,85,85,85,85,42,42,42,42,42,42,42,42,42,42,42,42,42,42,42,42,42,42,42,42,42,42],"relics":["Burning Blood","Bronze Scales","Happy Flower","Vajra","Whetstone","Mark of Pain","Torii","Pen Nib","Bottled Lightning","Orichalcum","Peace Pipe","Velvet Choker","Anchor","Blood Vial","Girya","Red Mask"],"card_choices":[{"not_picked":["Havoc","Second Wind"],"picked":"Cleave","floor":3},{"not_picked":["Headbutt","Thunderclap"],"picked":"Flex","floor":5},{"not_picked":["Inflame","Armaments"],"picked":"Metallicize","floor":6},{"not_picked":["Havoc","True Grit"],"picked":"Impervious","floor":8},{"not_picked":["Reaper","Fiend Fire"],"picked":"Bludgeon","floor":16},{"not_picked":["Fire Breathing","Wild Strike"],"picked":"Spot Weakness","floor":18},{"not_picked":["Iron Wave","Clothesline"],"picked":"Inflame","floor":24},{"not_picked":["Flex","Corruption"],"picked":"Spot Weakness","floor":27},{"not_picked":["Clothesline","Sever Soul"],"picked":"Searing Blow","floor":31},{"not_picked":["Dark Embrace","Bludgeon"],"picked":"Offering","floor":33},{"not_picked":["Madness","Swift Strike"],"picked":"Panacea","floor":41},{"not_picked":["Finesse","Swift Strike"],"picked":"Mind Blast","floor":41},{"not_picked":["Good Instincts","Master of Strategy"],"picked":"Transmutation","floor":41}],"player_experience":215483,"potions_floor_usage":[5,14,16,16,16,22,27,33,44,50,50],"damage_taken":[{"damage":3,"enemies":"2 Louse","floor":1,"turns":2},{"damage":0,"enemies":"Small Slimes","floor":3,"turns":3},{"damage":0,"enemies":"Cultist","floor":5,"turns":3},{"damage":48,"enemies":"Gremlin Nob","floor":6,"turns":5},{"damage":23,"enemies":"3 Sentries","floor":8,"turns":6},{"damage":2,"enemies":"Exordium Wildlife","floor":11,"turns":3},{"damage":9,"enemies":"Gremlin Nob","floor":14,"turns":4},{"damage":18,"enemies":"Hexaghost","floor":16,"turns":9},{"damage":17,"enemies":"2 Thieves","floor":18,"turns":4},{"damage":38,"enemies":"Chosen","floor":21,"turns":5},{"damage":7,"enemies":"3 Cultists","floor":22,"turns":4},{"damage":40,"enemies":"Chosen and Byrds","floor":24,"turns":5},{"damage":0,"enemies":"Centurion and Healer","floor":27,"turns":6},{"damage":12,"enemies":"Slavers","floor":31,"turns":7},{"damage":21,"enemies":"Collector","floor":33,"turns":9},{"damage":5,"enemies":"3 Shapes","floor":35,"turns":5},{"damage":1,"enemies":"Orb Walker","floor":38,"turns":3},{"damage":0,"enemies":"3 Darklings","floor":39,"turns":5},{"damage":6,"enemies":"Mysterious Sphere","floor":44,"turns":7},{"damage":2,"enemies":"4 Shapes","floor":46,"turns":5},{"damage":12,"enemies":"Sphere and 2 Shapes","floor":48,"turns":6},{"damage":44,"enemies":"Time Eater","floor":50,"turns":8}],"event_choices":[{"event_name":"The Cleric","player_choice":"Card Removal","floor":2,"damage_taken":0},{"event_name":"Shining Light","player_choice":"Entered Light","floor":4,"damage_taken":0},{"event_name":"Wheel of Change","player_choice":"Card Removal","floor":12,"damage_taken":0},{"event_name":"The Woman in Blue","player_choice":"Bought 1 Potion","floor":13,"damage_taken":0},{"event_name":"Forgotten Altar","player_choice":"Shed Blood","floor":19,"damage_taken":0},{"event_name":"The Mausoleum","player_choice":"Yes","floor":20,"damage_taken":0},{"event_name":"The Joust","player_choice":"Bet on Owner","floor":28,"damage_taken":0},{"event_name":"Ghosts","player_choice":"Became a Ghost","floor":29,"damage_taken":0},{"event_name":"Winding Halls","player_choice":"Embrace Madness","floor":37,"damage_taken":0},{"event_name":"SensoryStone","player_choice":"Memory 3","floor":41,"damage_taken":0},{"event_name":"Mysterious Sphere","player_choice":"Fight","floor":44,"damage_taken":0},{"event_name":"Tomb of Lord Red Mask","player_choice":"Paid","floor":45,"damage_taken":0}],"boss_relics":[{"not_picked":["Orrery","Runic Dome"],"picked":"Mark of Pain"},{"not_picked":["Runic Pyramid","Pandora\u0027s Box"],"picked":"Velvet Choker"}],"potions_floor_spawned":[3,8,11,14,18,24,31,35,39,46],"seed_played":"4755045437659558054","killed_by":"Time Eater","ascension_level":6,"is_trial":false}