{"path_per_floor":["M","M","?","?","$","R","E","R","T","M","M","E","$","M","R","B",null,"M","?","M","$","M","R","E","?","T","M","M","$","M","M","R","B",null,"M","$","?","?","$","E","M","E","T","$","R","T","R","E","R","B"],"character_chosen":"IRONCLAD","items_purchased":["Shrug It Off","Apotheosis","Anchor"],"gold_per_floor":[115,129,129,129,54,54,84,84,84,100,119,154,8,19,19,120,120,134,134,148,23,33,33,61,61,140,156,175,15,34,45,45,144,144,161,41,0,0,0,35,45,80,137,23,23,23,23,57,57,57],"floor_reached":51,"campfire_rested":2,"playtime":1840,"current_hp_per_floor":[80,80,73,73,73,73,79,79,79,80,80,67,67,73,73,74,80,80,80,75,75,68,68,42,42,42,42,37,37,39,35,74,20,80,47,47,47,47,47,26,28,33,33,33,33,33,74,87,87,9],"items_purged":["Strike_R","Defend_R","Defend_R","Strike_R"],"gold":57,"score":917,"play_id":"49ff7aa9-1985-42ab-b99d-20b3b9745c4f","local_time":"20180405155912","is_prod":false,"is_daily":false,"is_ascension_mode":true,"campfire_upgraded":2,"timestamp":1522933152,"path_taken":["M","M","?","?","$","R","E","R","T","M","?","E","$","M","R","BOSS","M","?","?","$","M","R","E","?","T","M","M","?","M","?","R","BOSS","M","$","?","?","$","E","?","E","T","$","R","?","R","E","R","BOSS"],"build_version":"2018-03-29v2","purchased_purges":5,"victory":true,"master_deck":["Strike_R","Defend_R","Defend_R","Bash","Flex+1","Cleave+1","Heavy Blade","Metallicize","Offering","Shrug It Off","Fiend Fire","Metallicize","Flex","Fire Breathing+1","Whirlwind","Combust+1","Apotheosis","Impervious","Shrug It Off","Barricade","Shockwave","Ghostly Armor","Flex+1","Clumsy","Bludgeon"],"max_hp_per_floor":[80,80,80,80,80,80,80,80,80,80,80,80,80,80,80,80,80,80,80,80,80,80,80,80,80,80,80,80,80,80,80,80,80,80,80,80,80,80,80,80,80,87,87,87,87,87,87,87,87,87],"relics":["Burning Blood","NeowsBlessing","Prayer Wheel","Thread and Needle","Pen Nib","Girya","White Beast Statue","Regal Pillow","Bag of Preparation","The Courier","Cursed Key","Red Mask","Unceasing Top","Strawberry","Tiny Chest","Anchor","Peace Pipe","Smiling Mask"],"card_choices":[{"not_picked":["Spot Weakness","Warcry"],"picked":"Flex","floor":1},{"not_picked":["Clash","Infernal Blade"],"picked":"Cleave","floor":2},{"not_picked":["True Grit","Iron Wave"],"picked":"Heavy Blade","floor":9},{"not_picked":["Reckless Charge","Wild Strike"],"picked":"Metallicize","floor":10},{"not_picked":["Pommel Strike","Headbutt"],"picked":"Offering","floor":12},{"not_picked":["Brutality","Dark Embrace"],"picked":"Fiend Fire","floor":16},{"not_picked":["Seeing Red","Rampage"],"picked":"Metallicize","floor":20},{"not_picked":["Iron Wave","Dual Wield"],"picked":"Flex","floor":22},{"not_picked":["Flame Barrier","Perfected Strike"],"picked":"Fire Breathing","floor":24},{"not_picked":["Thunderclap","Headbutt"],"picked":"Whirlwind","floor":26},{"not_picked":["Havoc","Shrug It Off"],"picked":"Combust","floor":28},{"not_picked":["Cleave","Dual Wield"],"picked":"Impervious","floor":30},{"not_picked":["Spot Weakness","Pummel"],"picked":"Shrug It Off","floor":31},{"not_picked":["Bludgeon","Limit Break"],"picked":"Barricade","floor":33},{"not_picked":["Sword Boomerang","Havoc"],"picked":"Shockwave","floor":35},{"not_picked":["Feed","Heavy Blade"],"picked":"Ghostly Armor","floor":40},{"not_picked":["Armaments","Searing Blow"],"picked":"Flex","floor":41},{"not_picked":["Body Slam","Twin Strike"],"picked":"Bludgeon","floor":48}],"player_experience":181238,"potions_floor_usage":[16,16,18,20,22,22,24,27,28,31,31,33,40,42,48,48,50,50],"damage_taken":[{"damage":0,"enemies":"Cultist","floor":1,"turns":1},{"damage":0,"enemies":"2 Louse","floor":2,"turns":1},{"damage":0,"enemies":"Lagavulin","floor":7,"turns":1},{"damage":2,"enemies":"Small Slimes","floor":10,"turns":3},{"damage":3,"enemies":"Looter","floor":11,"turns":3},{"damage":19,"enemies":"Gremlin Nob","floor":12,"turns":4},{"damage":0,"enemies":"2 Fungi Beasts","floor":14,"turns":2},{"damage":20,"enemies":"The Guardian","floor":16,"turns":7},{"damage":5,"enemies":"Shell Parasite","floor":18,"turns":3},{"damage":11,"enemies":"2 Thieves","floor":20,"turns":3},{"damage":13,"enemies":"Centurion and Healer","floor":22,"turns":4},{"damage":47,"enemies":"Slavers","floor":24,"turns":6},{"damage":6,"enemies":"Cultist and Chosen","floor":27,"turns":3},{"damage":11,"enemies":"Snake Plant","floor":28,"turns":2},{"damage":4,"enemies":"Snecko","floor":30,"turns":2},{"damage":10,"enemies":"Centurion and Healer","floor":31,"turns":2},{"damage":60,"enemies":"Collector","floor":33,"turns":10},{"damage":39,"enemies":"3 Darklings","floor":35,"turns":4},{"damage":27,"enemies":"Nemesis","floor":40,"turns":7},{"damage":4,"enemies":"Orb Walker","floor":41,"turns":4},{"damage":8,"enemies":"2 Orb Walkers","floor":42,"turns":4},{"damage":7,"enemies":"Giant Head","floor":48,"turns":9},{"damage":84,"enemies":"Donu and Deca","floor":50,"turns":8}],"event_choices":[{"event_name":"Scrap Ooze","player_choice":"success","floor":3,"damage_taken":7},{"event_name":"Living Wall","player_choice":"Forget","floor":4,"damage_taken":0},{"event_name":"The Mausoleum","player_choice":"Yes","floor":19,"damage_taken":0},{"event_name":"Back to Basics","player_choice":"Elegance","floor":25,"damage_taken":0},{"event_name":"Tomb of Lord Red Mask","player_choice":"Paid","floor":37,"damage_taken":0},{"event_name":"Fountain of Cleansing","player_choice":"Removed Curse","floor":38,"damage_taken":0}],"boss_relics":[{"not_picked":["Runic Cube","Runic Dome"],"picked":"White Beast Statue"},{"not_picked":["Eternal Feather","Runic Pyramid"],"picked":"Cursed Key"}],"potions_floor_spawned":[1,11,14,16,18,20,22,24,27,28,30,31,33,35,40,41,42,48],"seed_played":"7885183966383396834","ascension_level":2,"is_trial":false}