{"gold_per_floor":[116,136,146,296,296,325,305,305,305,305,315,334,352,14,14,14],"floor_reached":16,"playtime":499,"items_purged":["Doubt"],"score":184,"play_id":"54daee1f-2373-47c6-8d67-70700b4b8c6e","local_time":"20190714142401","is_ascension_mode":true,"campfire_choices":[{"floor":8,"key":"REST"},{"floor":10,"key":"REST"},{"floor":15,"key":"REST"}],"neow_cost":"NONE","seed_source_timestamp":21258008427300,"circlet_count":0,"master_deck":["AscendersBane","Strike_R","Strike_R","Strike_R","Strike_R","Strike_R","Defend_R","Defend_R","Defend_R","Defend_R","Bash+1","Disarm","Metallicize+1","Disarm","Pommel Strike","Corruption","Intimidate"],"relics":["Burning Blood","NeowsBlessing","Letter Opener","Singing Bowl","Toxic Egg 2"],"potions_floor_usage":[11,13,16],"damage_taken":[{"damage":0,"enemies":"2 Louse","floor":1,"turns":1},{"damage":0,"enemies":"Small Slimes","floor":2,"turns":1},{"damage":0,"enemies":"Cultist","floor":3,"turns":1},{"damage":44,"enemies":"Gremlin Nob","floor":6,"turns":7},{"damage":19,"enemies":"Gremlin Gang","floor":11,"turns":5},{"damage":7,"enemies":"Red Slaver","floor":12,"turns":4},{"damage":26,"enemies":"Large Slime","floor":13,"turns":9},{"damage":50,"enemies":"Hexaghost","floor":16,"turns":18}],"seed_played":"2654458106622605643","potions_obtained":[{"floor":3,"key":"SkillPotion"},{"floor":7,"key":"FearPotion"},{"floor":12,"key":"SpeedPotion"},{"floor":13,"key":"EssenceOfSteel"}],"is_trial":false,"path_per_floor":["M","M","M","?","?","E","?","R","T","R","M","M","M","$","R","B"],"character_chosen":"IRONCLAD","items_purchased":["Toxic Egg 2"],"campfire_rested":3,"item_purchase_floors":[14],"current_hp_per_floor":[74,75,75,75,52,14,14,36,36,58,47,46,26,26,49,0],"gold":14,"neow_bonus":"THREE_ENEMY_KILL","is_prod":false,"is_daily":false,"chose_seed":false,"campfire_upgraded":0,"win_rate":0,"timestamp":1563103441,"path_taken":["M","M","M","?","?","E","?","R","T","R","M","?","?","$","R","BOSS"],"build_version":"2019-07-05","purchased_purges":1,"victory":false,"max_hp_per_floor":[75,75,75,75,75,75,75,75,75,75,77,77,77,77,77,77],"card_choices":[{"not_picked":["Perfected Strike","Heavy Blade"],"picked":"Disarm","floor":1},{"not_picked":["Feel No Pain","Headbutt"],"picked":"Metallicize","floor":2},{"not_picked":["Combust","Thunderclap"],"picked":"Disarm","floor":3},{"not_picked":["Spot Weakness","Havoc"],"picked":"Pommel Strike","floor":6},{"not_picked":["True Grit","Twin Strike","Wild Strike"],"picked":"Singing Bowl","floor":11},{"not_picked":["Body Slam","Hemokinesis"],"picked":"Corruption","floor":12},{"not_picked":["Clothesline","Twin Strike"],"picked":"Intimidate","floor":13}],"player_experience":669303,"relics_obtained":[{"floor":6,"key":"Letter Opener"},{"floor":9,"key":"Singing Bowl"}],"event_choices":[{"damage_healed":0,"gold_gain":150,"player_choice":"AGREE","damage_taken":0,"max_hp_gain":0,"max_hp_loss":0,"event_name":"Liars Game","floor":4,"gold_loss":0,"cards_obtained":["Doubt"]},{"damage_healed":0,"gold_gain":0,"player_choice":"Entered Light","damage_taken":23,"max_hp_gain":0,"max_hp_loss":0,"event_name":"Shining Light","floor":5,"gold_loss":0,"cards_upgraded":["Bash","Metallicize"]},{"damage_healed":0,"gold_gain":0,"player_choice":"Bought 1 Potion","damage_taken":0,"max_hp_gain":0,"max_hp_loss":0,"event_name":"The Woman in Blue","floor":7,"gold_loss":0}],"is_beta":false,"boss_relics":[],"items_purged_floors":[14],"is_endless":false,"potions_floor_spawned":[3,12,13],"killed_by":"Hexaghost","ascension_level":16}