{"gold_per_floor":[218,3,3,16,34,68,68,93,184,196,226,266,278,301,313,427,439,471,502,564,20,0,26,26,51,51,51,71,96,146,158,158,254,254,264,280,30,47,61,61,93,93,143,178,178,228,3,0,0,0],"floor_reached":51,"playtime":4439,"items_purged":["Strike_R","Strike_R","Strike_R"],"score":844,"play_id":"5931f142-8586-4dac-85c7-1d8a6a587735","local_time":"20190515000331","is_ascension_mode":true,"campfire_choices":[{"data":"Corruption","floor":7,"key":"SMITH"},{"floor":13,"key":"REST"},{"floor":15,"key":"REST"},{"floor":24,"key":"REST"},{"floor":27,"key":"REST"},{"floor":32,"key":"REST"},{"floor":40,"key":"REST"},{"data":"Barricade","floor":42,"key":"SMITH"},{"data":"Pummel","floor":45,"key":"SMITH"},{"data":"Heavy Blade","floor":49,"key":"SMITH"}],"neow_cost":"NONE","seed_source_timestamp":1670180798496653,"circlet_count":0,"master_deck":["Strike_R","Defend_R+1","Defend_R","Defend_R","Bash","Clash","Flex","Cleave","Corruption+1","Shrug It Off+1","Shrug It Off","Dual Wield","Shrug It Off","Twin Strike","Barricade+1","Shrug It Off+1","Flex","Apotheosis","Rampage","Exhume","Flex","Heavy Blade+1","Shockwave+1","Body Slam+1","Rage","Pummel+1"],"relics":["Burning Blood","MealTicket","Incense Burner","MawBank","Self Forming Clay","SsserpentHead","Orichalcum","Runic Pyramid","Kunai","Bronze Scales","PreservedInsect","War Paint","Ancient Tea Set","Torii","Shuriken","MutagenicStrength","Eternal Feather","Lantern","Mercury Hourglass","Potion Belt","Art of War","Red Mask"],"potions_floor_usage":[8,12,16,16,18,29,29,33,41,50,50,50],"damage_taken":[{"damage":2,"enemies":"2 Louse","floor":1,"turns":3},{"damage":1,"enemies":"Cultist","floor":4,"turns":3},{"damage":1,"enemies":"Jaw Worm","floor":5,"turns":2},{"damage":29,"enemies":"Gremlin Nob","floor":6,"turns":4},{"damage":13,"enemies":"Lagavulin","floor":8,"turns":5},{"damage":0,"enemies":"3 Louse","floor":11,"turns":2},{"damage":26,"enemies":"Gremlin Nob","floor":12,"turns":5},{"damage":4,"enemies":"Blue Slaver","floor":14,"turns":5},{"damage":19,"enemies":"The Guardian","floor":16,"turns":8},{"damage":19,"enemies":"Spheric Guardian","floor":18,"turns":4},{"damage":5,"enemies":"3 Byrds","floor":19,"turns":5},{"damage":30,"enemies":"Slavers","floor":23,"turns":4},{"damage":20,"enemies":"Gremlin Leader","floor":25,"turns":3},{"damage":10,"enemies":"Shelled Parasite and Fungi","floor":28,"turns":5},{"damage":22,"enemies":"Slavers","floor":29,"turns":5},{"damage":1,"enemies":"Centurion and Healer","floor":31,"turns":5},{"damage":19,"enemies":"Collector","floor":33,"turns":7},{"damage":1,"enemies":"3 Shapes","floor":35,"turns":4},{"damage":15,"enemies":"3 Darklings","floor":36,"turns":4},{"damage":44,"enemies":"Spire Growth","floor":38,"turns":6},{"damage":13,"enemies":"4 Shapes","floor":39,"turns":5},{"damage":1,"enemies":"Reptomancer","floor":41,"turns":3},{"damage":2,"enemies":"Nemesis","floor":44,"turns":3},{"damage":78,"enemies":"Donu and Deca","floor":50,"turns":9}],"seed_played":"6368491687139915918","potions_obtained":[{"floor":1,"key":"GamblersBrew"},{"floor":6,"key":"Block Potion"},{"floor":12,"key":"AttackPotion"},{"floor":14,"key":"Explosive Potion"},{"floor":16,"key":"Energy Potion"},{"floor":18,"key":"Weak Potion"},{"floor":25,"key":"Dexterity Potion"},{"floor":31,"key":"Energy Potion"},{"floor":39,"key":"Dexterity Potion"},{"floor":41,"key":"Weak Potion"}],"is_trial":false,"path_per_floor":["M","$","?","M","M","E","R","E","T","?","M","E","R","M","R","B",null,"M","M","?","$","?","E","R","E","T","R","M","E","?","M","R","B",null,"M","M","$","M","M","R","E","R","T","E","R","?","$","?","R","B",null],"character_chosen":"IRONCLAD","items_purchased":["MealTicket","Flex","Bronze Scales","PreservedInsect","Apotheosis","Lantern","FearPotion","AttackPotion"],"campfire_rested":6,"item_purchase_floors":[2,2,21,21,21,37,47,47],"current_hp_per_floor":[80,80,73,78,80,57,57,50,50,50,56,36,60,62,80,67,80,67,68,68,80,80,56,80,66,66,80,76,60,60,65,80,67,80,80,71,80,42,35,74,79,80,80,80,80,80,80,80,80,8],"gold":0,"neow_bonus":"HUNDRED_GOLD","is_prod":false,"is_daily":false,"chose_seed":false,"campfire_upgraded":4,"win_rate":0,"timestamp":1557896611,"path_taken":["M","$","?","M","M","E","R","E","T","?","M","E","R","M","R","BOSS","M","M","?","$","?","E","R","E","T","R","M","E","?","M","R","BOSS","M","M","$","M","M","R","E","R","T","E","R","?","$","?","R","BOSS"],"build_version":"2019-01-23","purchased_purges":3,"victory":true,"max_hp_per_floor":[80,80,80,80,80,80,80,80,80,80,80,80,80,80,80,80,80,80,80,80,80,80,80,80,80,80,80,80,80,80,80,80,80,80,80,80,80,80,80,80,80,80,80,80,80,80,80,80,80,80],"card_choices":[{"not_picked":["Entrench","Iron Wave"],"picked":"Clash","floor":1},{"not_picked":["Shrug It Off","Hemokinesis"],"picked":"Cleave","floor":4},{"not_picked":["Burning Pact","Searing Blow"],"picked":"Corruption","floor":5},{"not_picked":["Second Wind","Heavy Blade"],"picked":"Shrug It Off","floor":6},{"not_picked":["Thunderclap","Disarm"],"picked":"Shrug It Off","floor":8},{"not_picked":["Flex","Twin Strike"],"picked":"Dual Wield","floor":11},{"not_picked":["Sword Boomerang","Metallicize"],"picked":"Shrug It Off","floor":12},{"not_picked":["Body Slam","Headbutt"],"picked":"Twin Strike","floor":14},{"not_picked":["Double Tap","Berserk"],"picked":"Barricade","floor":16},{"not_picked":["Combust","Bloodletting"],"picked":"Shrug It Off+1","floor":18},{"not_picked":["Pommel Strike","Clash"],"picked":"Flex","floor":19},{"not_picked":["Thunderclap","Fiend Fire"],"picked":"Rampage","floor":23},{"not_picked":["Sword Boomerang","Clothesline+1","Wild Strike"],"picked":"SKIP","floor":25},{"not_picked":["Clash+1","Armaments","Cleave"],"picked":"SKIP","floor":28},{"not_picked":["Berserk","Intimidate","Sword Boomerang"],"picked":"SKIP","floor":29},{"not_picked":["Perfected Strike","Havoc","Wild Strike+1"],"picked":"SKIP","floor":31},{"not_picked":["Immolate","Offering"],"picked":"Exhume","floor":33},{"not_picked":["Sword Boomerang+1","Armaments+1"],"picked":"Flex","floor":35},{"not_picked":["Combust","Shrug It Off+1"],"picked":"Heavy Blade","floor":36},{"not_picked":["Warcry","Thunderclap"],"picked":"Shockwave+1","floor":38},{"not_picked":["Corruption+1","Shrug It Off+1"],"picked":"Body Slam+1","floor":39},{"not_picked":["Heavy Blade+1","Pummel+1"],"picked":"Rage","floor":41},{"not_picked":["Havoc","Whirlwind"],"picked":"Pummel","floor":44}],"player_experience":256361,"relics_obtained":[{"floor":6,"key":"Incense Burner"},{"floor":8,"key":"MawBank"},{"floor":9,"key":"Self Forming Clay"},{"floor":12,"key":"Orichalcum"},{"floor":23,"key":"War Paint"},{"floor":25,"key":"Ancient Tea Set"},{"floor":26,"key":"Torii"},{"floor":29,"key":"Shuriken"},{"floor":41,"key":"Mercury Hourglass"},{"floor":43,"key":"Potion Belt"},{"floor":44,"key":"Art of War"}],"event_choices":[{"cards_removed":["Defend_R"],"damage_healed":0,"gold_gain":0,"player_choice":"Card Removal","damage_taken":7,"max_hp_gain":0,"max_hp_loss":0,"event_name":"Golden Wing","floor":3,"gold_loss":0},{"damage_healed":0,"gold_gain":0,"player_choice":"Trade","damage_taken":0,"relics_obtained":["SsserpentHead"],"max_hp_gain":0,"max_hp_loss":0,"event_name":"FaceTrader","floor":10,"gold_loss":0},{"damage_healed":0,"gold_gain":0,"player_choice":"Opened","damage_taken":0,"relics_obtained":["Kunai"],"max_hp_gain":0,"max_hp_loss":0,"event_name":"The Mausoleum","floor":20,"gold_loss":0},{"damage_healed":0,"gold_gain":0,"player_choice":"Paid Fearfully","damage_taken":0,"max_hp_gain":0,"max_hp_loss":0,"event_name":"Masked Bandits","floor":22,"gold_loss":70},{"damage_healed":0,"gold_gain":0,"player_choice":"Inject Mutagens","damage_taken":0,"relics_obtained":["MutagenicStrength"],"max_hp_gain":0,"max_hp_loss":0,"event_name":"Drug Dealer","floor":30,"gold_loss":0},{"cards_removed":["Strike_R"],"damage_healed":0,"gold_gain":0,"player_choice":"Removed Attack","damage_taken":0,"max_hp_gain":0,"max_hp_loss":0,"event_name":"Falling","floor":46,"gold_loss":0},{"damage_healed":0,"gold_gain":0,"player_choice":"Paid","damage_taken":0,"relics_obtained":["Red Mask"],"max_hp_gain":0,"max_hp_loss":0,"event_name":"Tomb of Lord Red Mask","floor":48,"gold_loss":53}],"is_beta":false,"boss_relics":[{"not_picked":["Pandora\u0027s Box","Philosopher\u0027s Stone"],"picked":"Runic Pyramid"},{"not_picked":["Mark of Pain","Runic Dome"],"picked":"Eternal Feather"}],"items_purged_floors":[21,37,47],"is_endless":false,"potions_floor_spawned":[1,6,12,14,16,18,25,31,39,41],"ascension_level":1}