{"path_per_floor":["M","?","?","M","M","E","M","E","T","M","M","E","R","$","R","B",null,"M","M","?","?","$","E","M","?","T","R","M","M","?","M","R"],"character_chosen":"DEFECT","items_purchased":["Lantern"],"gold_per_floor":[114,114,114,126,141,175,188,213,237,249,264,299,299,224,224,320,320,335,347,347,347,97,124,143,242,242,242,259,274,634,645,645,645],"floor_reached":33,"campfire_rested":3,"playtime":1185,"item_purchase_floors":[22],"current_hp_per_floor":[67,67,60,60,60,61,55,31,31,43,43,47,47,47,71,62,82,71,71,71,71,71,45,40,40,40,64,63,63,23,31,55,0],"items_purged":["Strike_B","Strike_B"],"gold":645,"score":318,"play_id":"94d769af-5c80-433a-8e88-852d5e623879","local_time":"20180622115906","is_prod":false,"is_daily":false,"chose_seed":false,"is_ascension_mode":true,"campfire_upgraded":1,"win_rate":0,"timestamp":1529657946,"campfire_choices":[{"data":"Tempest","floor":13,"key":"SMITH"},{"floor":15,"key":"REST"},{"floor":27,"key":"REST"},{"floor":32,"key":"REST"}],"path_taken":["M","?","?","?","M","E","?","E","T","M","M","E","R","?","R","BOSS","M","?","?","?","$","E","M","?","T","R","M","?","?","M","R","BOSS"],"build_version":"2018-06-21","seed_source_timestamp":9450545462781,"purchased_purges":2,"circlet_count":0,"victory":false,"master_deck":["Strike_B","Defend_B","Defend_B","Defend_B","Defend_B","Zap","Dualcast+1","Ball Lightning","Ball Lightning","Sweeping Beam","Defragment","Multi-Cast","Tempest+1","BootSequence","Conserve Battery","Echo Form","Ball Lightning","Self Repair+1"],"max_hp_per_floor":[75,75,75,75,75,82,82,82,82,82,82,82,82,82,82,82,82,82,82,82,82,82,82,82,82,82,82,82,82,82,82,82,82],"relics":["Cracked Core","Bronze Scales","Meat on the Bone","Strawberry","Anchor","Happy Flower","Ginger","Sozu","Lantern","Mummified Hand","Bottled Lightning"],"card_choices":[{"not_picked":["Gash","Fusion"],"picked":"Ball Lightning","floor":1},{"not_picked":["Conserve Battery","Turbo"],"picked":"Ball Lightning","floor":4},{"not_picked":["Skim","Conserve Battery"],"picked":"Sweeping Beam","floor":5},{"not_picked":["Aggregate","Cold Snap"],"picked":"Defragment","floor":6},{"not_picked":["Coolheaded","Streamline"],"picked":"Multi-Cast","floor":7},{"not_picked":["Redo","Sweeping Beam"],"picked":"Tempest","floor":8},{"not_picked":["Genetic Algorithm","Beam Cell"],"picked":"BootSequence","floor":10},{"not_picked":["Cold Snap","Coolheaded","Barrage"],"picked":"SKIP","floor":11},{"not_picked":["Auto Shields","Genetic Algorithm"],"picked":"Conserve Battery","floor":12},{"not_picked":["Core Surge","Seek"],"picked":"Echo Form","floor":16},{"not_picked":["Melter","Coolheaded+1","Compile Driver"],"picked":"SKIP","floor":18},{"not_picked":["Auto Shields","Gash"],"picked":"Ball Lightning","floor":19},{"not_picked":["Turbo+1","Stack+1","Go for the Eyes"],"picked":"SKIP","floor":23},{"not_picked":["Gash","Sweeping Beam","Leap+1"],"picked":"SKIP","floor":24},{"not_picked":["Genetic Algorithm+1","Stack+1","Reinforced Body"],"picked":"SKIP","floor":28},{"not_picked":["Darkness","FTL","Cold Snap"],"picked":"SKIP","floor":29},{"not_picked":["Turbo","Cold Snap+1"],"picked":"Self Repair+1","floor":31}],"player_experience":290252,"potions_floor_usage":[12,12,12,16],"damage_taken":[{"damage":8,"enemies":"2 Louse","floor":1,"turns":2},{"damage":0,"enemies":"Cultist","floor":4,"turns":2},{"damage":0,"enemies":"Small Slimes","floor":5,"turns":2},{"damage":6,"enemies":"Gremlin Nob","floor":6,"turns":3},{"damage":6,"enemies":"2 Fungi Beasts","floor":7,"turns":2},{"damage":36,"enemies":"Lagavulin","floor":8,"turns":4},{"damage":0,"enemies":"Large Slime","floor":10,"turns":3},{"damage":0,"enemies":"Blue Slaver","floor":11,"turns":2},{"damage":8,"enemies":"3 Sentries","floor":12,"turns":4},{"damage":9,"enemies":"Slime Boss","floor":16,"turns":6},{"damage":11,"enemies":"Spheric Guardian","floor":18,"turns":3},{"damage":0,"enemies":"3 Byrds","floor":19,"turns":2},{"damage":26,"enemies":"Slavers","floor":23,"turns":3},{"damage":17,"enemies":"Slaver and Parasite","floor":24,"turns":4},{"damage":1,"enemies":"Snecko","floor":28,"turns":3},{"damage":0,"enemies":"Chosen and Byrds","floor":29,"turns":3},{"damage":4,"enemies":"Slaver and Parasite","floor":31,"turns":4},{"damage":61,"enemies":"Automaton","floor":33,"turns":8}],"relics_obtained":[{"floor":6,"key":"Strawberry"},{"floor":8,"key":"Anchor"},{"floor":9,"key":"Happy Flower"},{"floor":12,"key":"Ginger"},{"floor":23,"key":"Mummified Hand"},{"floor":26,"key":"Bottled Lightning"}],"event_choices":[{"event_name":"Upgrade Shrine","player_choice":"Upgraded","floor":2,"damage_taken":0},{"event_name":"Scrap Ooze","player_choice":"success","floor":3,"damage_taken":7},{"event_name":"Back to Basics","player_choice":"Elegance","floor":20,"damage_taken":0},{"event_name":"The Lab","player_choice":"Got Potions","floor":21,"damage_taken":0},{"event_name":"Nest","player_choice":"Stole From Cult","floor":25,"damage_taken":0},{"event_name":"Knowing Skull","player_choice":"GOLD GOLD GOLD GOLD ","floor":30,"damage_taken":0}],"boss_relics":[{"not_picked":["Inserter","Eternal Feather"],"picked":"Sozu"}],"items_purged_floors":[14,22],"is_endless":false,"potions_floor_spawned":[4,6,8,12,18,23,31],"seed_played":"7220723706684480280","killed_by":"Automaton","ascension_level":2,"potions_obtained":[{"floor":4,"key":"Dexterity Potion"},{"floor":6,"key":"SpeedPotion"},{"floor":8,"key":"SpeedPotion"},{"floor":12,"key":"EssenceOfSteel"}],"is_trial":false}