{"path_per_floor":["M","?","?","T","$","R","M","T","T","M","$","?","M","M","R","B",null,"M","M","$"],"character_chosen":"IRONCLAD","items_purchased":["Whirlwind","Impervious"],"gold_per_floor":[117,117,117,117,42,42,52,52,78,90,13,13,29,52,52,178,178,191,210,40,40],"floor_reached":21,"campfire_rested":0,"playtime":1153,"current_hp_per_floor":[76,76,60,60,60,60,66,66,66,79,79,59,65,71,71,34,80,60,35,35,0],"items_purged":["Strike_R","Strike_R"],"gold":40,"score":186,"play_id":"e2c96c6e-99fe-4965-844d-2cc460827b51","local_time":"20180331214706","is_prod":false,"is_daily":false,"is_ascension_mode":true,"campfire_upgraded":2,"timestamp":1522522026,"path_taken":["M","?","?","?","$","R","?","?","T","?","$","?","M","M","R","BOSS","M","?","$","M"],"build_version":"2018-03-29v2","purchased_purges":2,"victory":false,"master_deck":["Strike_R","Strike_R+1","Defend_R","Defend_R+1","Defend_R","Defend_R","Bash","Pommel Strike+1","Heavy Blade","Cleave","Whirlwind+1","Inflame","Barricade","Feel No Pain","Impervious"],"max_hp_per_floor":[80,80,80,80,80,80,80,80,80,80,80,80,80,80,80,80,80,80,80,80,80],"relics":["Burning Blood","Bag of Preparation","Du-Vu Doll","Calipers","Art of War","Golden Idol","Mark of Pain"],"card_choices":[{"not_picked":["Body Slam","Pummel"],"picked":"Pommel Strike","floor":1},{"not_picked":["Battle Trance","Dropkick"],"picked":"Heavy Blade","floor":7},{"not_picked":["Clash","Flame Barrier"],"picked":"Cleave","floor":10},{"not_picked":["Pommel Strike","Carnage"],"picked":"Inflame","floor":14},{"not_picked":["Reaper","Feed"],"picked":"Barricade","floor":16},{"not_picked":["Flex","Body Slam"],"picked":"Feel No Pain","floor":18}],"player_experience":160920,"potions_floor_usage":[10,13,16],"damage_taken":[{"damage":10,"enemies":"Small Slimes","floor":1,"turns":3},{"damage":0,"enemies":"2 Louse","floor":7,"turns":2},{"damage":2,"enemies":"Jaw Worm","floor":10,"turns":4},{"damage":0,"enemies":"2 Fungi Beasts","floor":13,"turns":1},{"damage":0,"enemies":"Blue Slaver","floor":14,"turns":5},{"damage":43,"enemies":"The Guardian","floor":16,"turns":11},{"damage":26,"enemies":"2 Thieves","floor":18,"turns":3},{"damage":31,"enemies":"Spheric Guardian","floor":19,"turns":5},{"damage":56,"enemies":"Snecko","floor":21,"turns":6}],"event_choices":[{"event_name":"Living Wall","player_choice":"Forget","floor":2,"damage_taken":0},{"event_name":"Shining Light","player_choice":"Entered Light","floor":3,"damage_taken":0},{"event_name":"Golden Idol","player_choice":"Take Damage","floor":12,"damage_taken":0}],"boss_relics":[{"not_picked":["Runic Dome","Runic Pyramid"],"picked":"Mark of Pain"}],"potions_floor_spawned":[7,10,13],"seed_played":"1385939262218453868","killed_by":"Snecko","ascension_level":2,"is_trial":false}