{"gold_per_floor":[113,113,133,92,109,109,109,122,122,297,297,297,328,344,344,344],"floor_reached":16,"playtime":338,"items_purged":[],"score":159,"play_id":"23649821-0fbc-46b3-a7da-26c253c57163","local_time":"20190107200933","is_ascension_mode":true,"campfire_choices":[{"data":"Whirlwind","floor":6,"key":"SMITH"},{"data":"Searing Blow+1","floor":12,"key":"SMITH"},{"floor":15,"key":"REST"}],"neow_cost":"NONE","seed_source_timestamp":45030902767700,"circlet_count":0,"master_deck":["AscendersBane","Strike_R","Strike_R","Strike_R","Strike_R","Strike_R","Defend_R","Defend_R","Defend_R","Defend_R","Bash","Searing Blow+2","Reckless Charge","Whirlwind+1","Regret","Fire Breathing","Thunderclap"],"relics":["Burning Blood","NeowsBlessing","Unceasing Top","Ornamental Fan","Spirit Poop","Mercury Hourglass"],"potions_floor_usage":[13],"damage_taken":[{"damage":0,"enemies":"Small Slimes","floor":1,"turns":1},{"damage":0,"enemies":"2 Louse","floor":3,"turns":1},{"damage":0,"enemies":"Cultist","floor":5,"turns":1},{"damage":9,"enemies":"2 Fungi Beasts","floor":8,"turns":2},{"damage":37,"enemies":"3 Sentries","floor":13,"turns":5},{"damage":12,"enemies":"Exordium Wildlife","floor":14,"turns":2},{"damage":67,"enemies":"The Guardian","floor":16,"turns":9}],"seed_played":"7650367957451746150","potions_obtained":[{"floor":1,"key":"LiquidBronze"}],"is_trial":false,"path_per_floor":["M","?","M","$","M","R","?","M","T","?","?","R","E","M","R","B"],"character_chosen":"IRONCLAD","items_purchased":["Whirlwind"],"campfire_rested":1,"item_purchase_floors":[4],"current_hp_per_floor":[78,78,80,80,80,80,80,77,77,77,77,77,46,40,64,0],"gold":344,"neow_bonus":"THREE_ENEMY_KILL","is_prod":false,"is_daily":false,"chose_seed":false,"campfire_upgraded":2,"win_rate":0,"timestamp":1546884573,"path_taken":["M","?","M","$","M","R","?","M","T","?","?","R","E","?","R","BOSS"],"build_version":"2019-01-03v4","purchased_purges":0,"victory":false,"max_hp_per_floor":[80,80,80,80,80,80,80,80,80,80,80,80,80,80,80,80],"card_choices":[{"not_picked":["Sword Boomerang","Flex"],"picked":"Searing Blow","floor":1},{"not_picked":["Iron Wave","Headbutt"],"picked":"Reckless Charge","floor":3},{"not_picked":["Power Through","Anger","Wild Strike"],"picked":"SKIP","floor":5},{"not_picked":["Havoc","Wild Strike","Armaments"],"picked":"SKIP","floor":8},{"not_picked":["Headbutt","Berserk"],"picked":"Fire Breathing","floor":13},{"not_picked":["Pommel Strike","Twin Strike"],"picked":"Thunderclap","floor":14}],"player_experience":475263,"relics_obtained":[{"floor":9,"key":"Ornamental Fan"},{"floor":13,"key":"Mercury Hourglass"}],"event_choices":[{"damage_healed":0,"gold_gain":0,"player_choice":"Grow","damage_taken":0,"max_hp_gain":0,"max_hp_loss":0,"event_name":"Living Wall","floor":2,"gold_loss":0,"cards_upgraded":["Searing Blow"]},{"damage_healed":0,"gold_gain":0,"player_choice":"Box","damage_taken":0,"relics_obtained":["Unceasing Top"],"max_hp_gain":0,"max_hp_loss":0,"event_name":"Big Fish","floor":7,"gold_loss":0,"cards_obtained":["Regret"]},{"damage_healed":0,"gold_gain":175,"player_choice":"AGREE","damage_taken":0,"max_hp_gain":0,"max_hp_loss":0,"event_name":"Liars Game","floor":10,"gold_loss":0,"cards_obtained":["Doubt"]},{"cards_removed":["Doubt"],"damage_healed":0,"gold_gain":0,"player_choice":"Offered Curse","damage_taken":0,"relics_obtained":["Spirit Poop"],"max_hp_gain":0,"max_hp_loss":0,"event_name":"Bonfire Elementals","floor":11,"gold_loss":0}],"is_beta":false,"boss_relics":[],"items_purged_floors":[],"is_endless":false,"potions_floor_spawned":[1],"killed_by":"The Guardian","ascension_level":12}