{"gold_per_floor":[118,131,131,149,37,37,70,70,70,95,95,115,115,145,145,240,240,256,256,276,154,154,182,245,257,351,363],"floor_reached":27,"playtime":731,"items_purged":["Strike_B"],"score":298,"play_id":"e8b7da41-a799-4197-b56c-dd4fbea86e0c","local_time":"20180801183939","is_ascension_mode":true,"campfire_choices":[{"data":"Defragment","floor":6,"key":"SMITH"},{"floor":11,"key":"REST"},{"data":"Rip and Tear","floor":13,"key":"SMITH"},{"floor":15,"key":"REST"}],"neow_cost":"","seed_source_timestamp":0,"circlet_count":0,"master_deck":["Strike_B+1","Strike_B+1","Strike_B+1","Defend_B+1","Defend_B+1","Defend_B+1","Defend_B+1","Zap","Dualcast","Sweeping Beam","Loop+1","Turbo","Defragment+1","Steam","Rip and Tear+1","Ball Lightning","Beam Cell","Buffer"],"special_seed":0,"relics":["Cracked Core","Ice Cream","Thread and Needle","Bronze Scales","Odd Mushroom","Busted Crown","Tiny Chest","MawBank","Centennial Puzzle","Letter Opener","Pear"],"potions_floor_usage":[7,10,14,18,23,27],"damage_taken":[{"damage":13,"enemies":"Small Slimes","floor":1,"turns":3},{"damage":3,"enemies":"2 Louse","floor":2,"turns":2},{"damage":11,"enemies":"Jaw Worm","floor":4,"turns":4},{"damage":16,"enemies":"3 Sentries","floor":7,"turns":4},{"damage":10,"enemies":"Lagavulin","floor":10,"turns":4},{"damage":0,"enemies":"Blue Slaver","floor":12,"turns":3},{"damage":1,"floor":14,"turns":3},{"damage":6,"enemies":"Slime Boss","floor":16,"turns":6},{"damage":19,"enemies":"Spheric Guardian","floor":18,"turns":4},{"damage":0,"enemies":"3 Byrds","floor":20,"turns":3},{"damage":39,"enemies":"Gremlin Leader","floor":23,"turns":6},{"damage":18,"enemies":"Centurion and Healer","floor":27,"turns":4}],"seed_played":"-4468842924177843133","potions_obtained":[{"floor":2,"key":"PowerPotion"},{"floor":7,"key":"Poison Potion"},{"floor":10,"key":"GamblersBrew"},{"floor":16,"key":"Ancient Potion"},{"floor":18,"key":"Explosive Potion"},{"floor":23,"key":"SpeedPotion"}],"is_trial":false,"path_per_floor":["M","M","?","M","$","R","E","$","T","E","R","M","R","?","R","B",null,"M","?","M","$","?","E","T","T","T"],"character_chosen":"DEFECT","items_purchased":["Defragment","Tiny Chest"],"campfire_rested":2,"item_purchase_floors":[5,21],"current_hp_per_floor":[62,59,59,48,48,48,32,32,32,22,44,44,44,43,65,59,75,56,56,56,56,42,3,3,3,13,0],"gold":363,"neow_bonus":"","is_prod":false,"is_daily":false,"chose_seed":false,"campfire_upgraded":2,"win_rate":0,"timestamp":1533137979,"path_taken":["M","M","?","M","$","R","E","?","T","E","R","M","R","?","R","BOSS","M","?","?","$","?","E","?","?","T","M"],"build_version":"2018-07-26","purchased_purges":1,"victory":false,"max_hp_per_floor":[75,75,75,75,75,75,75,75,75,75,75,75,75,75,75,75,75,75,75,75,75,80,80,80,80,90,90],"card_choices":[{"not_picked":["Heatsinks","Hologram"],"picked":"Sweeping Beam","floor":1},{"not_picked":["Hologram","Conserve Battery"],"picked":"Loop","floor":2},{"not_picked":["Static Discharge","Ball Lightning"],"picked":"Turbo","floor":4},{"not_picked":["Cold Snap","Chaos"],"picked":"Steam","floor":7},{"not_picked":["Rebound","Gash"],"picked":"Rip and Tear","floor":10},{"not_picked":["Auto Shields","Rebound"],"picked":"Ball Lightning","floor":12},{"not_picked":["Steam","Conserve Battery"],"picked":"Beam Cell","floor":14},{"not_picked":["Seek","Amplify"],"picked":"Buffer","floor":16},{"not_picked":["Reprogram"],"picked":"SKIP","floor":18},{"not_picked":["Stack+1"],"picked":"SKIP","floor":20},{"not_picked":["Cold Snap+1"],"picked":"SKIP","floor":23}],"player_experience":321139,"relics_obtained":[{"floor":7,"key":"Ice Cream"},{"floor":9,"key":"Thread and Needle"},{"floor":10,"key":"Bronze Scales"},{"floor":14,"key":"Odd Mushroom"},{"floor":23,"key":"MawBank"},{"floor":24,"key":"Centennial Puzzle"},{"floor":25,"key":"Letter Opener"},{"floor":26,"key":"Pear"}],"event_choices":[{"event_name":"Living Wall","player_choice":"Grow","floor":3,"damage_taken":0},{"event_name":"Mushrooms","player_choice":"Fought Mushrooms","floor":14,"damage_taken":0},{"event_name":"Back to Basics","player_choice":"Simplicity","floor":19,"damage_taken":0},{"event_name":"Forgotten Altar","player_choice":"Shed Blood","floor":22,"damage_taken":0}],"is_beta":false,"boss_relics":[{"not_picked":["White Beast Statue","Runic Dome"],"picked":"Busted Crown"}],"items_purged_floors":[5],"is_endless":false,"potions_floor_spawned":[2,7,10,16,18,23],"killed_by":"Centurion and Healer","ascension_level":3}