{"path_per_floor":["M","?","?","$","M","E","R","E","T","?","M","?","M","M","R","B",null,"M","M","?","?","$"],"character_chosen":"DEFECT","items_purchased":["Ball Lightning","Dream Catcher","Orichalcum","Toolbox"],"gold_per_floor":[212,212,212,35,49,75,75,106,106,127,137,137,155,178,178,306,306,329,354,604,604,133,133],"floor_reached":23,"campfire_rested":1,"playtime":934,"item_purchase_floors":[4,4,22,22],"current_hp_per_floor":[69,62,62,62,62,46,46,49,49,34,34,34,31,17,42,13,85,83,82,82,82,82,0],"items_purged":["Normality"],"gold":133,"score":219,"play_id":"1766cff8-e724-49db-8726-59ea004886ba","local_time":"20180620085542","is_prod":false,"is_daily":false,"chose_seed":false,"is_ascension_mode":true,"campfire_upgraded":1,"win_rate":0,"timestamp":1529474142,"campfire_choices":[{"data":"Zap","floor":7,"key":"SMITH"},{"floor":15,"key":"REST"}],"path_taken":["M","?","?","?","M","E","R","E","T","?","?","?","M","M","R","BOSS","M","M","?","?","$","E"],"build_version":"2018-06-14v2","seed_source_timestamp":438274353967913,"purchased_purges":1,"victory":false,"master_deck":["Strike_B","Strike_B","Defend_B","Defend_B","Defend_B","Defend_B","Zap+1","Dualcast","Scrape","Ball Lightning","Darkness","Loop","Undo","Conserve Battery","Injury","Reboot","Regret"],"max_hp_per_floor":[75,75,75,75,75,75,75,85,85,85,85,85,85,85,85,85,85,85,85,85,85,85,85],"relics":["Cracked Core","Dream Catcher","Thread and Needle","Pear","Ornamental Fan","Odd Mushroom","Golden Idol","Sozu","Anchor","Orichalcum","Toolbox"],"card_choices":[{"not_picked":["Conserve Battery","Steam"],"picked":"Scrape","floor":1},{"not_picked":["Hello World","Stack","Hologram"],"picked":"SKIP","floor":5},{"not_picked":["Hologram","Redo"],"picked":"Darkness","floor":6},{"not_picked":["Chaos","FTL"],"picked":"Loop","floor":8},{"not_picked":["Redo","Reinforced Body"],"picked":"Undo","floor":10},{"not_picked":["Rebound","Turbo"],"picked":"Conserve Battery","floor":11},{"not_picked":["Coolheaded","Melter","Streamline"],"picked":"SKIP","floor":13},{"not_picked":["Barrage","Redo","Compile Driver"],"picked":"SKIP","floor":14},{"not_picked":["Machine Learning","Fission"],"picked":"Reboot","floor":16},{"not_picked":["Barrage","Beam Cell","Ball Lightning"],"picked":"SKIP","floor":18},{"not_picked":["Steam+1","Barrage","Turbo"],"picked":"SKIP","floor":19}],"player_experience":279433,"potions_floor_usage":[10,10,11],"damage_taken":[{"damage":6,"enemies":"Cultist","floor":1,"turns":3},{"damage":0,"enemies":"Small Slimes","floor":5,"turns":3},{"damage":16,"enemies":"Gremlin Nob","floor":6,"turns":4},{"damage":7,"enemies":"3 Sentries","floor":8,"turns":5},{"damage":15,"floor":10,"turns":4},{"damage":0,"enemies":"2 Louse","floor":11,"turns":1},{"damage":3,"enemies":"Blue Slaver","floor":13,"turns":3},{"damage":14,"enemies":"Lots of Slimes","floor":14,"turns":3},{"damage":29,"enemies":"Slime Boss","floor":16,"turns":10},{"damage":2,"enemies":"Shell Parasite","floor":18,"turns":5},{"damage":1,"enemies":"Chosen","floor":19,"turns":4},{"damage":85,"enemies":"Gremlin Leader","floor":23,"turns":8}],"relics_obtained":[{"floor":6,"key":"Thread and Needle"},{"floor":8,"key":"Pear"},{"floor":9,"key":"Ornamental Fan"},{"floor":10,"key":"Odd Mushroom"}],"event_choices":[{"event_name":"Golden Wing","player_choice":"Card Removal","floor":2,"damage_taken":0},{"event_name":"Bonfire Elementals","player_choice":"BASIC","floor":3,"damage_taken":0},{"event_name":"Mushrooms","player_choice":"Fought Mushrooms","floor":10,"damage_taken":0},{"event_name":"Golden Idol","player_choice":"Take Wound","floor":12,"damage_taken":0},{"event_name":"Golden Shrine","player_choice":"Desecrate","floor":20,"damage_taken":0},{"event_name":"Accursed Blacksmith","player_choice":"Rummage","floor":21,"damage_taken":0}],"boss_relics":[{"not_picked":["Cursed Key","Philosopher\u0027s Stone"],"picked":"Sozu"}],"items_purged_floors":[22],"is_endless":false,"potions_floor_spawned":[1,8,10],"seed_played":"-1144831696681313697","killed_by":"Gremlin Leader","ascension_level":2,"potions_obtained":[{"floor":1,"key":"SpeedPotion"},{"floor":8,"key":"Ancient Potion"},{"floor":10,"key":"SteroidPotion"}],"is_trial":false}