{"gold_per_floor":[116,129,54,54,72,72,99,99,124,157,167,197,372,372,372,472,472,485,584,597,44,62,93,93,93,93,93,93,125,139,156,156,156],"floor_reached":33,"playtime":1109,"items_purged":["Defend_B","Doubt"],"score":394,"play_id":"9866587f-46b3-4d8a-b1a6-d5feb720a7a1","local_time":"20180819233102","is_ascension_mode":true,"campfire_choices":[{"floor":6,"key":"REST"},{"floor":8,"key":"REST"},{"floor":15,"key":"REST"},{"floor":24,"key":"DIG"},{"floor":28,"key":"REST"},{"floor":32,"key":"REST"}],"neow_cost":"TEN_PERCENT_HP_LOSS","seed_source_timestamp":312007029263270,"circlet_count":0,"master_deck":["Strike_B+1","Strike_B+1","Strike_B+1","Strike_B+1","Defend_B+1","Zap","Dualcast","FTL+1","Beam Cell","Chill","Loop","Reboot","Beam Cell","Creative AI+1","Buffer","Doom and Gloom","Electrodynamics","Deep Breath","Impatience","Mind Blast","Turbo+1","Conserve Battery+1"],"relics":["Cracked Core","Pen Nib","Anchor","Whetstone","Symbiotic Virus","Ice Cream","Nuclear Battery","Emotion Chip","Shovel","Bottled Lightning","Dead Branch","Orichalcum"],"potions_floor_usage":[7,16,16,23,23,29,30],"damage_taken":[{"damage":10,"enemies":"2 Louse","floor":1,"turns":3},{"damage":12,"enemies":"Jaw Worm","floor":2,"turns":2},{"damage":8,"enemies":"Small Slimes","floor":5,"turns":2},{"damage":20,"enemies":"Gremlin Nob","floor":7,"turns":3},{"damage":4,"enemies":"3 Sentries","floor":10,"turns":7},{"damage":2,"enemies":"Red Slaver","floor":11,"turns":2},{"damage":0,"enemies":"Gremlin Nob","floor":12,"turns":2},{"damage":30,"enemies":"Hexaghost","floor":16,"turns":8},{"damage":8,"enemies":"3 Byrds","floor":18,"turns":4},{"damage":0,"enemies":"Chosen","floor":20,"turns":3},{"damage":6,"enemies":"3 Cultists","floor":22,"turns":4},{"damage":12,"enemies":"Slavers","floor":23,"turns":4},{"damage":19,"enemies":"Book of Stabbing","floor":29,"turns":3},{"damage":10,"enemies":"Shelled Parasite and Fungi","floor":30,"turns":2},{"damage":10,"enemies":"Snake Plant","floor":31,"turns":3},{"damage":32,"enemies":"Collector","floor":33,"turns":7}],"seed_played":"6635186688975620929","potions_obtained":[{"floor":1,"key":"Dexterity Potion"},{"floor":5,"key":"SkillPotion"},{"floor":11,"key":"Weak Potion"},{"floor":16,"key":"FearPotion"},{"floor":22,"key":"Fruit Juice"},{"floor":23,"key":"Strength Potion"},{"floor":29,"key":"Fruit Juice"}],"is_trial":false,"path_per_floor":["M","M","$","?","M","R","E","R","T","E","M","E","?","?","R","B",null,"M","?","M","$","M","E","R","?","T","?","R","E","M","M","R"],"character_chosen":"DEFECT","items_purchased":["Emotion Chip","Electrodynamics"],"campfire_rested":5,"item_purchase_floors":[21,21],"current_hp_per_floor":[58,46,46,34,26,46,26,46,46,42,40,40,40,40,60,30,68,60,60,60,60,54,47,47,19,19,19,40,21,16,6,29,0],"gold":156,"neow_bonus":"REMOVE_TWO","is_prod":false,"is_daily":false,"chose_seed":false,"campfire_upgraded":0,"win_rate":0,"timestamp":1534710662,"path_taken":["M","M","$","?","M","R","E","R","T","E","?","E","?","?","R","BOSS","M","?","M","?","M","E","R","?","T","?","R","E","M","M","R","BOSS"],"build_version":"2018-08-16","purchased_purges":2,"victory":false,"max_hp_per_floor":[68,68,68,68,68,68,68,68,68,68,68,68,68,68,68,68,68,68,68,68,68,68,73,73,73,73,73,73,73,78,78,78,78],"card_choices":[{"not_picked":["Leap","Defragment"],"picked":"FTL","floor":1},{"not_picked":["Redo","Stack"],"picked":"Beam Cell","floor":2},{"not_picked":["Leap","Coolheaded"],"picked":"Chill","floor":5},{"not_picked":["Streamline","Blizzard"],"picked":"Loop","floor":7},{"not_picked":["Hologram","Steam"],"picked":"Reboot","floor":10},{"not_picked":["Gash","Leap"],"picked":"Beam Cell","floor":11},{"not_picked":["Capacitor","Cold Snap"],"picked":"Creative AI","floor":12},{"not_picked":["Thunder Strike","Multi-Cast"],"picked":"Buffer","floor":16},{"not_picked":["Steam","Streamline+1"],"picked":"Doom and Gloom","floor":18},{"not_picked":["Go for the Eyes","Hologram+1","Leap"],"picked":"SKIP","floor":20},{"not_picked":["Ball Lightning","Coolheaded","Turbo"],"picked":"SKIP","floor":22},{"not_picked":["Force Field+1","Sweeping Beam","Blizzard"],"picked":"SKIP","floor":23},{"not_picked":["Meteor Strike","Stack","Reinforced Body"],"picked":"SKIP","floor":29},{"not_picked":["Ball Lightning","Coolheaded"],"picked":"Turbo+1","floor":30},{"not_picked":["Hello World","Fusion"],"picked":"Conserve Battery+1","floor":31}],"player_experience":339794,"relics_obtained":[{"floor":7,"key":"Anchor"},{"floor":9,"key":"Whetstone"},{"floor":10,"key":"Symbiotic Virus"},{"floor":12,"key":"Ice Cream"},{"floor":23,"key":"Shovel"},{"floor":24,"key":"Bottled Lightning"},{"floor":26,"key":"Dead Branch"},{"floor":29,"key":"Orichalcum"}],"event_choices":[{"event_name":"Scrap Ooze","player_choice":"success","floor":4,"damage_taken":12},{"event_name":"Liars Game","player_choice":"agreed","floor":13,"damage_taken":0},{"event_name":"Upgrade Shrine","player_choice":"Upgraded","floor":14,"damage_taken":0},{"event_name":"Nest","player_choice":"Stole From Cult","floor":19,"damage_taken":0},{"event_name":"Knowing Skull","player_choice":"CARD CARD CARD ","floor":25,"damage_taken":0},{"event_name":"Back to Basics","player_choice":"Simplicity","floor":27,"damage_taken":0}],"is_beta":false,"boss_relics":[{"not_picked":["Sozu","Philosopher\u0027s Stone"],"picked":"Nuclear Battery"}],"items_purged_floors":[3,21],"is_endless":false,"potions_floor_spawned":[1,5,11,16,22,23,29],"killed_by":"Collector","ascension_level":4}