{"gold_per_floor":[114,130,146,146,146,146,146,146,219,219,236,252,252,266,266,366,366,380,23,23,122,47,47,47,47,47,47,59,59,87,107,107,212,212,226,240,240,240,340,340],"floor_reached":40,"playtime":968,"items_purged":["Writhe"],"score":548,"play_id":"779a6a7f-15ff-41b9-bb8d-4e0b81db68f7","local_time":"20190424190912","is_ascension_mode":true,"campfire_choices":[{"data":"Dualcast","floor":6,"key":"SMITH"},{"data":"Coolheaded","floor":8,"key":"SMITH"},{"data":"White Noise","floor":13,"key":"SMITH"},{"data":"Tempest","floor":15,"key":"SMITH"},{"floor":23,"key":"RECALL"},{"data":"Rainbow","floor":25,"key":"SMITH"},{"data":"Rainbow","floor":29,"key":"SMITH"},{"floor":32,"key":"REST"}],"neow_cost":"NONE","seed_source_timestamp":39633790742300,"circlet_count":0,"master_deck":["Strike_B","Strike_B","Strike_B","Strike_B","Defend_B","Defend_B","Defend_B+1","Defend_B","Zap+1","Dualcast+1","Steam","Coolheaded+1","Rip and Tear+1","White Noise+1","Tempest+1","Cold Snap","Rainbow+1","Leap+1","Rainbow+1","Rainbow","Writhe"],"relics":["Cracked Core","NeowsBlessing","NlothsMask","Velvet Choker","Chemical X","Art of War","Singing Bowl","Lantern","Cursed Key","StoneCalendar"],"potions_floor_usage":[7,14,18,33,36,39],"damage_taken":[{"damage":0,"enemies":"Cultist","floor":1,"turns":1},{"damage":0,"enemies":"2 Louse","floor":2,"turns":1},{"damage":0,"enemies":"Small Slimes","floor":3,"turns":1},{"damage":0,"enemies":"Lagavulin","floor":7,"turns":1},{"damage":0,"enemies":"3 Louse","floor":11,"turns":3},{"damage":9,"enemies":"Red Slaver","floor":12,"turns":2},{"damage":2,"enemies":"2 Fungi Beasts","floor":14,"turns":5},{"damage":1,"enemies":"Slime Boss","floor":16,"turns":7},{"damage":9,"enemies":"2 Thieves","floor":18,"turns":3},{"damage":6,"enemies":"Spheric Guardian","floor":28,"turns":3},{"damage":26,"enemies":"Book of Stabbing","floor":30,"turns":5},{"damage":5,"enemies":"3 Cultists","floor":31,"turns":4},{"damage":34,"enemies":"Automaton","floor":33,"turns":12},{"damage":2,"enemies":"Orb Walker","floor":35,"turns":4},{"damage":3,"enemies":"3 Shapes","floor":36,"turns":3},{"damage":37,"enemies":"Mind Bloom Boss Battle","floor":39,"turns":5},{"damage":76,"enemies":"Giant Head","floor":40,"turns":7}],"seed_played":"3625341117284724218","potions_obtained":[{"floor":2,"key":"SmokeBomb"},{"floor":12,"key":"Regen Potion"},{"floor":14,"key":"LiquidBronze"},{"floor":31,"key":"Swift Potion"},{"floor":33,"key":"LiquidBronze"},{"floor":35,"key":"Regen Potion"},{"floor":39,"key":"Dexterity Potion"}],"is_trial":false,"path_per_floor":["M","M","M","?","?","R","E","R","T","?","M","M","R","M","R","B",null,"M","$","?","?","$","R","T","R","T","?","M","R","E","M","R","B",null,"M","M","?","?","?","E"],"character_chosen":"DEFECT","items_purchased":["Chemical X","Rainbow"],"campfire_rested":1,"item_purchase_floors":[19,19],"current_hp_per_floor":[68,68,68,53,53,53,53,53,53,53,53,44,44,56,56,55,70,61,61,61,61,61,61,61,61,61,61,57,57,33,30,54,20,66,66,74,70,91,56,0],"gold":340,"neow_bonus":"THREE_ENEMY_KILL","is_prod":false,"is_daily":false,"chose_seed":false,"campfire_upgraded":6,"win_rate":0,"timestamp":1556122152,"path_taken":["M","M","?","?","?","R","E","R","T","?","M","M","R","M","R","BOSS","M","$","?","?","$","R","?","R","T","?","?","R","E","M","R","BOSS","M","M","?","?","?","E"],"build_version":"2019-01-23","purchased_purges":1,"victory":false,"max_hp_per_floor":[75,75,75,75,75,75,75,75,75,75,75,75,75,75,75,75,75,75,75,75,75,75,75,75,75,75,75,77,77,79,81,81,81,81,83,85,91,91,93,93],"card_choices":[{"not_picked":["Streamline","Turbo"],"picked":"Steam","floor":1},{"not_picked":["Barrage","FTL"],"picked":"Coolheaded","floor":2},{"not_picked":["Amplify","Streamline"],"picked":"Rip and Tear","floor":3},{"not_picked":["Stack","Redo"],"picked":"White Noise","floor":11},{"not_picked":["Ball Lightning","Conserve Battery"],"picked":"Tempest","floor":12},{"not_picked":["Beam Cell","Compile Driver"],"picked":"Cold Snap","floor":14},{"not_picked":["Fission","Multi-Cast"],"picked":"Rainbow","floor":16},{"not_picked":["Rebound","Coolheaded"],"picked":"Leap+1","floor":18},{"not_picked":["Cold Snap+1","Coolheaded","Beam Cell"],"picked":"Singing Bowl","floor":28},{"not_picked":["Turbo","Coolheaded","Creative AI"],"picked":"Singing Bowl","floor":30},{"not_picked":["Rebound","Cold Snap","Melter"],"picked":"Singing Bowl","floor":31},{"not_picked":["Machine Learning","Thunder Strike"],"picked":"Rainbow","floor":33},{"not_picked":["Glacier","Loop+1","Force Field+1"],"picked":"Singing Bowl","floor":35},{"not_picked":["Ball Lightning+1","Skim+1","Doom and Gloom+1"],"picked":"Singing Bowl","floor":36},{"not_picked":["Finesse","Swift Strike","Enlightenment"],"picked":"Singing Bowl","floor":37},{"not_picked":["Flash of Steel","Purity","Bandage Up"],"picked":"Singing Bowl","floor":37},{"not_picked":["Blind","Swift Strike","Trip"],"picked":"Singing Bowl","floor":37},{"not_picked":["Leap","Darkness","Compile Driver+1"],"picked":"Singing Bowl","floor":39}],"player_experience":592676,"relics_obtained":[{"floor":26,"key":"Singing Bowl"},{"floor":30,"key":"Lantern"},{"floor":39,"key":"StoneCalendar"}],"event_choices":[{"damage_healed":0,"gold_gain":0,"player_choice":"Entered Light","damage_taken":15,"max_hp_gain":0,"max_hp_loss":0,"event_name":"Shining Light","floor":4,"gold_loss":0,"cards_upgraded":["Zap","Defend_B"]},{"damage_healed":0,"gold_gain":0,"player_choice":"Grow","damage_taken":0,"max_hp_gain":0,"max_hp_loss":0,"event_name":"Living Wall","floor":5,"gold_loss":0,"cards_upgraded":["Rip and Tear"]},{"damage_healed":0,"gold_gain":0,"player_choice":"Trade","damage_taken":0,"relics_obtained":["NlothsMask"],"max_hp_gain":0,"max_hp_loss":0,"event_name":"FaceTrader","floor":10,"gold_loss":0},{"damage_healed":0,"gold_gain":0,"player_choice":"Opened","damage_taken":0,"relics_obtained":["Art of War"],"max_hp_gain":0,"max_hp_loss":0,"event_name":"The Mausoleum","floor":20,"gold_loss":0,"cards_obtained":["Writhe"]},{"damage_healed":0,"gold_gain":99,"player_choice":"Stole From Cult","damage_taken":0,"max_hp_gain":0,"max_hp_loss":0,"event_name":"Nest","floor":21,"gold_loss":0},{"damage_healed":0,"gold_gain":0,"player_choice":"Ignored","damage_taken":0,"max_hp_gain":0,"max_hp_loss":0,"event_name":"WeMeetAgain","floor":27,"gold_loss":0},{"damage_healed":0,"gold_gain":0,"player_choice":"Memory 3","damage_taken":10,"max_hp_gain":0,"max_hp_loss":0,"event_name":"SensoryStone","floor":37,"gold_loss":0},{"damage_healed":23,"gold_gain":0,"player_choice":"Writhe","damage_taken":0,"max_hp_gain":0,"max_hp_loss":0,"event_name":"Winding Halls","floor":38,"gold_loss":0,"cards_obtained":["Writhe"]},{"damage_healed":0,"gold_gain":0,"player_choice":"Fight","damage_taken":0,"max_hp_gain":0,"max_hp_loss":0,"event_name":"MindBloom","floor":39,"gold_loss":0}],"is_beta":false,"boss_relics":[{"not_picked":["Coffee Dripper","Tiny House"],"picked":"Velvet Choker"},{"not_picked":["White Beast Statue","Nuclear Battery"],"picked":"Cursed Key"}],"items_purged_floors":[22],"is_endless":false,"potions_floor_spawned":[2,12,14,31,33,35,39],"killed_by":"Giant Head","ascension_level":6}