{"gold_per_floor":[109,109,119,135,60,91,91,104,152,427,441,452,470,488,488,488],"floor_reached":16,"playtime":440,"items_purged":["Defend_R"],"score":106,"play_id":"ec7094da-5315-4c5b-a9a3-2f299994c2d8","local_time":"20181123181302","is_ascension_mode":false,"campfire_choices":[{"data":"Armaments","floor":7,"key":"SMITH"},{"data":"Rampage","floor":15,"key":"SMITH"}],"neow_cost":"NONE","seed_source_timestamp":37819270566700,"circlet_count":0,"master_deck":["Strike_R","Strike_R","Strike_R","Strike_R","Strike_R","Defend_R","Defend_R","Defend_R","Bash","Armaments+1","Heavy Blade","Shrug It Off","Thunderclap","Flex","Regret","Thunderclap","Flame Barrier","Rampage+1"],"relics":["Burning Blood","NeowsBlessing","Ornamental Fan","Vajra"],"potions_floor_usage":[6,12,14,14],"damage_taken":[{"damage":0,"enemies":"Cultist","floor":1,"turns":1},{"damage":0,"enemies":"Small Slimes","floor":3,"turns":1},{"damage":0,"enemies":"Jaw Worm","floor":4,"turns":1},{"damage":31,"enemies":"Lagavulin","floor":6,"turns":5},{"damage":16,"enemies":"Blue Slaver","floor":8,"turns":3},{"damage":0,"enemies":"Exordium Wildlife","floor":11,"turns":2},{"damage":0,"enemies":"Lots of Slimes","floor":12,"turns":2},{"damage":6,"enemies":"Red Slaver","floor":13,"turns":3},{"damage":1,"enemies":"2 Fungi Beasts","floor":14,"turns":2},{"damage":62,"enemies":"The Guardian","floor":16,"turns":10}],"seed_played":"-1975530305282753924","potions_obtained":[{"floor":4,"key":"AttackPotion"},{"floor":8,"key":"Energy Potion"},{"floor":11,"key":"Explosive Potion"},{"floor":12,"key":"Poison Potion"}],"is_trial":false,"path_per_floor":["M","?","M","M","$","E","R","M","T","?","M","M","M","M","R","B"],"character_chosen":"IRONCLAD","items_purchased":[],"campfire_rested":0,"item_purchase_floors":[],"current_hp_per_floor":[80,80,80,80,80,55,55,45,45,45,51,57,57,62,62,0],"gold":488,"neow_bonus":"THREE_ENEMY_KILL","is_prod":false,"is_daily":false,"chose_seed":false,"campfire_upgraded":2,"win_rate":0,"timestamp":1542989582,"path_taken":["M","?","?","M","?","E","R","M","T","?","M","M","?","M","R","BOSS"],"build_version":"2018-11-15","purchased_purges":1,"victory":false,"max_hp_per_floor":[80,80,80,80,80,80,80,80,80,80,80,80,80,80,80,80],"card_choices":[{"not_picked":["Corruption","Sentinel"],"picked":"Armaments","floor":1},{"not_picked":["Headbutt","Flex"],"picked":"Shrug It Off","floor":3},{"not_picked":["Carnage","Battle Trance"],"picked":"Thunderclap","floor":4},{"not_picked":["Second Wind","Impervious"],"picked":"Flex","floor":6},{"not_picked":["True Grit","Burning Pact","Searing Blow"],"picked":"SKIP","floor":8},{"not_picked":["Havoc","Entrench","Body Slam"],"picked":"SKIP","floor":11},{"not_picked":["Havoc","Armaments"],"picked":"Thunderclap","floor":12},{"not_picked":["Hemokinesis","Perfected Strike"],"picked":"Flame Barrier","floor":13},{"not_picked":["Bloodletting","Body Slam"],"picked":"Rampage","floor":14}],"player_experience":459523,"relics_obtained":[{"floor":6,"key":"Ornamental Fan"},{"floor":9,"key":"Vajra"}],"event_choices":[{"damage_healed":0,"gold_gain":0,"player_choice":"1 cards matched","damage_taken":0,"max_hp_gain":0,"max_hp_loss":0,"event_name":"Match and Keep!","floor":2,"gold_loss":0,"cards_obtained":["Heavy Blade"]},{"damage_healed":0,"gold_gain":275,"player_choice":"Desecrate","damage_taken":0,"max_hp_gain":0,"max_hp_loss":0,"event_name":"Golden Shrine","floor":10,"gold_loss":0,"cards_obtained":["Regret"]}],"is_beta":false,"boss_relics":[],"items_purged_floors":[5],"is_endless":false,"potions_floor_spawned":[4,8,11,12],"killed_by":"The Guardian","ascension_level":0}