{"gold_per_floor":[17,32,32,47,47,47,47,47,47,79,19,19,29,90,90,195,195,206,206,206,206,206,206],"floor_reached":23,"playtime":534,"items_purged":["Regret"],"score":324,"play_id":"4fdf1853-958e-45f0-88c8-8886fa231ac1","local_time":"20190102151652","is_ascension_mode":true,"campfire_choices":[{"data":"Demon Form","floor":6,"key":"SMITH"},{"floor":15,"key":"REST"}],"neow_cost":"NO_GOLD","seed_source_timestamp":25528546659900,"circlet_count":0,"master_deck":["AscendersBane","Defend_R","Defend_R","Defend_R","Defend_R","Bash","Demon Form+1","Pommel Strike","Sentinel","Pummel","Double Tap","Shockwave","Limit Break","Dual Wield","Bite","Bite","Bite","Bite","Bite"],"relics":["Black Blood","Dream Catcher","Happy Flower","The Courier","Dodecahedron","Ornamental Fan","PreservedInsect","Red Skull"],"potions_floor_usage":[10,13,21],"damage_taken":[{"damage":1,"enemies":"2 Louse","floor":1,"turns":3},{"damage":1,"enemies":"Cultist","floor":2,"turns":3},{"damage":4,"enemies":"Small Slimes","floor":4,"turns":4},{"damage":22,"enemies":"Gremlin Nob","floor":10,"turns":4},{"damage":16,"enemies":"Blue Slaver","floor":13,"turns":4},{"damage":36,"enemies":"Lagavulin Event","floor":14,"turns":4},{"damage":18,"enemies":"Slime Boss","floor":16,"turns":5},{"damage":29,"enemies":"Spheric Guardian","floor":18,"turns":4},{"damage":12,"enemies":"Chosen","floor":21,"turns":4},{"damage":76,"enemies":"Slavers","floor":23,"turns":3}],"seed_played":"1634207853517090145","potions_obtained":[{"floor":1,"key":"SkillPotion"},{"floor":10,"key":"Poison Potion"},{"floor":16,"key":"SmokeBomb"}],"is_trial":false,"path_per_floor":["M","M","?","M","?","R","?","?","T","E","$","T","M","?","R","B",null,"M","?","?","M","?","E"],"character_chosen":"IRONCLAD","items_purchased":[],"campfire_rested":1,"item_purchase_floors":[],"current_hp_per_floor":[77,80,80,80,80,80,80,68,68,52,52,52,42,12,36,24,66,47,47,38,44,61,0],"gold":206,"neow_bonus":"THREE_RARE_CARDS","is_prod":false,"is_daily":false,"chose_seed":false,"campfire_upgraded":1,"win_rate":0,"timestamp":1546435012,"path_taken":["M","M","?","?","?","R","?","?","T","E","$","?","?","?","R","BOSS","M","?","?","M","?","E"],"build_version":"2018-12-20","purchased_purges":1,"victory":false,"max_hp_per_floor":[80,80,80,80,80,80,80,80,80,80,80,80,80,80,80,80,80,80,56,61,61,61,61],"card_choices":[{"not_picked":["Fiend Fire","Brutality"],"picked":"Demon Form","floor":0},{"not_picked":["Fire Breathing","Clash"],"picked":"Pommel Strike","floor":1},{"not_picked":["Blood for Blood","Power Through","Perfected Strike"],"picked":"SKIP","floor":2},{"not_picked":["Hemokinesis","Sever Soul"],"picked":"Sentinel","floor":4},{"not_picked":["Warcry","Reckless Charge","Rupture"],"picked":"SKIP","floor":10},{"not_picked":["Sword Boomerang","Intimidate"],"picked":"Pummel","floor":13},{"not_picked":["Infernal Blade","Twin Strike"],"picked":"Double Tap","floor":14},{"not_picked":["Heavy Blade","Rage"],"picked":"Shockwave","floor":15},{"not_picked":["Double Tap","Brutality"],"picked":"Limit Break","floor":16},{"not_picked":["Twin Strike","Rupture"],"picked":"Dual Wield","floor":18}],"player_experience":471351,"relics_obtained":[{"floor":3,"key":"Dream Catcher"},{"floor":9,"key":"Dodecahedron"},{"floor":10,"key":"Ornamental Fan"},{"floor":12,"key":"PreservedInsect"},{"floor":14,"key":"Red Skull"}],"event_choices":[{"damage_healed":0,"gold_gain":0,"player_choice":"Relic","damage_taken":0,"max_hp_gain":0,"max_hp_loss":0,"event_name":"Wheel of Change","floor":3,"gold_loss":0},{"damage_healed":0,"gold_gain":0,"player_choice":"Box","damage_taken":0,"relics_obtained":["Happy Flower"],"max_hp_gain":0,"max_hp_loss":0,"event_name":"Big Fish","floor":5,"gold_loss":0,"cards_obtained":["Regret"]},{"damage_healed":0,"gold_gain":0,"player_choice":"Leave","damage_taken":0,"max_hp_gain":0,"max_hp_loss":0,"event_name":"The Cleric","floor":7,"gold_loss":0},{"damage_healed":0,"gold_gain":0,"player_choice":"Success","damage_taken":12,"relics_obtained":["The Courier"],"max_hp_gain":0,"max_hp_loss":0,"event_name":"Scrap Ooze","floor":8,"gold_loss":0},{"damage_healed":0,"gold_gain":0,"player_choice":"Searched \u00271\u0027 times","damage_taken":0,"max_hp_gain":0,"max_hp_loss":0,"event_name":"Dead Adventurer","floor":14,"gold_loss":0},{"damage_healed":0,"gold_gain":0,"player_choice":"Became a vampire","damage_taken":0,"max_hp_gain":0,"max_hp_loss":24,"event_name":"Vampires","floor":19,"gold_loss":0,"cards_obtained":["Bite","Bite","Bite","Bite","Bite"]},{"damage_healed":0,"gold_gain":0,"player_choice":"Shed Blood","damage_taken":14,"max_hp_gain":5,"max_hp_loss":0,"event_name":"Forgotten Altar","floor":20,"gold_loss":0},{"damage_healed":20,"gold_gain":0,"player_choice":"Heal","damage_taken":0,"max_hp_gain":0,"max_hp_loss":0,"event_name":"The Library","floor":22,"gold_loss":0}],"is_beta":false,"boss_relics":[{"not_picked":["White Beast Statue","Astrolabe"],"picked":"Black Blood"}],"items_purged_floors":[11],"is_endless":false,"potions_floor_spawned":[1,10,16,21],"killed_by":"Slavers","ascension_level":12}