{"gold_per_floor":[116,126,126,126,126,161,16,35,60,83,101,125,150,170,170,298,298,312,327,252,275,275,275,275,294,294,307,29,29,29,45,45,166,166,190,523,536,536,553,579,579,579],"floor_reached":42,"playtime":1772,"items_purged":["Strike_G","Injury"],"score":484,"play_id":"4e3212ee-d517-420b-bd8f-298817928cb1","local_time":"20190630222126","is_ascension_mode":false,"campfire_choices":[{"data":"Dash","floor":15,"key":"SMITH"},{"data":"Survivor","floor":23,"key":"SMITH"},{"data":"Infinite Blades","floor":29,"key":"SMITH"},{"data":"Blade Dance","floor":32,"key":"SMITH"},{"data":"Burst","floor":41,"key":"SMITH"}],"neow_cost":"NONE","seed_source_timestamp":13330045336025,"circlet_count":0,"master_deck":["Defend_G","Defend_G","Defend_G","Defend_G","Defend_G","Survivor+1","Neutralize+1","Backflip","PiercingWail","Dash+1","Dagger Spray","Well Laid Plans","Terror","Corpse Explosion","Deflect","Infinite Blades+1","Bite","Bite","Bite","Bite","Blade Dance+1","Outmaneuver+1","Panache","Prepared","Burst+1","Backflip+1","Endless Agony+1","Dagger Throw+1"],"relics":["Ring of the Snake","Vajra","Shuriken","Happy Flower","Orichalcum","Cursed Key","Lantern","Coffee Dripper","Molten Egg 2"],"potions_floor_usage":[6,16,16,40,40,40],"damage_taken":[{"damage":0,"enemies":"Cultist","floor":1,"turns":5},{"damage":0,"enemies":"2 Louse","floor":2,"turns":3},{"damage":10,"enemies":"3 Sentries","floor":6,"turns":12},{"damage":0,"enemies":"Small Slimes","floor":8,"turns":3},{"damage":0,"enemies":"2 Fungi Beasts","floor":10,"turns":2},{"damage":0,"enemies":"Blue Slaver","floor":11,"turns":3},{"damage":0,"enemies":"3 Louse","floor":12,"turns":2},{"damage":0,"enemies":"Exordium Wildlife","floor":13,"turns":4},{"damage":0,"enemies":"Blue Slaver","floor":14,"turns":3},{"damage":8,"enemies":"Slime Boss","floor":16,"turns":5},{"damage":12,"enemies":"2 Thieves","floor":18,"turns":3},{"damage":0,"enemies":"3 Byrds","floor":19,"turns":4},{"damage":12,"enemies":"Snake Plant","floor":21,"turns":5},{"damage":12,"enemies":"Colosseum Slavers","floor":24,"turns":3},{"damage":0,"enemies":"3 Cultists","floor":25,"turns":2},{"damage":0,"enemies":"Snecko","floor":27,"turns":3},{"damage":0,"enemies":"Centurion and Healer","floor":31,"turns":3},{"damage":30,"enemies":"Automaton","floor":33,"turns":8},{"damage":0,"enemies":"3 Shapes","floor":35,"turns":4},{"damage":0,"enemies":"3 Darklings","floor":37,"turns":4},{"damage":0,"enemies":"Jaw Worm Horde","floor":39,"turns":3},{"damage":51,"enemies":"Nemesis","floor":40,"turns":5},{"damage":12,"enemies":"2 Orb Walkers","floor":42,"turns":1}],"seed_played":"2309506008339928929","potions_obtained":[{"floor":2,"key":"SteroidPotion"},{"floor":6,"key":"AttackPotion"},{"floor":10,"key":"GamblersBrew"},{"floor":11,"key":"Swift Potion"},{"floor":25,"key":"Dexterity Potion"},{"floor":27,"key":"SkillPotion"},{"floor":31,"key":"Strength Potion"}],"is_trial":false,"path_per_floor":["M","M","?","?","?","E","$","M","T","M","M","M","M","M","R","B",null,"M","M","$","M","?","R","?","M","T","M","$","R","?","M","R","B",null,"M","?","M","?","M","E","R","?"],"character_chosen":"THE_SILENT","items_purchased":["Happy Flower","Panache"],"campfire_rested":0,"item_purchase_floors":[7,28],"current_hp_per_floor":[70,70,45,50,32,22,22,22,22,22,22,22,22,22,22,14,75,63,63,63,51,51,51,45,51,51,52,52,52,52,52,52,25,52,52,52,52,52,52,9,9,0],"gold":579,"neow_bonus":"UPGRADE_CARD","is_prod":false,"is_daily":false,"chose_seed":false,"campfire_upgraded":5,"win_rate":1,"timestamp":1561926086,"path_taken":["M","?","?","?","?","E","?","M","T","M","M","M","M","M","R","BOSS","M","M","$","M","?","R","?","M","T","M","$","R","?","M","R","BOSS","M","?","M","?","M","E","R","?"],"build_version":"2019-01-23","purchased_purges":2,"victory":false,"max_hp_per_floor":[70,70,70,75,75,75,75,75,75,75,75,75,75,75,75,75,75,75,75,75,75,52,52,52,52,52,52,52,52,52,52,52,52,52,52,52,52,52,52,52,52,52],"card_choices":[{"not_picked":["Dodge and Roll","Dagger Spray"],"picked":"Backflip","floor":1},{"not_picked":["Underhanded Strike","Deadly Poison"],"picked":"PiercingWail","floor":2},{"not_picked":["Flechettes","Dagger Throw"],"picked":"Dash","floor":6},{"not_picked":["Blur","Dagger Throw"],"picked":"Dagger Spray","floor":8},{"not_picked":["Predator","Noxious Fumes","Poisoned Stab"],"picked":"SKIP","floor":10},{"not_picked":["Eviscerate","Acrobatics"],"picked":"Well Laid Plans","floor":11},{"not_picked":["Dagger Spray","Poisoned Stab","Quick Slash"],"picked":"SKIP","floor":12},{"not_picked":["Unload","Outmaneuver","Underhanded Strike"],"picked":"SKIP","floor":13},{"not_picked":["Underhanded Strike","Dagger Spray"],"picked":"Terror","floor":14},{"not_picked":["Glass Knife","Phantasmal Killer"],"picked":"Corpse Explosion","floor":16},{"not_picked":["Poisoned Stab","Dagger Spray"],"picked":"Deflect","floor":18},{"not_picked":["Bane+1","Acrobatics+1","Poisoned Stab"],"picked":"SKIP","floor":19},{"not_picked":["Underhanded Strike","Blade Dance"],"picked":"Infinite Blades","floor":21},{"not_picked":["Eviscerate+1","Reflex+1"],"picked":"Blade Dance","floor":25},{"not_picked":["Caltrops","Phantasmal Killer"],"picked":"Outmaneuver+1","floor":27},{"not_picked":["Blade Dance","Flying Knee+1","Terror"],"picked":"SKIP","floor":31},{"not_picked":["Malaise","Wraith Form v2"],"picked":"Burst","floor":33},{"not_picked":["Poisoned Stab+1","Leg Sweep","Outmaneuver"],"picked":"SKIP","floor":35},{"not_picked":["Catalyst","Masterful Stab+1"],"picked":"Backflip+1","floor":37},{"not_picked":["Outmaneuver+1","Slice"],"picked":"Endless Agony+1","floor":39},{"not_picked":["Flechettes+1","Corpse Explosion"],"picked":"Dagger Throw+1","floor":40}],"player_experience":18163,"relics_obtained":[{"floor":6,"key":"Shuriken"},{"floor":9,"key":"Orichalcum"},{"floor":26,"key":"Lantern"},{"floor":40,"key":"Molten Egg 2"}],"event_choices":[{"damage_healed":0,"gold_gain":0,"player_choice":"Success","damage_taken":25,"relics_obtained":["Vajra"],"max_hp_gain":0,"max_hp_loss":0,"event_name":"Scrap Ooze","floor":3,"gold_loss":0},{"damage_healed":0,"gold_gain":0,"player_choice":"Donut","damage_taken":0,"max_hp_gain":5,"max_hp_loss":0,"event_name":"Big Fish","floor":4,"gold_loss":0},{"damage_healed":0,"gold_gain":0,"player_choice":"Take Damage","damage_taken":18,"relics_obtained":["Golden Idol"],"max_hp_gain":0,"max_hp_loss":0,"event_name":"Golden Idol","floor":5,"gold_loss":0},{"damage_healed":0,"gold_gain":0,"player_choice":"Became a vampire","damage_taken":0,"max_hp_gain":0,"max_hp_loss":23,"event_name":"Vampires","floor":22,"gold_loss":0,"cards_obtained":["Bite","Bite","Bite","Bite","Bite"]},{"damage_healed":0,"gold_gain":0,"player_choice":"Fight","damage_taken":0,"max_hp_gain":0,"max_hp_loss":0,"event_name":"Colosseum","floor":24,"gold_loss":0},{"damage_healed":0,"gold_gain":0,"player_choice":"Fled From Nobs","damage_taken":0,"max_hp_gain":0,"max_hp_loss":0,"event_name":"Colosseum","floor":24,"gold_loss":0},{"damage_healed":0,"gold_gain":0,"player_choice":"Read","damage_taken":0,"max_hp_gain":0,"max_hp_loss":0,"event_name":"The Library","floor":30,"gold_loss":0,"cards_obtained":["Prepared"]},{"damage_healed":0,"gold_gain":333,"player_choice":"Gave Idol","damage_taken":0,"max_hp_gain":0,"max_hp_loss":0,"event_name":"The Moai Head","floor":36,"relics_lost":["Golden Idol"],"gold_loss":0},{"cards_removed":["Bite"],"damage_healed":0,"gold_gain":0,"player_choice":"Removed Attack","damage_taken":0,"max_hp_gain":0,"max_hp_loss":0,"event_name":"Falling","floor":38,"gold_loss":0},{"damage_healed":0,"gold_gain":0,"player_choice":"Fight","damage_taken":0,"max_hp_gain":0,"max_hp_loss":0,"event_name":"Mysterious Sphere","floor":42,"gold_loss":0}],"is_beta":false,"boss_relics":[{"not_picked":["Ectoplasm","Velvet Choker"],"picked":"Cursed Key"},{"not_picked":["Calling Bell","HoveringKite"],"picked":"Coffee Dripper"}],"items_purged_floors":[20,28],"is_endless":false,"potions_floor_spawned":[2,6,10,11,25,27,31,33,35],"killed_by":"2 Orb Walkers","ascension_level":0}