{"path_per_floor":["M","?","?","$","M","R","M","R","T","$","?","?","?","?","R","B",null,"M","?","M","?","T","?","E","R","T","E","?","$","R","M","R","B",null,"M","?","M","?","M"],"character_chosen":"IRONCLAD","items_purchased":["Infernal Blade","Toy Ornithopter"],"gold_per_floor":[111,111,111,36,51,51,64,64,146,73,73,73,142,142,142,267,267,286,186,211,211,235,235,261,261,261,287,287,92,92,103,103,207,207,219,219,232,332,350,350],"floor_reached":40,"campfire_rested":2,"playtime":1401,"current_hp_per_floor":[80,73,78,78,84,84,85,85,85,85,64,46,51,51,76,24,85,50,50,54,54,54,54,41,41,41,37,37,37,54,43,43,38,59,33,33,45,50,57,0],"items_purged":["Defend_R"],"gold":350,"score":479,"play_id":"1113496f-749c-4a87-a121-6e5a423107e6","local_time":"20180324200545","is_prod":false,"is_daily":false,"is_ascension_mode":true,"campfire_upgraded":4,"timestamp":1521914745,"path_taken":["M","?","?","$","?","R","M","R","T","$","?","?","?","?","R","BOSS","M","?","M","?","?","?","E","R","T","E","?","?","R","M","R","BOSS","M","?","?","?","M","E"],"build_version":"2018-03-22v2","purchased_purges":1,"victory":false,"master_deck":["Defend_R+1","Bash+1","Bloodletting+1","Infernal Blade+1","Thunderclap","Berserk+1","Cleave","Ghostly Armor+1","Spot Weakness+1","Rampage","J.A.X.+1","Bite","Bite","Bite","Bite","Bite","Infernal Blade+1","Inflame","Heavy Blade+1","Feed"],"max_hp_per_floor":[80,80,85,85,85,85,85,85,85,85,85,85,85,85,85,85,85,85,85,85,59,59,59,59,59,59,59,59,59,59,59,59,59,59,59,59,59,59,59,59],"relics":["Burning Blood","Meat on the Bone","Bloody Idol","Shuriken","Toxic Egg 2","Orrery","Oddly Smooth Stone","Ornamental Fan","Ice Cream","War Paint","Toy Ornithopter","Cursed Key"],"card_choices":[{"not_picked":["Flex","Anger"],"picked":"Bloodletting","floor":1},{"not_picked":["Rage","Perfected Strike"],"picked":"Thunderclap","floor":13},{"not_picked":["Double Tap","Fiend Fire"],"picked":"Berserk","floor":16},{"not_picked":["Shrug It Off","Limit Break"],"picked":"Cleave","floor":17},{"not_picked":["Entrench","Armaments"],"picked":"Ghostly Armor","floor":17},{"not_picked":["Twin Strike","Body Slam"],"picked":"Spot Weakness","floor":17},{"not_picked":["Ghostly Armor","Shrug It Off"],"picked":"Rampage","floor":18},{"not_picked":["Dropkick","Combust"],"picked":"Infernal Blade","floor":24},{"not_picked":["Clash","Exhume"],"picked":"Inflame","floor":27},{"not_picked":["Iron Wave","True Grit"],"picked":"Heavy Blade","floor":31},{"not_picked":["Demon Form","Berserk"],"picked":"Feed","floor":33}],"player_experience":125957,"potions_floor_usage":[7,16,16,16,18,20,24,40],"damage_taken":[{"damage":0,"enemies":"Small Slimes","floor":1,"turns":3},{"damage":0,"enemies":"2 Louse","floor":5,"turns":2},{"damage":0,"enemies":"Cultist","floor":7,"turns":2},{"damage":13,"enemies":"Gremlin Nob","floor":13,"turns":3},{"damage":70,"enemies":"Hexaghost","floor":16,"turns":9},{"damage":59,"enemies":"3 Byrds","floor":18,"turns":6},{"damage":20,"enemies":"2 Thieves","floor":20,"turns":3},{"damage":46,"enemies":"Slavers","floor":24,"turns":4},{"damage":31,"enemies":"Book of Stabbing","floor":27,"turns":3},{"damage":32,"enemies":"Slaver and Parasite","floor":31,"turns":4},{"damage":40,"enemies":"Collector","floor":33,"turns":7},{"damage":60,"enemies":"3 Darklings","floor":35,"turns":6},{"damage":13,"enemies":"Orb Walker","floor":37,"turns":2},{"damage":16,"enemies":"Maw","floor":39,"turns":6},{"damage":70,"enemies":"Nemesis","floor":40,"turns":4}],"event_choices":[{"event_name":"Golden Wing","player_choice":"Card Removal","floor":2,"damage_taken":0},{"event_name":"Big Fish","player_choice":"Donut","floor":3,"damage_taken":0},{"event_name":"Golden Idol","player_choice":"Take Damage","floor":11,"damage_taken":0},{"event_name":"Scrap Ooze","player_choice":"success","floor":12,"damage_taken":18},{"event_name":"Dead Adventurer","player_choice":"Searched \u00271\u0027 times","floor":13,"damage_taken":0},{"event_name":"Liars Game","player_choice":"disagreed","floor":14,"damage_taken":0},{"event_name":"Drug Dealer","player_choice":"Got JAXXED","floor":19,"damage_taken":0},{"event_name":"Vampires","player_choice":"Became a vampire","floor":21,"damage_taken":0},{"event_name":"Forgotten Altar","player_choice":"Gave Idol","floor":23,"damage_taken":0},{"event_name":"Wheel of Change","player_choice":"Card Removal","floor":28,"damage_taken":0},{"event_name":"Upgrade Shrine","player_choice":"Upgraded","floor":36,"damage_taken":0},{"event_name":"Golden Shrine","player_choice":"Pray","floor":38,"damage_taken":0}],"boss_relics":[{"not_picked":["White Beast Statue","Lizard Tail"],"picked":"Orrery"},{"not_picked":["Calling Bell","Runic Pyramid"],"picked":"Cursed Key"}],"potions_floor_spawned":[13,16,18,20,37,39],"seed_played":"6107979652478032543","killed_by":"Nemesis","ascension_level":1,"is_trial":false}