{"gold_per_floor":[10,10,10,27,40,40,40,365,365,365,365,365,385,401,401,475,475,488,504,167,182,182,182,182],"floor_reached":24,"playtime":1005,"items_purged":["Strike_R"],"score":343,"play_id":"f2d39dc5-53c6-4afc-9825-0722e38cde9e","local_time":"20190713151511","is_ascension_mode":true,"campfire_choices":[{"data":"Searing Blow","floor":6,"key":"SMITH"},{"floor":10,"key":"REST"},{"data":"Berserk","floor":15,"key":"SMITH"}],"neow_cost":"NO_GOLD","seed_source_timestamp":25318649902900,"circlet_count":0,"master_deck":["AscendersBane","Strike_R","Strike_R","Defend_R","Defend_R","Defend_R","Bash","Pommel Strike+1","Iron Wave","Pummel","Searing Blow+1","Berserk+1","Uppercut","Flame Barrier","Shrug It Off","Ghostly Armor","Fiend Fire"],"relics":["Black Blood","Pantograph","Old Coin","Pear","Dead Branch","Sundial","Matryoshka"],"potions_floor_usage":[8,18,24,24],"damage_taken":[{"damage":7,"enemies":"Small Slimes","floor":1,"turns":4},{"damage":4,"enemies":"2 Louse","floor":4,"turns":3},{"damage":1,"enemies":"Cultist","floor":5,"turns":3},{"damage":35,"enemies":"3 Sentries","floor":8,"turns":8},{"damage":9,"enemies":"Blue Slaver","floor":13,"turns":4},{"damage":6,"enemies":"Exordium Wildlife","floor":14,"turns":5},{"damage":24,"enemies":"Slime Boss","floor":16,"turns":10},{"damage":18,"enemies":"Spheric Guardian","floor":18,"turns":5},{"damage":21,"enemies":"Shell Parasite","floor":19,"turns":5},{"damage":29,"enemies":"Shelled Parasite and Fungi","floor":21,"turns":6},{"damage":65,"enemies":"Book of Stabbing","floor":24,"turns":6}],"seed_played":"6874953443362702782","potions_obtained":[{"floor":5,"key":"Regen Potion"},{"floor":14,"key":"BloodPotion"},{"floor":16,"key":"Swift Potion"},{"floor":19,"key":"FearPotion"}],"is_trial":false,"path_per_floor":["M","?","?","M","M","R","?","E","T","R","T","T","M","M","R","B",null,"M","M","$","M","?","$","E"],"character_chosen":"IRONCLAD","items_purchased":["Matryoshka"],"campfire_rested":1,"item_purchase_floors":[20],"current_hp_per_floor":[67,67,67,69,74,74,39,25,35,60,60,60,57,57,57,64,80,72,61,61,42,42,42,0],"gold":182,"neow_bonus":"TRANSFORM_TWO_CARDS","is_prod":false,"is_daily":false,"chose_seed":false,"campfire_upgraded":2,"win_rate":0,"timestamp":1563020111,"path_taken":["M","?","?","?","M","R","?","E","T","R","?","?","?","M","R","BOSS","M","M","$","M","?","$","E"],"build_version":"2019-07-05","purchased_purges":1,"victory":false,"max_hp_per_floor":[75,75,75,75,75,75,75,75,85,85,85,85,85,85,85,85,85,85,85,85,85,85,85,85],"card_choices":[{"not_picked":["Headbutt","Perfected Strike"],"picked":"Pummel","floor":1},{"not_picked":["Anger","Entrench"],"picked":"Uppercut","floor":4},{"not_picked":["Combust","Armaments"],"picked":"Flame Barrier","floor":5},{"not_picked":["Iron Wave","Sword Boomerang"],"picked":"Shrug It Off","floor":8},{"not_picked":["Havoc","Armaments"],"picked":"Ghostly Armor","floor":13},{"not_picked":["Pommel Strike","Twin Strike","Clothesline"],"picked":"SKIP","floor":14},{"not_picked":["Limit Break","Brutality"],"picked":"Fiend Fire","floor":16},{"not_picked":["Iron Wave+1","Anger","Thunderclap"],"picked":"SKIP","floor":18},{"not_picked":["Combust","Iron Wave","Sever Soul"],"picked":"SKIP","floor":19},{"not_picked":["Heavy Blade","Armaments","Flame Barrier"],"picked":"SKIP","floor":21}],"player_experience":665638,"relics_obtained":[{"floor":8,"key":"Old Coin"},{"floor":9,"key":"Pear"},{"floor":11,"key":"Dead Branch"},{"floor":12,"key":"Sundial"}],"event_choices":[{"damage_healed":0,"gold_gain":0,"player_choice":"Grow","damage_taken":0,"max_hp_gain":0,"max_hp_loss":0,"event_name":"Living Wall","floor":2,"gold_loss":0,"cards_upgraded":["Pommel Strike"]},{"damage_healed":0,"gold_gain":0,"player_choice":"2 cards matched","damage_taken":0,"max_hp_gain":0,"max_hp_loss":0,"event_name":"Match and Keep!","floor":3,"gold_loss":0,"cards_obtained":["Searing Blow","Berserk"]},{"damage_healed":0,"gold_gain":0,"player_choice":"Success","damage_taken":35,"relics_obtained":["Pantograph"],"max_hp_gain":0,"max_hp_loss":0,"event_name":"Scrap Ooze","floor":7,"gold_loss":0},{"cards_removed":["Strike_R"],"damage_healed":0,"gold_gain":0,"player_choice":"Offered Basic","damage_taken":0,"max_hp_gain":0,"max_hp_loss":0,"event_name":"Bonfire Elementals","floor":22,"gold_loss":0}],"is_beta":false,"boss_relics":[{"not_picked":["Black Star","Fusion Hammer"],"picked":"Black Blood"}],"items_purged_floors":[20],"is_endless":false,"potions_floor_spawned":[5,14,16,19],"killed_by":"Book of Stabbing","ascension_level":15}