{"gold_per_floor":[112,74,74,74,249,279,279,304,304,319,334,131,131,94,94,169,219,187,112,112,130,145,178,178,33,33,33,60,72,72,72,72,72],"floor_reached":33,"playtime":3846,"items_purged":["Doubt"],"score":559,"play_id":"969fbbdc-fc77-449a-867a-bb353e1dd72b","local_time":"20190717210325","is_ascension_mode":true,"campfire_choices":[{"data":"Neutralize","floor":7.0,"key":"SMITH"},{"data":"Cloak And Dagger","floor":15.0,"key":"SMITH"},{"floor":24.0,"key":"REST"},{"data":"Cloak And Dagger","floor":27.0,"key":"SMITH"},{"floor":30,"key":"REST"},{"floor":32,"key":"REST"}],"neow_cost":"NONE","seed_source_timestamp":657563807520193,"circlet_count":0,"master_deck":["AscendersBane","Strike_G","Strike_G","Strike_G+1","Defend_G","Defend_G+1","Defend_G","Defend_G","Defend_G+1","Survivor","Neutralize+1","Dagger Spray","Footwork","Dagger Throw","Sucker Punch","Cloak And Dagger+1","After Image","Backflip","Caltrops","After Image","Dodge and Roll","Cloak And Dagger+1","Backflip","Deflect","Dagger Throw","Well Laid Plans+1","Sucker Punch+1"],"special_seed":0,"relics":["Ring of the Snake","NeowsBlessing","PreservedInsect","War Paint","Matryoshka","Lantern","Tiny House","Juzu Bracelet","Happy Flower","Snake Skull","Dodecahedron","The Specimen"],"potions_floor_usage":[28],"damage_taken":[{"damage":0.0,"enemies":"Small Slimes","floor":1.0,"turns":1.0},{"damage":0.0,"enemies":"Gremlin Nob","floor":6.0,"turns":1.0},{"damage":0.0,"enemies":"3 Sentries","floor":8.0,"turns":1.0},{"damage":4.0,"enemies":"Cultist","floor":10.0,"turns":4.0},{"damage":4.0,"enemies":"2 Louse","floor":11.0,"turns":2.0},{"damage":37.0,"enemies":"Slime Boss","floor":16.0,"turns":12.0},{"damage":8.0,"enemies":"2 Thieves","floor":18.0,"turns":5.0},{"damage":0.0,"enemies":"Shell Parasite","floor":21.0,"turns":9.0},{"damage":9.0,"enemies":"Snake Plant","floor":22.0,"turns":7.0},{"damage":16.0,"enemies":"Slavers","floor":23.0,"turns":5.0},{"damage":31,"enemies":"Gremlin Leader","floor":28,"turns":6},{"damage":7,"enemies":"3 Cultists","floor":29,"turns":7},{"damage":44,"enemies":"Collector","floor":33,"turns":23}],"seed_played":"-5952438645589407493","potions_obtained":[{"floor":1.0,"key":"FearPotion"},{"floor":6.0,"key":"PowerPotion"},{"floor":8.0,"key":"Fire Potion"},{"floor":17.0,"key":"Energy Potion"},{"floor":18.0,"key":"Weak Potion"},{"floor":23.0,"key":"SteroidPotion"}],"is_trial":false,"path_per_floor":["M","$","?","$","?","E","R","E","T","M","M","$","?","$","R","B",null,"M","?","?","M","M","E","R","$","T","R","E","M","R","?","R","B"],"character_chosen":"THE_SILENT","items_purchased":["Footwork","After Image","Backflip","Caltrops","Happy Flower"],"campfire_rested":3,"item_purchase_floors":[2,12,12,14,25],"current_hp_per_floor":[63,63,63,63,63,63,63,63,63,59,55,55,48,48,48,11,60,52,52,52,52,43,27,49,49,49,49,18,11,33,19,43,0],"gold":72,"neow_bonus":"THREE_ENEMY_KILL","is_prod":false,"is_daily":false,"chose_seed":false,"campfire_upgraded":3,"win_rate":0,"timestamp":1563411805,"path_taken":["M","$","?","?","?","E","R","E","T","M","M","$","?","?","R","BOSS","M","?","?","M","M","E","R","$","T","R","E","M","R","?","R","BOSS"],"build_version":"2019-07-05","purchased_purges":1,"victory":false,"max_hp_per_floor":[70,70,70,70,70,70,70,70,70,70,70,70,70,70,70,70,75,75,75,75,75,75,75,75,75,75,75,75,75,75,80,80,80],"card_choices":[{"not_picked":["Choke","Blade Dance"],"picked":"Dagger Spray","floor":1.0},{"not_picked":["Poisoned Stab","Predator"],"picked":"Dagger Throw","floor":6.0},{"not_picked":["Phantasmal Killer","Grand Finale","Accuracy"],"picked":"SKIP","floor":8.0},{"not_picked":["PiercingWail","Prepared"],"picked":"Sucker Punch","floor":10.0},{"not_picked":["Bane","Crippling Poison"],"picked":"Cloak And Dagger","floor":11.0},{"not_picked":["Phantasmal Killer","Bullet Time"],"picked":"After Image","floor":16.0},{"not_picked":["Sucker Punch","Poisoned Stab"],"picked":"Dodge and Roll","floor":17.0},{"not_picked":["Bane","Predator","Acrobatics"],"picked":"SKIP","floor":18.0},{"not_picked":["PiercingWail","All Out Attack"],"picked":"Backflip","floor":21.0},{"not_picked":["Bane","Outmaneuver"],"picked":"Deflect","floor":22.0},{"not_picked":["Acrobatics","Bane"],"picked":"Dagger Throw","floor":23.0},{"not_picked":["Bane","Masterful Stab"],"picked":"Well Laid Plans+1","floor":28},{"not_picked":["Cloak And Dagger","Backflip"],"picked":"Sucker Punch+1","floor":29}],"player_experience":653387,"relics_obtained":[{"floor":6.0,"key":"PreservedInsect"},{"floor":8.0,"key":"War Paint"},{"floor":9.0,"key":"Matryoshka"},{"floor":23.0,"key":"Juzu Bracelet"},{"floor":26.0,"key":"Snake Skull"},{"floor":26.0,"key":"Dodecahedron"},{"floor":28,"key":"The Specimen"}],"event_choices":[{"cards_removed":["Strike_G"],"damage_healed":0.0,"max_hp_gain":0.0,"max_hp_loss":0.0,"gold_gain":0.0,"event_name":"Purifier","player_choice":"Purged","floor":3.0,"gold_loss":0.0,"damage_taken":0.0},{"damage_healed":0.0,"max_hp_gain":0.0,"max_hp_loss":0.0,"gold_gain":175.0,"event_name":"Liars Game","player_choice":"AGREE","floor":5.0,"gold_loss":0.0,"damage_taken":0.0,"cards_obtained":["Doubt"]},{"damage_healed":0.0,"max_hp_gain":0.0,"max_hp_loss":0.0,"gold_gain":0.0,"event_name":"Scrap Ooze","player_choice":"Success","floor":13.0,"gold_loss":0.0,"damage_taken":7.0,"relics_obtained":["Lantern"]},{"cards_removed":["Strike_G"],"damage_healed":0.0,"max_hp_gain":0.0,"max_hp_loss":0.0,"gold_gain":0.0,"event_name":"Beggar","player_choice":"Gave Gold","floor":19.0,"gold_loss":75.0,"damage_taken":0.0},{"damage_healed":0.0,"max_hp_gain":0.0,"max_hp_loss":0.0,"gold_gain":0.0,"event_name":"The Library","player_choice":"Read","floor":20.0,"gold_loss":0.0,"damage_taken":0.0,"cards_obtained":["Cloak And Dagger"]},{"damage_healed":0,"gold_gain":0,"player_choice":"Shed Blood","damage_taken":19,"max_hp_gain":5,"max_hp_loss":0,"event_name":"Forgotten Altar","floor":31,"gold_loss":0}],"is_beta":false,"boss_relics":[{"not_picked":["Busted Crown","WristBlade"],"picked":"Tiny House"}],"items_purged_floors":[12],"is_endless":false,"potions_floor_spawned":[1,6,8,10,18,23],"killed_by":"Collector","ascension_level":13}