{"gold_per_floor":[115,40,57,75,75,75,75,75,75,75,93,123,123,135,135,237,237,257,157,169,169,181,181,200,53,77,87,87,87,87,117,117,220,270,286,286,306,406,110,110,143,143,143,143,56,84,101,119,119,119],"floor_reached":51,"playtime":2751,"items_purged":["Decay","Strike_B","Strike_B","Defend_B"],"score":773,"play_id":"d7bb3e85-3b41-4faf-a47f-90a86b990b45","local_time":"20190628213846","is_ascension_mode":false,"campfire_choices":[{"data":"Electrodynamics","floor":6,"key":"SMITH"},{"data":"Zap","floor":8,"key":"SMITH"},{"data":"Dualcast","floor":15,"key":"SMITH"},{"data":"Reprogram","floor":23,"key":"SMITH"},{"data":"Go for the Eyes","floor":32,"key":"SMITH"},{"data":"Fission","floor":40,"key":"SMITH"},{"data":"Double Energy","floor":42,"key":"SMITH"},{"data":"Madness","floor":44,"key":"SMITH"},{"data":"Madness","floor":49,"key":"SMITH"}],"neow_cost":"CURSE","seed_source_timestamp":44107248636675,"circlet_count":0,"master_deck":["Strike_B+1","Defend_B+1","Defend_B","Defend_B+1","Zap+1","Dualcast+1","Electrodynamics+1","Coolheaded+1","BootSequence","Reboot","Go for the Eyes+1","Double Energy+1","Reprogram+1","Chill+1","Gash+1","BootSequence","Go for the Eyes+1","Fission+1","Storm+1","Madness+1","Madness+1","Reprogram+1","Gash","Purity","Reboot","Fusion+1","BootSequence+1"],"relics":["Cracked Core","Ornamental Fan","Unceasing Top","Gremlin Horn","Inserter","Whetstone","Pantograph","Pocketwatch","Tiny House","Calipers","Oddly Smooth Stone","Anchor","Juzu Bracelet","Mummified Hand"],"potions_floor_usage":[16,16,50,50],"damage_taken":[{"damage":7,"enemies":"2 Louse","floor":1,"turns":3},{"damage":10,"enemies":"Jaw Worm","floor":3,"turns":4},{"damage":1,"enemies":"Cultist","floor":4,"turns":3},{"damage":2,"enemies":"Exordium Thugs","floor":11,"turns":3},{"damage":1,"enemies":"3 Sentries","floor":12,"turns":2},{"damage":4,"enemies":"2 Fungi Beasts","floor":14,"turns":2},{"damage":24,"enemies":"The Guardian","floor":16,"turns":14},{"damage":5,"enemies":"Spheric Guardian","floor":18,"turns":3},{"damage":0,"enemies":"Chosen","floor":20,"turns":4},{"damage":10,"enemies":"Snecko","floor":22,"turns":7},{"damage":0,"enemies":"Centurion and Healer","floor":24,"turns":3},{"damage":0,"enemies":"Sentry and Sphere","floor":27,"turns":3},{"damage":16,"enemies":"Slavers","floor":31,"turns":5},{"damage":38,"enemies":"Champ","floor":33,"turns":8},{"damage":0,"enemies":"3 Shapes","floor":35,"turns":6},{"damage":0,"enemies":"3 Darklings","floor":37,"turns":2},{"damage":21,"enemies":"Mind Bloom Boss Battle","floor":38,"turns":8},{"damage":0,"enemies":"Giant Head","floor":41,"turns":4},{"damage":0,"enemies":"Reptomancer","floor":46,"turns":1},{"damage":0,"enemies":"Writhing Mass","floor":47,"turns":2},{"damage":0,"enemies":"Jaw Worm Horde","floor":48,"turns":1},{"damage":66,"enemies":"Time Eater","floor":50,"turns":11}],"seed_played":"-1451310831867596559","potions_obtained":[{"floor":3,"key":"EssenceOfSteel"},{"floor":11,"key":"PowerPotion"},{"floor":12,"key":"Regen Potion"},{"floor":18,"key":"PowerPotion"},{"floor":27,"key":"GamblersBrew"},{"floor":34,"key":"Energy Potion"}],"is_trial":false,"path_per_floor":["M","$","M","M","?","R","$","R","T","?","M","E","T","M","R","B",null,"M","$","M","?","M","R","M","$","T","M","?","$","T","E","R","B",null,"M","?","M","?","$","R","E","R","T","R","$","E","M","M","R","B",null],"character_chosen":"DEFECT","items_purchased":["Gash","Oddly Smooth Stone","Purity"],"campfire_rested":0,"item_purchase_floors":[25,39,45],"current_hp_per_floor":[68,68,58,57,42,42,42,42,42,42,40,39,39,35,35,26,75,70,70,70,70,60,60,60,60,60,60,60,60,60,44,44,31,80,80,70,70,59,59,59,59,59,59,59,59,59,59,59,59,14],"gold":119,"neow_bonus":"THREE_RARE_CARDS","is_prod":false,"is_daily":false,"chose_seed":false,"campfire_upgraded":9,"win_rate":0,"timestamp":1561750726,"path_taken":["M","$","M","M","?","R","$","R","T","?","?","E","?","M","R","BOSS","M","$","M","?","M","R","M","$","T","M","?","?","?","E","R","BOSS","M","?","M","?","$","R","E","R","T","R","?","E","M","M","R","BOSS"],"build_version":"2019-01-23","purchased_purges":4,"victory":true,"max_hp_per_floor":[75,75,75,75,75,75,75,75,75,75,75,75,75,75,75,75,75,75,75,75,75,75,75,75,75,75,75,75,75,75,75,75,75,80,80,80,80,80,80,80,80,80,80,80,80,80,80,80,80,80],"card_choices":[{"not_picked":["Seek","All For One"],"picked":"Electrodynamics","floor":0},{"not_picked":["Gash","Compile Driver","Barrage"],"picked":"SKIP","floor":1},{"not_picked":["Fusion","Tempest","Doom and Gloom"],"picked":"SKIP","floor":3},{"not_picked":["Stack","Steam Power"],"picked":"Coolheaded","floor":4},{"not_picked":["Steam","Stack","Go for the Eyes"],"picked":"SKIP","floor":11},{"not_picked":["Skim","Hologram","Stack"],"picked":"SKIP","floor":12},{"not_picked":["Loop","Streamline"],"picked":"BootSequence","floor":14},{"not_picked":["Hyperbeam","Biased Cognition"],"picked":"Reboot","floor":16},{"not_picked":["Streamline","Barrage"],"picked":"Go for the Eyes+1","floor":18},{"not_picked":["Capacitor","Undo+1"],"picked":"Double Energy","floor":20},{"not_picked":["Stack","Leap"],"picked":"Reprogram","floor":22},{"not_picked":["Stack","Compile Driver"],"picked":"Chill+1","floor":24},{"not_picked":["Sweeping Beam","Genetic Algorithm+1"],"picked":"BootSequence","floor":27},{"not_picked":["Conserve Battery","Scrape"],"picked":"Go for the Eyes","floor":31},{"not_picked":["Amplify","Biased Cognition"],"picked":"Fission","floor":33},{"not_picked":["Cold Snap","Tempest"],"picked":"Storm+1","floor":35},{"not_picked":["Barrage","Turbo+1","Force Field+1"],"picked":"SKIP","floor":37},{"not_picked":["Leap+1","Force Field+1"],"picked":"Reprogram+1","floor":38},{"not_picked":["Leap","Ball Lightning+1"],"picked":"Gash","floor":41},{"not_picked":["Undo","Leap"],"picked":"Reboot","floor":46},{"not_picked":["Self Repair+1","Recycle"],"picked":"Fusion+1","floor":47},{"not_picked":["Streamline+1","Redo"],"picked":"BootSequence+1","floor":48}],"player_experience":15412,"relics_obtained":[{"floor":9,"key":"Ornamental Fan"},{"floor":12,"key":"Unceasing Top"},{"floor":13,"key":"Gremlin Horn"},{"floor":26,"key":"Whetstone"},{"floor":30,"key":"Pantograph"},{"floor":31,"key":"Pocketwatch"},{"floor":38,"key":"Calipers"},{"floor":41,"key":"Anchor"},{"floor":43,"key":"Juzu Bracelet"},{"floor":46,"key":"Mummified Hand"}],"event_choices":[{"damage_healed":0,"gold_gain":0,"player_choice":"Entered Light","damage_taken":15,"max_hp_gain":0,"max_hp_loss":0,"event_name":"Shining Light","floor":5,"gold_loss":0,"cards_upgraded":["Strike_B","Defend_B"]},{"damage_healed":0,"gold_gain":0,"player_choice":"Upgraded","damage_taken":0,"max_hp_gain":0,"max_hp_loss":0,"event_name":"Upgrade Shrine","floor":10,"gold_loss":0,"cards_upgraded":["Coolheaded"]},{"cards_removed":["Strike_B"],"damage_healed":0,"gold_gain":0,"player_choice":"Elegance","damage_taken":0,"max_hp_gain":0,"max_hp_loss":0,"event_name":"Back to Basics","floor":21,"gold_loss":0},{"damage_healed":0,"gold_gain":0,"player_choice":"Ignored","damage_taken":0,"max_hp_gain":0,"max_hp_loss":0,"event_name":"Vampires","floor":28,"gold_loss":0},{"damage_healed":0,"gold_gain":0,"player_choice":"Embrace Madness","damage_taken":10,"max_hp_gain":0,"max_hp_loss":0,"event_name":"Winding Halls","floor":36,"gold_loss":0,"cards_obtained":["Madness","Madness"]},{"damage_healed":0,"gold_gain":0,"player_choice":"Fight","damage_taken":0,"max_hp_gain":0,"max_hp_loss":0,"event_name":"MindBloom","floor":38,"gold_loss":0}],"is_beta":false,"boss_relics":[{"not_picked":["Busted Crown","White Beast Statue"],"picked":"Inserter"},{"not_picked":["Runic Pyramid","Velvet Choker"],"picked":"Tiny House"}],"items_purged_floors":[2,19,25,39],"is_endless":false,"potions_floor_spawned":[3,11,12,14,18,27,33,38,46,48],"ascension_level":0}