{"gold_per_floor":[114,73,88,103,103,133,57,87,87,147,162,177,207,207],"floor_reached":14,"playtime":1335,"items_purged":[],"score":120,"play_id":"67bf1768-662c-42b8-b504-abe10ab8ecac","local_time":"20180718201351","daily_mods":["Shiny","Elite Swarm","Terminal"],"is_ascension_mode":false,"campfire_choices":[],"neow_cost":"","seed_source_timestamp":0,"circlet_count":0,"master_deck":["Multi-Cast","Hyperbeam","Thunder Strike","Biased Cognition","Machine Learning+1","Electrodynamics","Buffer","Rainbow","Seek","Meteor Strike","Echo Form","All For One","Reboot","Amplify","Creative AI+1","Fission","Core Surge","Streamline","Storm","Doom and Gloom","Seek","Heatsinks","Rainbow","Amplify","White Noise","Core Surge"],"special_seed":17731,"relics":["Cracked Core","Boot","Ice Cream","Bottled Lightning","Tiny Chest","Bottled Tornado"],"potions_floor_usage":[6,8,13,13,14],"damage_taken":[{"damage":0,"enemies":"2 Louse","floor":1,"turns":2},{"damage":6,"enemies":"Jaw Worm","floor":3,"turns":2},{"damage":0,"enemies":"Cultist","floor":4,"turns":2},{"damage":3,"enemies":"3 Sentries","floor":6,"turns":3},{"damage":5,"enemies":"Gremlin Nob","floor":8,"turns":3},{"damage":20,"enemies":"Lagavulin","floor":10,"turns":5},{"damage":6,"enemies":"2 Fungi Beasts","floor":11,"turns":3},{"damage":13,"enemies":"Large Slime","floor":12,"turns":4},{"damage":2,"enemies":"3 Sentries","floor":13,"turns":3},{"damage":17,"enemies":"Gremlin Gang","floor":14,"turns":1}],"seed_played":"-3692985004623791933","potions_obtained":[{"floor":1,"key":"Regen Potion"},{"floor":6,"key":"Weak Potion"},{"floor":11,"key":"EssenceOfSteel"},{"floor":12,"key":"LiquidBronze"},{"floor":13,"key":"FocusPotion"}],"is_trial":false,"path_per_floor":["M","$","M","M","?","E","$","E","T","E","M","M","E"],"character_chosen":"DEFECT","items_purchased":["Storm","Heatsinks"],"campfire_rested":0,"item_purchase_floors":[2,7],"current_hp_per_floor":[73,72,66,66,52,58,58,53,53,33,27,14,12,0],"gold":207,"neow_bonus":"","is_prod":false,"is_daily":true,"chose_seed":false,"campfire_upgraded":0,"win_rate":0.0,"timestamp":1531962831,"path_taken":["M","$","M","M","?","E","$","E","T","E","M","?","E","M"],"build_version":"2018-07-12","purchased_purges":0,"victory":false,"max_hp_per_floor":[73,72,71,70,69,68,67,66,65,64,63,62,61,61],"card_choices":[{"not_picked":["Glacier","Auto Shields"],"picked":"Streamline","floor":1},{"not_picked":["Cold Snap","Coolheaded"],"picked":"Doom and Gloom","floor":3},{"not_picked":["Coolheaded","Conserve Battery","Rebound"],"picked":"SKIP","floor":4},{"not_picked":["All For One","Meteor Strike"],"picked":"Seek","floor":6},{"not_picked":["Fission","Hyperbeam"],"picked":"Rainbow","floor":8},{"not_picked":["Rainbow","Core Surge"],"picked":"Amplify","floor":10},{"not_picked":["Capacitor","Hologram"],"picked":"White Noise","floor":11},{"not_picked":["Hologram","Scrape","Turbo"],"picked":"SKIP","floor":12},{"not_picked":["Thunder Strike","Meteor Strike"],"picked":"Core Surge","floor":13}],"player_experience":67069,"relics_obtained":[{"floor":6,"key":"Boot"},{"floor":8,"key":"Ice Cream"},{"floor":9,"key":"Bottled Lightning"},{"floor":10,"key":"Tiny Chest"},{"floor":13,"key":"Bottled Tornado"}],"event_choices":[{"event_name":"Shining Light","player_choice":"Entered Light","floor":5,"damage_taken":0}],"boss_relics":[],"items_purged_floors":[],"is_endless":false,"potions_floor_spawned":[1,6,11,12,13],"killed_by":"Gremlin Gang","ascension_level":0}