{"gold_per_floor":[20,36,211,221,232,264,264,590,672,682,682,699,699,712,712,835,898,916,916,935,516,539,539],"floor_reached":23,"playtime":1347,"items_purged":[],"score":281,"play_id":"b85241f1-dd3b-462a-9f83-654f8a1ddfcf","local_time":"20190706104927","is_ascension_mode":true,"campfire_choices":[{"data":"Glass Knife","floor":7,"key":"SMITH"},{"floor":15,"key":"REST"}],"neow_cost":"NO_GOLD","seed_source_timestamp":13189426933100,"circlet_count":0,"master_deck":["Strike_G","Strike_G","Strike_G","Strike_G","Defend_G","Defend_G","Defend_G","Defend_G","Defend_G","Survivor","Neutralize","Glass Knife+1","Caltrops","Noxious Fumes+1","Dagger Throw","Infinite Blades","Adrenaline","Distraction","PiercingWail","After Image","Envenom","Prepared","Blade Dance+1","After Image","Infinite Blades","Dagger Spray"],"relics":["Ring of the Snake","Snake Skull","Old Coin","Bottled Tornado","Golden Idol","Tiny House","Anchor","Bronze Scales"],"potions_floor_usage":[4,5,6,12,22,23],"damage_taken":[{"damage":9,"enemies":"Jaw Worm","floor":1,"turns":2},{"damage":0,"enemies":"Small Slimes","floor":2,"turns":3},{"damage":0,"enemies":"Cultist","floor":4,"turns":3},{"damage":6,"enemies":"2 Fungi Beasts","floor":5,"turns":3},{"damage":4,"enemies":"3 Sentries","floor":6,"turns":6},{"damage":17,"enemies":"Lagavulin","floor":8,"turns":6},{"damage":6,"enemies":"Blue Slaver","floor":10,"turns":3},{"damage":11,"enemies":"Lots of Slimes","floor":12,"turns":3},{"damage":4,"enemies":"Looter","floor":14,"turns":4},{"damage":27,"enemies":"The Guardian","floor":16,"turns":10},{"damage":15,"enemies":"Chosen","floor":18,"turns":5},{"damage":22,"enemies":"Spheric Guardian","floor":20,"turns":5},{"damage":16,"enemies":"Snake Plant","floor":22,"turns":4},{"damage":8,"enemies":"Slavers","floor":23,"turns":1}],"seed_played":"-132062464786553774","potions_obtained":[{"floor":1,"key":"Explosive Potion"},{"floor":4,"key":"Weak Potion"},{"floor":5,"key":"Block Potion"},{"floor":10,"key":"EssenceOfSteel"},{"floor":17,"key":"Strength Potion"},{"floor":20,"key":"Poison Potion"}],"is_trial":false,"path_per_floor":["M","M","?","M","M","E","R","E","T","M","?","M","?","M","R","B",null,"M","?","M","$","M","E"],"character_chosen":"THE_SILENT","items_purchased":["Infinite Blades","Anchor","Bronze Scales","Dagger Spray"],"campfire_rested":1,"item_purchase_floors":[21,21,21,21],"current_hp_per_floor":[61,61,61,61,55,51,51,34,34,28,28,17,17,13,32,5,55,40,40,18,18,2,0],"gold":539,"neow_bonus":"THREE_RARE_CARDS","is_prod":false,"is_daily":false,"chose_seed":false,"campfire_upgraded":1,"win_rate":0,"timestamp":1562399367,"path_taken":["M","M","?","M","M","E","R","E","T","M","?","M","?","M","R","BOSS","M","?","M","$","M","E"],"build_version":"2019-07-05","purchased_purges":0,"victory":false,"max_hp_per_floor":[70,70,70,70,70,70,70,70,70,70,70,70,65,65,65,65,70,70,70,70,70,70,70],"card_choices":[{"not_picked":["Storm of Steel","Night Terror"],"picked":"Glass Knife","floor":0},{"not_picked":["Backstab","Flying Knee"],"picked":"Caltrops","floor":1},{"not_picked":["Dagger Spray","Deadly Poison"],"picked":"Noxious Fumes","floor":2},{"not_picked":["Underhanded Strike","Deflect"],"picked":"Dagger Throw","floor":4},{"not_picked":["Dodge and Roll","Flechettes"],"picked":"Infinite Blades","floor":5},{"not_picked":["Quick Slash","Sucker Punch"],"picked":"Adrenaline","floor":6},{"not_picked":["Deflect","Dagger Throw"],"picked":"Distraction","floor":8},{"not_picked":["Cloak And Dagger","Quick Slash","Prepared"],"picked":"SKIP","floor":10},{"not_picked":["Dodge and Roll","Endless Agony"],"picked":"PiercingWail","floor":12},{"not_picked":["Flechettes","Concentrate"],"picked":"After Image","floor":14},{"not_picked":["Venomology","Bullet Time"],"picked":"Envenom","floor":16},{"not_picked":["Poisoned Stab","Deflect"],"picked":"Prepared","floor":17},{"not_picked":["Outmaneuver+1","Cloak And Dagger"],"picked":"Blade Dance+1","floor":18},{"not_picked":["Bouncing Flask","Dash"],"picked":"After Image","floor":20},{"not_picked":["Underhanded Strike","Outmaneuver","Flying Knee"],"picked":"SKIP","floor":22}],"player_experience":647269,"relics_obtained":[{"floor":6,"key":"Snake Skull"},{"floor":8,"key":"Old Coin"},{"floor":9,"key":"Bottled Tornado"}],"event_choices":[{"damage_healed":0,"gold_gain":175,"player_choice":"AGREE","damage_taken":0,"max_hp_gain":0,"max_hp_loss":0,"event_name":"Liars Game","floor":3,"gold_loss":0,"cards_obtained":["Doubt"]},{"cards_removed":["Doubt"],"damage_healed":0,"gold_gain":0,"player_choice":"Forget","damage_taken":0,"max_hp_gain":0,"max_hp_loss":0,"event_name":"Living Wall","floor":11,"gold_loss":0},{"damage_healed":0,"gold_gain":0,"player_choice":"Lose Max HP","damage_taken":0,"relics_obtained":["Golden Idol"],"max_hp_gain":0,"max_hp_loss":5,"event_name":"Golden Idol","floor":13,"gold_loss":0},{"cards_removed":["Strike_G"],"damage_healed":0,"gold_gain":0,"player_choice":"Purged","damage_taken":0,"max_hp_gain":0,"max_hp_loss":0,"event_name":"Purifier","floor":19,"gold_loss":0}],"is_beta":false,"boss_relics":[{"not_picked":["Coffee Dripper","Eternal Feather"],"picked":"Tiny House"}],"items_purged_floors":[],"is_endless":false,"potions_floor_spawned":[1,4,5,10,20],"killed_by":"Slavers","ascension_level":5}