{"gold_per_floor":[109,129,6,6,6,39,39,39,39,39,49,65,35,52,52,154,154,164,182,28,48,48,48,68,82,107,107,107,118,17,17,17,115,115,130,4,4,0,0,0,27,38,115,148,15,34,34],"floor_reached":47,"playtime":2393,"items_purged":["Strike_R","Strike_R","Defend_R","Defend_R","Feed"],"score":611,"play_id":"be46fbfb-eae6-4ada-b9a2-b0b19c2ad607","local_time":"20190718141212","is_ascension_mode":true,"campfire_choices":[{"data":"Body Slam","floor":7,"key":"SMITH"},{"data":"Bash","floor":10,"key":"SMITH"},{"data":"Inflame","floor":15,"key":"SMITH"},{"data":"Limit Break","floor":23,"key":"SMITH"},{"data":"Shrug It Off","floor":28,"key":"SMITH"},{"floor":32,"key":"REST"},{"data":"Entrench","floor":40,"key":"SMITH"}],"neow_cost":"NONE","seed_source_timestamp":60570670719614,"circlet_count":0,"master_deck":["Bash+1","Body Slam+1","Inflame+1","Shrug It Off","Twin Strike","Pommel Strike","Limit Break+1","Shrug It Off+1","Entrench+1","Reaper","Madness","Madness","Entrench+1","Whirlwind+1","Ghostly Armor"],"relics":["Burning Blood","NeowsBlessing","Smiling Mask","Lantern","Busted Crown","Bag of Marbles","Empty Cage","Red Mask","Torii","Molten Egg 2","Kunai"],"potions_floor_usage":[6,18,24,25,33,33,41,41,46],"damage_taken":[{"damage":0,"enemies":"Small Slimes","floor":1,"turns":1},{"damage":0,"enemies":"Jaw Worm","floor":2,"turns":1},{"damage":0,"enemies":"Lagavulin","floor":6,"turns":1},{"damage":0,"enemies":"Cultist","floor":11,"turns":3},{"damage":26,"enemies":"Large Slime","floor":12,"turns":4},{"damage":1,"enemies":"3 Louse","floor":14,"turns":3},{"damage":52,"enemies":"The Guardian","floor":16,"turns":9},{"damage":19,"enemies":"Spheric Guardian","floor":18,"turns":4},{"damage":7,"enemies":"Chosen","floor":19,"turns":4},{"damage":28,"enemies":"Centurion and Healer","floor":21,"turns":5},{"damage":33,"enemies":"Snake Plant","floor":24,"turns":4},{"damage":31,"enemies":"Sentry and Sphere","floor":25,"turns":6},{"damage":9,"enemies":"Centurion and Healer","floor":29,"turns":4},{"damage":35,"enemies":"Collector","floor":33,"turns":5},{"damage":5,"enemies":"3 Shapes","floor":35,"turns":4},{"damage":52,"enemies":"Nemesis","floor":41,"turns":7},{"damage":34,"enemies":"3 Darklings","floor":42,"turns":5},{"damage":1,"enemies":"Giant Head","floor":44,"turns":6},{"damage":54,"enemies":"Transient","floor":46,"turns":5},{"damage":46,"enemies":"Jaw Worm Horde","floor":47,"turns":2}],"seed_played":"6514591470199639163","potions_obtained":[{"floor":2,"key":"Strength Potion"},{"floor":12,"key":"BloodPotion"},{"floor":16,"key":"SkillPotion"},{"floor":19,"key":"Regen Potion"},{"floor":24,"key":"Ancient Potion"},{"floor":33,"key":"GamblersBrew"},{"floor":44,"key":"Weak Potion"},{"floor":46,"key":"FearPotion"}],"is_trial":false,"path_per_floor":["M","M","$","?","$","E","R","?","T","R","M","M","?","M","R","B",null,"M","M","$","M","?","R","M","M","T","?","R","M","$","?","R","B",null,"M","$","?","?","?","R","E","M","T","E","$","M","M"],"character_chosen":"IRONCLAD","items_purchased":["Shrug It Off","FairyPotion","SteroidPotion","Regen Potion","Whirlwind+1","SteroidPotion"],"campfire_rested":1,"item_purchase_floors":[3,20,30,36,45,45],"current_hp_per_floor":[80,80,80,80,80,80,80,80,80,80,80,63,63,71,71,25,86,76,75,75,56,56,56,55,48,48,48,48,48,48,48,78,49,101,104,104,91,91,91,91,66,56,56,61,61,23,0],"gold":34,"neow_bonus":"THREE_ENEMY_KILL","is_prod":false,"is_daily":false,"chose_seed":false,"campfire_upgraded":6,"win_rate":0,"timestamp":1563477132,"path_taken":["M","M","$","?","?","E","R","?","T","R","M","?","?","M","R","BOSS","M","M","$","M","?","R","M","?","T","?","R","M","$","?","R","BOSS","M","$","?","?","?","R","E","M","T","E","$","M","?"],"build_version":"2019-07-17","purchased_purges":5,"victory":false,"max_hp_per_floor":[80,80,80,80,80,80,80,80,80,80,80,83,83,86,86,86,86,89,89,89,92,92,92,95,98,98,98,98,101,101,101,101,101,101,104,104,104,104,104,104,104,104,104,104,104,104,104],"card_choices":[{"not_picked":["Iron Wave","Warcry"],"picked":"Body Slam","floor":1},{"not_picked":["Heavy Blade","Dual Wield"],"picked":"Inflame","floor":2},{"not_picked":["Havoc","Fire Breathing"],"picked":"Feed","floor":6},{"not_picked":["Iron Wave","Sword Boomerang"],"picked":"Twin Strike","floor":11},{"not_picked":["Armaments","Warcry"],"picked":"Pommel Strike","floor":12},{"not_picked":["Anger","Seeing Red"],"picked":"Evolve","floor":14},{"not_picked":["Dark Embrace","Exhume"],"picked":"Limit Break","floor":16},{"not_picked":["Bloodletting"],"picked":"SKIP","floor":18},{"not_picked":[],"picked":"Shrug It Off","floor":19},{"not_picked":["Disarm"],"picked":"SKIP","floor":21},{"not_picked":["Thunderclap"],"picked":"SKIP","floor":24},{"not_picked":["Flex"],"picked":"SKIP","floor":25},{"not_picked":[],"picked":"Entrench","floor":29},{"not_picked":[],"picked":"Reaper","floor":33},{"not_picked":["Sword Boomerang+1"],"picked":"SKIP","floor":35},{"not_picked":["Shockwave+1"],"picked":"SKIP","floor":41},{"not_picked":["Shockwave"],"picked":"SKIP","floor":42},{"not_picked":[],"picked":"Entrench+1","floor":44},{"not_picked":[],"picked":"Ghostly Armor","floor":46}],"player_experience":361247,"relics_obtained":[{"floor":6,"key":"Smiling Mask"},{"floor":9,"key":"Lantern"},{"floor":26,"key":"Bag of Marbles"},{"floor":41,"key":"Torii"},{"floor":43,"key":"Molten Egg 2"},{"floor":44,"key":"Kunai"}],"event_choices":[{"damage_healed":0,"gold_gain":0,"player_choice":"Ignored","damage_taken":0,"max_hp_gain":0,"max_hp_loss":0,"event_name":"Liars Game","floor":4,"gold_loss":0},{"cards_removed":["Strike_R"],"damage_healed":0,"gold_gain":0,"player_choice":"Forget","damage_taken":0,"max_hp_gain":0,"max_hp_loss":0,"event_name":"Living Wall","floor":8,"gold_loss":0},{"damage_healed":0,"gold_gain":0,"player_choice":"Left Gold","damage_taken":0,"max_hp_gain":0,"max_hp_loss":0,"event_name":"World of Goop","floor":13,"gold_loss":30},{"cards_removed":["Strike_R"],"damage_healed":0,"gold_gain":0,"player_choice":"Purged","damage_taken":0,"max_hp_gain":0,"max_hp_loss":0,"event_name":"Purifier","floor":22,"gold_loss":0},{"cards_removed":["Strike_R"],"damage_healed":0,"gold_gain":0,"player_choice":"Elegance","damage_taken":0,"max_hp_gain":0,"max_hp_loss":0,"event_name":"Back to Basics","floor":27,"gold_loss":0},{"damage_healed":0,"gold_gain":0,"player_choice":"Ignored","damage_taken":0,"max_hp_gain":0,"max_hp_loss":0,"event_name":"Vampires","floor":31,"gold_loss":0},{"damage_healed":0,"gold_gain":0,"player_choice":"Embrace Madness","damage_taken":13,"max_hp_gain":0,"max_hp_loss":0,"event_name":"Winding Halls","floor":37,"gold_loss":0,"cards_obtained":["Madness","Madness"]},{"damage_healed":0,"gold_gain":0,"player_choice":"Paid","damage_taken":0,"relics_obtained":["Red Mask"],"max_hp_gain":0,"max_hp_loss":0,"event_name":"Tomb of Lord Red Mask","floor":38,"gold_loss":4},{"cards_removed":["Evolve"],"damage_healed":0,"gold_gain":0,"player_choice":"Purged","damage_taken":0,"max_hp_gain":0,"max_hp_loss":0,"event_name":"Purifier","floor":39,"gold_loss":0}],"is_beta":false,"boss_relics":[{"not_picked":["Runic Pyramid","Coffee Dripper"],"picked":"Busted Crown"},{"not_picked":["Snecko Eye","Velvet Choker"],"picked":"Empty Cage"}],"items_purged_floors":[3,20,30,36,45],"is_endless":false,"potions_floor_spawned":[2,12,16,19,24,33,44,46],"killed_by":"Jaw Worm Horde","ascension_level":2}