{"path_per_floor":["M","?","$","?","M","E","R","M","T","?","R","E","R","M","R","B",null,"M","?","?","M","M","R","E","$","T","M","E","R","T","?","R","B",null,"M","?","?","M","M","R","?","$","T","M","R","?","E","$","R","B"],"character_chosen":"IRONCLAD","items_purchased":["Matryoshka","Regal Pillow","EssenceOfSteel","Poison Potion","Bronze Scales"],"gold_per_floor":[109,109,59,59,72,99,99,119,119,294,294,319,319,331,331,428,428,440,365,365,377,397,397,432,134,158,176,201,201,201,201,201,298,298,318,318,371,383,393,393,393,122,122,137,137,137,162,12,12,12],"floor_reached":51,"campfire_rested":7,"playtime":2069,"current_hp_per_floor":[66,59,59,59,65,32,56,50,50,50,74,67,67,64,64,28,67,44,44,44,50,43,67,67,67,67,53,35,59,59,43,67,51,73,75,65,35,27,24,48,38,38,38,50,80,80,81,81,81,46],"items_purged":["Strike_R","Clash"],"gold":12,"score":1079,"play_id":"041fed21-65ed-466e-85b0-cba6ca4efc9f","local_time":"20180518100538","is_prod":false,"is_daily":false,"chose_seed":false,"is_ascension_mode":true,"campfire_upgraded":3,"timestamp":1526627138,"campfire_choices":[{"floor":7,"key":"REST"},{"floor":11,"key":"REST"},{"data":"Inflame","floor":13,"key":"SMITH"},{"data":"Inflame","floor":15,"key":"SMITH"},{"floor":23,"key":"REST"},{"floor":29,"key":"REST"},{"floor":32,"key":"REST"},{"floor":40,"key":"REST"},{"floor":45,"key":"REST"},{"data":"Jack Of All Trades","floor":49,"key":"SMITH"}],"path_taken":["M","?","$","?","?","E","R","M","T","?","R","E","R","M","R","BOSS","M","?","?","M","M","R","E","?","T","?","E","R","?","?","R","BOSS","M","?","?","?","M","R","?","$","T","M","R","?","E","?","R","BOSS"],"build_version":"2018-05-17","seed_source_timestamp":179654093832813,"purchased_purges":4,"victory":true,"master_deck":["Bash","Clothesline","Inflame+1","Inflame+1","Inflame","Offering","Feel No Pain","Thunderclap","Intimidate","Pummel+1","Warcry","Combust","Seeing Red","Immolate","Trip","Dramatic Entrance","Jack Of All Trades+1","Madness","Madness"],"max_hp_per_floor":[80,80,80,80,80,80,80,80,80,80,80,80,80,80,80,80,80,80,80,80,80,80,80,80,80,80,80,80,80,80,80,80,80,80,80,80,80,80,80,80,80,80,80,80,80,80,85,85,85,85],"relics":["Burning Blood","Smiling Mask","Ancient Tea Set","Blue Candle","Dead Branch","Pandora\u0027s Box","Vajra","Matryoshka","Blood Vial","Bag of Marbles","Whetstone","Orichalcum","Bottled Tornado","Nilry\u0027s Codex","Mark of Pain","Bird Faced Urn","Regal Pillow","Pantograph","Singing Bowl","Bronze Scales"],"card_choices":[{"not_picked":["Warcry","Blood for Blood"],"picked":"Clothesline","floor":1},{"not_picked":["Havoc","Armaments"],"picked":"Inflame","floor":5},{"not_picked":["Feel No Pain","Clothesline","Hemokinesis"],"picked":"SKIP","floor":6},{"not_picked":["Battle Trance","Sever Soul","Clothesline"],"picked":"SKIP","floor":8},{"not_picked":["Uppercut","Armaments","Headbutt"],"picked":"SKIP","floor":12},{"not_picked":["True Grit","Shrug It Off"],"picked":"Inflame","floor":14},{"not_picked":["Berserk","Dark Embrace"],"picked":"Offering","floor":16},{"not_picked":["Metallicize","Iron Wave+1"],"picked":"Combust","floor":18},{"not_picked":["Headbutt","Dual Wield","Wild Strike"],"picked":"SKIP","floor":21},{"not_picked":["Metallicize","Burning Pact","Feel No Pain"],"picked":"SKIP","floor":22},{"not_picked":["Iron Wave+1","Havoc+1","Hemokinesis"],"picked":"SKIP","floor":24},{"not_picked":["Thunderclap","Flex"],"picked":"Seeing Red","floor":27},{"not_picked":["Sword Boomerang","Ghostly Armor","Wild Strike"],"picked":"SKIP","floor":28},{"not_picked":["Dark Embrace","Exhume"],"picked":"Immolate","floor":33},{"not_picked":["Thunderclap+1","Twin Strike","True Grit"],"picked":"SKIP","floor":35},{"not_picked":["Transmutation","Enlightenment"],"picked":"Trip","floor":36},{"not_picked":["Mind Blast","Purity"],"picked":"Dramatic Entrance","floor":36},{"not_picked":["Purity","Blind"],"picked":"Jack Of All Trades","floor":36},{"not_picked":["Sever Soul+1","Anger","Pommel Strike+1"],"picked":"SKIP","floor":38},{"not_picked":["Twin Strike+1","Pommel Strike","Sentinel"],"picked":"SKIP","floor":39},{"not_picked":["Warcry+1","Shrug It Off+1","Thunderclap"],"picked":"SKIP","floor":44},{"not_picked":["Shrug It Off+1","True Grit+1","Pommel Strike+1"],"picked":"Singing Bowl","floor":47}],"player_experience":245920,"potions_floor_usage":[16,21,28,33,33,35,50,50],"damage_taken":[{"damage":12,"enemies":"Jaw Worm","floor":1,"turns":3},{"damage":0,"enemies":"Small Slimes","floor":5,"turns":3},{"damage":39,"enemies":"3 Sentries","floor":6,"turns":7},{"damage":12,"enemies":"2 Louse","floor":8,"turns":3},{"damage":13,"enemies":"Gremlin Nob","floor":12,"turns":3},{"damage":9,"enemies":"Blue Slaver","floor":14,"turns":2},{"damage":42,"enemies":"Slime Boss","floor":16,"turns":7},{"damage":29,"enemies":"2 Thieves","floor":18,"turns":3},{"damage":0,"enemies":"Chosen","floor":21,"turns":1},{"damage":13,"enemies":"3 Cultists","floor":22,"turns":2},{"damage":6,"enemies":"Gremlin Leader","floor":24,"turns":3},{"damage":22,"enemies":"Snake Plant","floor":27,"turns":2},{"damage":26,"enemies":"Book of Stabbing","floor":28,"turns":3},{"damage":24,"enemies":"Automaton","floor":33,"turns":5},{"damage":6,"enemies":"3 Darklings","floor":35,"turns":2},{"damage":38,"enemies":"Mysterious Sphere","floor":37,"turns":3},{"damage":22,"enemies":"3 Shapes","floor":38,"turns":2},{"damage":29,"enemies":"Maw","floor":39,"turns":5},{"damage":0,"enemies":"3 Darklings","floor":44,"turns":2},{"damage":12,"enemies":"Nemesis","floor":47,"turns":1},{"damage":59,"enemies":"Awakened One","floor":50,"turns":8}],"relics_obtained":[{"floor":6,"key":"Ancient Tea Set"},{"floor":9,"key":"Blue Candle"},{"floor":12,"key":"Dead Branch"},{"floor":24,"key":"Vajra"},{"floor":26,"key":"Blood Vial"},{"floor":26,"key":"Bag of Marbles"},{"floor":28,"key":"Whetstone"},{"floor":30,"key":"Orichalcum"},{"floor":30,"key":"Bottled Tornado"},{"floor":31,"key":"Nilry\u0027s Codex"},{"floor":37,"key":"Bird Faced Urn"},{"floor":43,"key":"Pantograph"},{"floor":47,"key":"Singing Bowl"}],"event_choices":[{"event_name":"Scrap Ooze","player_choice":"success","floor":2,"damage_taken":7},{"event_name":"Transmorgrifier","player_choice":"Transform","floor":4,"damage_taken":0},{"event_name":"Liars Game","player_choice":"agreed","floor":10,"damage_taken":0},{"event_name":"Beggar","player_choice":"Gave Gold","floor":19,"damage_taken":0},{"event_name":"The Lab","player_choice":"Got Potions","floor":20,"damage_taken":0},{"event_name":"Cursed Tome","player_choice":"Obtained Book","floor":31,"damage_taken":0},{"event_name":"SensoryStone","player_choice":"Memory 3","floor":36,"damage_taken":0},{"event_name":"Mysterious Sphere","player_choice":"Fight","floor":37,"damage_taken":0},{"event_name":"Winding Halls","player_choice":"Embrace Madness","floor":41,"damage_taken":0}],"boss_relics":[{"not_picked":["Snecko Eye","Lizard Tail"],"picked":"Pandora\u0027s Box"},{"not_picked":["White Beast Statue","Calling Bell"],"picked":"Mark of Pain"}],"potions_floor_spawned":[5,6,18,28,33,35,37],"seed_played":"-2921278705270763967","ascension_level":7,"potions_obtained":[{"floor":5,"key":"Swift Potion"},{"floor":6,"key":"Weak Potion"},{"floor":18,"key":"Ancient Potion"},{"floor":20,"key":"EssenceOfSteel"},{"floor":20,"key":"Energy Potion"},{"floor":28,"key":"Energy Potion"},{"floor":33,"key":"AttackPotion"},{"floor":35,"key":"SpeedPotion"},{"floor":37,"key":"BloodPotion"}],"is_trial":false}