{"gold_per_floor":[119,119,119,130,55,80,80,107,107,107,137,154,154,183,183,279,279,294,294,326,133,133,133],"floor_reached":23,"playtime":6066,"items_purged":["Defend_B","Defend_B"],"score":233,"play_id":"da822abc-1407-421a-a900-c72a89378ccd","local_time":"20180624155916","is_ascension_mode":true,"campfire_choices":[{"floor":7,"key":"REST"},{"floor":10,"key":"REST"},{"data":"Genetic Algorithm","floor":13,"key":"SMITH"},{"floor":15,"key":"REST"}],"neow_cost":"NONE","seed_source_timestamp":108852866032687,"circlet_count":0,"master_deck":["Strike_B","Strike_B+1","Strike_B","Defend_B+1","Defend_B","Zap+1","Dualcast+1","Genetic Algorithm+1","Self Repair","Skim","Conserve Battery+1","Rainbow"],"relics":["Cracked Core","Turnip","Smiling Mask","Incense Burner","War Paint","Philosopher\u0027s Stone","Red Mask","Blood Vial"],"potions_floor_usage":[1,6,6,8,11],"damage_taken":[{"damage":11,"enemies":"Small Slimes","floor":1,"turns":3},{"damage":0,"enemies":"Cultist","floor":4,"turns":2},{"damage":20,"enemies":"Gremlin Nob","floor":6,"turns":4},{"damage":33,"enemies":"3 Sentries","floor":8,"turns":6},{"damage":0,"enemies":"3 Sentries","floor":11,"turns":1},{"damage":1,"enemies":"2 Louse","floor":12,"turns":2},{"damage":36,"enemies":"Gremlin Nob","floor":14,"turns":4},{"damage":55,"enemies":"Slime Boss","floor":16,"turns":13},{"damage":10,"enemies":"Shell Parasite","floor":18,"turns":5},{"damage":65,"floor":20,"turns":5},{"damage":25,"enemies":"Slavers","floor":23,"turns":3}],"seed_played":"119604231937416212","potions_obtained":[{"floor":4,"key":"SpeedPotion"},{"floor":6,"key":"SmokeBomb"}],"is_trial":false,"path_per_floor":["M","?","?","M","$","E","R","E","T","R","?","M","R","E","R","B",null,"M","?","?","$","?"],"character_chosen":"DEFECT","items_purchased":["Blood Vial"],"campfire_rested":3,"item_purchase_floors":[21],"current_hp_per_floor":[69,69,53,53,53,33,57,31,31,55,62,68,68,39,63,15,80,77,77,19,19,19,0],"gold":133,"neow_bonus":"THREE_SMALL_POTIONS","is_prod":false,"is_daily":false,"chose_seed":false,"campfire_upgraded":1,"win_rate":0,"timestamp":1529845156,"path_taken":["M","?","?","M","$","E","R","E","T","R","?","?","R","E","R","BOSS","M","?","?","$","?","E"],"build_version":"2018-06-21v2","purchased_purges":2,"victory":false,"max_hp_per_floor":[80,80,80,80,80,80,80,80,80,80,80,80,80,80,80,80,80,80,80,80,80,80,80],"card_choices":[{"not_picked":["Barrage","Heatsinks","Steam"],"picked":"SKIP","floor":1},{"not_picked":["Steam","Sweeping Beam"],"picked":"Genetic Algorithm","floor":4},{"not_picked":["Coolheaded","Steam"],"picked":"Self Repair","floor":6},{"not_picked":["Cold Snap","Static Discharge"],"picked":"Skim","floor":8},{"not_picked":["Tempest","Chill"],"picked":"Conserve Battery","floor":12},{"not_picked":["Turbo","Coolheaded","Compile Driver"],"picked":"SKIP","floor":14},{"not_picked":["Biased Cognition","Electrodynamics"],"picked":"Rainbow","floor":16},{"not_picked":["Leap","Stack","Steam"],"picked":"SKIP","floor":18}],"player_experience":296342,"relics_obtained":[{"floor":6,"key":"Turnip"},{"floor":8,"key":"Smiling Mask"},{"floor":9,"key":"Incense Burner"},{"floor":14,"key":"War Paint"},{"floor":20,"key":"Red Mask"}],"event_choices":[{"event_name":"Upgrade Shrine","player_choice":"Upgraded","floor":2,"damage_taken":0},{"event_name":"Shining Light","player_choice":"Entered Light","floor":3,"damage_taken":0},{"event_name":"Dead Adventurer","player_choice":"Searched \u00272\u0027 times","floor":11,"damage_taken":0},{"event_name":"Ghosts","player_choice":"Ignored","floor":19,"damage_taken":0},{"event_name":"Masked Bandits","player_choice":"Fought over 294 gold","floor":20,"damage_taken":0},{"event_name":"Purifier","player_choice":"One Purge","floor":22,"damage_taken":0}],"boss_relics":[{"not_picked":["White Beast Statue","Snecko Eye"],"picked":"Philosopher\u0027s Stone"}],"items_purged_floors":[5,21],"is_endless":false,"potions_floor_spawned":[4,6],"killed_by":"Slavers","ascension_level":3}