{"path_per_floor":["M","?","?","M","?","E","M","?","T","E","R","E","M","M","R","B",null,"M","$","M","M","M","R","E","R","T","?","$","E","M","E","R"],"character_chosen":"IRONCLAD","items_purchased":["Whetstone","Bronze Scales"],"gold_per_floor":[119,119,119,135,135,170,182,182,228,258,258,283,298,314,314,413,413,413,188,188,188,188,188,188,188,188,188,36,36,36,36,36,36],"floor_reached":33,"campfire_rested":2,"playtime":1228,"current_hp_per_floor":[78,83,76,81,81,63,63,63,63,54,54,52,50,56,56,36,73,79,79,81,66,62,62,44,69,69,61,61,38,28,10,35,0],"items_purged":["Strike_R"],"gold":36,"score":423,"play_id":"e6d2d2a8-53d8-4359-9ba5-fcd7ba5ce1bc","local_time":"20180419211308","is_prod":false,"is_daily":false,"chose_seed":false,"is_ascension_mode":true,"campfire_upgraded":3,"timestamp":1524161588,"path_taken":["M","?","?","M","?","E","?","?","T","E","R","E","M","M","R","BOSS","M","$","?","M","M","R","E","R","T","?","$","E","?","E","R","BOSS"],"build_version":"2018-04-12","seed_source_timestamp":261231365010510,"purchased_purges":1,"victory":false,"master_deck":["Strike_R+1","Strike_R+1","Defend_R","Defend_R","Defend_R","Defend_R","Bash","Shockwave+1","Heavy Blade","Thunderclap","Uppercut","Cleave+1","Berserk+1","Ghostly Armor","Berserk+1","Spot Weakness+1","Shrug It Off"],"max_hp_per_floor":[80,85,85,85,85,85,85,85,85,85,85,85,85,85,85,85,85,85,85,85,85,85,85,85,85,85,85,85,85,85,85,85,85],"relics":["Burning Blood","Mercury Hourglass","Pen Nib","Lantern","Orichalcum","Ectoplasm","Whetstone","Art of War","Dodecahedron","Bronze Scales","Ancient Tea Set","Smiling Mask"],"card_choices":[{"not_picked":["Hemokinesis","Burning Pact"],"picked":"Shockwave","floor":0},{"not_picked":["Warcry","Hemokinesis"],"picked":"Heavy Blade","floor":1},{"not_picked":["True Grit","Second Wind"],"picked":"Thunderclap","floor":4},{"not_picked":["Armaments","Thunderclap"],"picked":"Uppercut","floor":6},{"not_picked":["Flex","Pommel Strike"],"picked":"Cleave","floor":7},{"not_picked":["Fire Breathing","Anger"],"picked":"Berserk","floor":10},{"not_picked":["Thunderclap","Reckless Charge"],"picked":"Ghostly Armor","floor":12},{"not_picked":["Limit Break","Barricade"],"picked":"Berserk","floor":16},{"not_picked":["Entrench","Shockwave"],"picked":"Spot Weakness","floor":29},{"not_picked":["Searing Blow","Armaments"],"picked":"Shrug It Off","floor":31}],"player_experience":211920,"potions_floor_usage":[6,10,12,16,20,22,30],"damage_taken":[{"damage":0,"enemies":"Cultist","floor":1,"turns":4},{"damage":1,"enemies":"Small Slimes","floor":4,"turns":4},{"damage":24,"enemies":"Gremlin Nob","floor":6,"turns":4},{"damage":6,"enemies":"Jaw Worm","floor":7,"turns":4},{"damage":15,"enemies":"3 Sentries","floor":10,"turns":4},{"damage":8,"enemies":"Gremlin Nob","floor":12,"turns":3},{"damage":8,"enemies":"Blue Slaver","floor":13,"turns":3},{"damage":0,"enemies":"Large Slime","floor":14,"turns":5},{"damage":26,"enemies":"Hexaghost","floor":16,"turns":7},{"damage":0,"enemies":"Chosen","floor":18,"turns":3},{"damage":4,"enemies":"Shell Parasite","floor":20,"turns":4},{"damage":21,"enemies":"Snake Plant","floor":21,"turns":4},{"damage":10,"enemies":"Centurion and Healer","floor":22,"turns":5},{"damage":24,"enemies":"Slavers","floor":24,"turns":5},{"damage":29,"enemies":"Book of Stabbing","floor":29,"turns":4},{"damage":16,"enemies":"Slaver and Parasite","floor":30,"turns":5},{"damage":24,"enemies":"Slavers","floor":31,"turns":3},{"damage":53,"enemies":"Collector","floor":33,"turns":6}],"event_choices":[{"event_name":"Big Fish","player_choice":"Donut","floor":2,"damage_taken":0},{"event_name":"Golden Wing","player_choice":"Card Removal","floor":3,"damage_taken":0},{"event_name":"Upgrade Shrine","player_choice":"Upgraded","floor":5,"damage_taken":0},{"event_name":"Living Wall","player_choice":"Forget","floor":8,"damage_taken":0},{"event_name":"Wheel of Change","player_choice":"Damage","floor":27,"damage_taken":0}],"boss_relics":[{"not_picked":["Lizard Tail","Velvet Choker"],"picked":"Ectoplasm"}],"potions_floor_spawned":[4,7,10,12,18,21,29],"seed_played":"-6781827134033343188","killed_by":"Collector","ascension_level":6,"is_trial":false}