{"gold_per_floor":[17,17,33,33,46,46,71,88,139,163,163,178,178,196,196,295,295,309,408,408,423,434,463,463,463],"floor_reached":25,"playtime":1076,"items_purged":[],"score":323,"play_id":"308826aa-9e9c-4a62-a411-ba6910e4cb8d","local_time":"20180924193046","is_ascension_mode":true,"campfire_choices":[{"data":"Juggernaut","floor":6.0,"key":"SMITH"},{"floor":13.0,"key":"REST"},{"data":"Dark Shackles","floor":15.0,"key":"SMITH"},{"data":"Juggernaut","floor":24.0,"key":"SMITH"}],"neow_cost":"NO_GOLD","seed_source_timestamp":0,"circlet_count":0,"master_deck":["Strike_R","Strike_R","Strike_R","Defend_R","Defend_R","Defend_R","Bash","Disarm","Dropkick","Juggernaut+1","Dark Shackles+1","Burning Pact","Reaper","Disarm","Juggernaut+1"],"special_seed":0,"relics":["Burning Blood","Mummified Hand","Bronze Scales","Odd Mushroom","Boot","Busted Crown","Orichalcum"],"potions_floor_usage":[],"damage_taken":[{"damage":14.0,"enemies":"Jaw Worm","floor":1.0,"turns":3.0},{"damage":8.0,"enemies":"Cultist","floor":3.0,"turns":4.0},{"damage":0.0,"enemies":"Small Slimes","floor":5.0,"turns":3.0},{"damage":8.0,"enemies":"Lagavulin","floor":7.0,"turns":6.0},{"damage":1.0,"enemies":"Blue Slaver","floor":8.0,"turns":4.0},{"damage":28.0,"enemies":"The Mushroom Lair","floor":10.0,"turns":5.0},{"damage":23.0,"enemies":"Lots of Slimes","floor":12.0,"turns":3.0},{"damage":3.0,"enemies":"Large Slime","floor":14.0,"turns":7.0},{"damage":27.0,"enemies":"The Guardian","floor":16.0,"turns":14.0},{"damage":34.0,"enemies":"2 Thieves","floor":18.0,"turns":4.0},{"damage":0.0,"enemies":"3 Byrds","floor":21.0,"turns":3.0},{"damage":22.0,"enemies":"Centurion and Healer","floor":22.0,"turns":7.0},{"damage":37.0,"enemies":"Gremlin Leader","floor":23.0,"turns":8.0},{"damage":45,"enemies":"Slavers","floor":25,"turns":3}],"seed_played":"-7730112510041801644","potions_obtained":[{"floor":1.0,"key":"Poison Potion"},{"floor":7.0,"key":"SteroidPotion"},{"floor":8.0,"key":"Dexterity Potion"},{"floor":14.0,"key":"Weak Potion"},{"floor":18.0,"key":"SneckoOil"},{"floor":21.0,"key":"Weak Potion"}],"is_trial":false,"path_per_floor":["M","?","M","?","M","R","E","M","T","?","?","M","R","M","R","B",null,"M","?","?","M","M","E","R"],"character_chosen":"IRONCLAD","items_purchased":[],"campfire_rested":1,"item_purchase_floors":[],"current_hp_per_floor":[64,64,62,62,68,68,66,71,71,49,31,31,55,61,61,44,71,61,61,61,67,57,32,32,0],"gold":463,"neow_bonus":"REMOVE_TWO","is_prod":false,"is_daily":false,"chose_seed":false,"campfire_upgraded":3,"win_rate":0,"timestamp":1537806646,"path_taken":["M","?","M","?","?","R","E","M","T","?","?","M","R","M","R","BOSS","M","?","?","M","M","E","R","E"],"build_version":"2018-09-20","purchased_purges":0,"victory":false,"max_hp_per_floor":[80,80,80,80,80,80,80,80,80,80,80,80,80,80,80,80,80,80,80,80,80,80,80,80,80],"card_choices":[{"not_picked":["Rupture","Pommel Strike"],"picked":"Disarm","floor":1.0},{"not_picked":["Clothesline","Shrug It Off"],"picked":"Dropkick","floor":3.0},{"not_picked":["Blood for Blood","Perfected Strike","Wild Strike"],"picked":"SKIP","floor":5.0},{"not_picked":["Second Wind","Havoc","Clash"],"picked":"SKIP","floor":7.0},{"not_picked":["Carnage","Dropkick"],"picked":"Burning Pact","floor":8.0},{"not_picked":["Pommel Strike","Headbutt"],"picked":"Reaper","floor":10.0},{"not_picked":["Iron Wave","Twin Strike","Body Slam"],"picked":"SKIP","floor":12.0},{"not_picked":["Wild Strike","Anger"],"picked":"Disarm","floor":14.0},{"not_picked":["Offering","Berserk"],"picked":"Juggernaut","floor":16.0},{"not_picked":["Perfected Strike+1"],"picked":"SKIP","floor":18.0},{"not_picked":["Armaments+1"],"picked":"SKIP","floor":21.0},{"not_picked":["Ghostly Armor"],"picked":"SKIP","floor":22.0},{"not_picked":["Thunderclap"],"picked":"SKIP","floor":23.0}],"player_experience":375626,"relics_obtained":[{"floor":7.0,"key":"Mummified Hand"},{"floor":9.0,"key":"Bronze Scales"},{"floor":10.0,"key":"Odd Mushroom"},{"floor":23.0,"key":"Orichalcum"}],"event_choices":[{"event_name":"Purifier","player_choice":"One Purge","floor":2.0,"damage_taken":0.0},{"event_name":"Match and Keep!","player_choice":"2 cards matched","floor":4.0,"damage_taken":0.0},{"event_name":"Mushrooms","player_choice":"Fought Mushrooms","floor":10.0,"damage_taken":0.0},{"event_name":"Scrap Ooze","player_choice":"success","floor":11.0,"damage_taken":18.0},{"event_name":"Nest","player_choice":"Stole From Cult","floor":19.0,"damage_taken":0.0},{"event_name":"Vampires","player_choice":"Ignored","floor":20.0,"damage_taken":0.0}],"is_beta":false,"boss_relics":[{"not_picked":["Mark of Pain","Cursed Key"],"picked":"Busted Crown"}],"items_purged_floors":[],"is_endless":false,"potions_floor_spawned":[1,7,8,14,18,21],"killed_by":"Slavers","ascension_level":9}