{"gold_per_floor":[112,125,19,29,3,29,29,39,39,71,71,85,116,116,116,219,219,229,247,7,17,17,49,69,86,86,86,98,112,112,125,125,224,224,237,255,275,3,3,34,34,34,34,34,66,66,28,45,45,45],"floor_reached":51,"playtime":6363,"items_purged":["Defend_G","Defend_G"],"score":774,"play_id":"382c1c9d-04b3-4a3d-9b8a-072fad5da01d","local_time":"20180721035143","is_ascension_mode":false,"campfire_choices":[{"data":"Infinite Blades","floor":7,"key":"SMITH"},{"floor":15,"key":"REST"},{"floor":30,"key":"REST"},{"floor":32,"key":"REST"},{"floor":41,"key":"REST"},{"data":"After Image","floor":44,"key":"SMITH"},{"floor":46,"key":"REST"},{"data":"Noxious Fumes","floor":49,"key":"SMITH"}],"neow_cost":"NONE","seed_source_timestamp":868472070679224,"circlet_count":0,"master_deck":["Defend_G","Defend_G+1","Defend_G","Strike_G","Strike_G","Strike_G","Strike_G","Strike_G","Survivor","Neutralize","Dagger Spray+1","Backflip","Infinite Blades+1","Deflect","Blade Dance","Outmaneuver","Deflect","Leg Sweep","Expertise","Outmaneuver","Caltrops","Tools of the Trade","Sucker Punch+1","Skewer","Dagger Throw","Footwork","PiercingWail","Trip","Cloak And Dagger+1","PiercingWail","After Image+1","Outmaneuver+1","Deflect","Cloak And Dagger","PiercingWail+1","Malaise","Cloak And Dagger+1","PiercingWail+1","Noxious Fumes+1","Tools of the Trade","Panacea","Dagger Spray+1","Infinite Blades+1","Skewer","Infinite Blades+1","Outmaneuver+1","Prepared","Leg Sweep","Slice+1"],"relics":["Ring of the Serpent","Mummified Hand","Shuriken","Snake Skull","Centennial Puzzle","Sozu","Dream Catcher","Bag of Marbles","Unceasing Top","Gremlin Horn","Tough Bandages","Ginger"],"potions_floor_usage":[10,13,13],"damage_taken":[{"damage":1,"enemies":"Cultist","floor":1,"turns":4},{"damage":1,"enemies":"Jaw Worm","floor":2,"turns":4},{"damage":0,"enemies":"2 Louse","floor":4,"turns":2},{"damage":17,"enemies":"3 Sentries","floor":6,"turns":8},{"damage":5,"enemies":"2 Fungi Beasts","floor":8,"turns":4},{"damage":5,"enemies":"Lagavulin","floor":10,"turns":7},{"damage":17,"enemies":"Lots of Slimes","floor":12,"turns":4},{"damage":10,"enemies":"Gremlin Nob","floor":13,"turns":4},{"damage":18,"enemies":"Slime Boss","floor":16,"turns":8},{"damage":5,"enemies":"3 Byrds","floor":18,"turns":3},{"damage":10,"enemies":"Spheric Guardian","floor":19,"turns":4},{"damage":8,"enemies":"3 Cultists","floor":21,"turns":5},{"damage":10,"enemies":"Book of Stabbing","floor":23,"turns":4},{"damage":8,"enemies":"Cultist and Chosen","floor":24,"turns":5},{"damage":17,"enemies":"Snecko","floor":25,"turns":4},{"damage":0,"enemies":"3 Cultists","floor":28,"turns":5},{"damage":6,"enemies":"Slaver and Parasite","floor":29,"turns":4},{"damage":5,"enemies":"Centurion and Healer","floor":31,"turns":6},{"damage":42,"enemies":"Automaton","floor":33,"turns":10},{"damage":4,"enemies":"Flame Bruiser 1 Orb","floor":35,"turns":3},{"damage":0,"enemies":"3 Shapes","floor":36,"turns":4},{"damage":9,"enemies":"Spire Growth","floor":37,"turns":5},{"damage":0,"floor":39,"turns":5},{"damage":18,"enemies":"2 Orb Walkers","floor":40,"turns":6},{"damage":12,"enemies":"Nemesis","floor":45,"turns":7},{"damage":0,"enemies":"Maw","floor":48,"turns":5},{"damage":50,"enemies":"Time Eater","floor":50,"turns":11}],"seed_played":"9042934303436147080","potions_obtained":[{"floor":4,"key":"GhostInAJar"},{"floor":6,"key":"SteroidPotion"},{"floor":10,"key":"FearPotion"}],"is_trial":false,"path_per_floor":["M","M","$","M","$","E","R","M","T","E","?","M","E","?","R","B",null,"M","M","$","M","?","E","M","M","T","?","M","M","R","M","R","B",null,"M","M","M","$","?","E","R","?","T","R","E","R","$","M","R","B"],"character_chosen":"THE_SILENT","items_purchased":["Infinite Blades","Deflect","Outmaneuver","Skewer","Dagger Throw","Footwork","Tools of the Trade","Panacea","Leg Sweep"],"campfire_rested":5,"item_purchase_floors":[3,3,5,20,20,20,38,38,47],"current_hp_per_floor":[76,75,75,75,75,58,58,53,53,48,73,56,46,31,54,36,77,72,62,62,54,54,44,36,19,19,19,19,13,36,31,54,12,77,73,73,64,64,64,46,69,69,69,69,57,77,77,77,77,27],"gold":45,"neow_bonus":"TEN_PERCENT_HP_BONUS","is_prod":false,"is_daily":false,"chose_seed":false,"campfire_upgraded":3,"win_rate":0,"timestamp":1532163103,"path_taken":["M","M","?","M","$","E","R","?","T","E","?","?","E","?","R","BOSS","M","M","$","M","?","E","M","M","T","?","?","?","R","M","R","BOSS","M","M","M","$","?","E","R","?","T","R","E","R","?","M","R","BOSS"],"build_version":"2018-07-19v2","purchased_purges":2,"victory":true,"max_hp_per_floor":[77,77,77,77,77,77,77,77,77,77,77,77,77,77,77,77,77,77,77,77,77,77,77,77,77,77,77,77,77,77,77,77,77,77,77,77,77,77,77,77,77,77,77,77,77,77,77,77,77,77],"card_choices":[{"not_picked":["Acrobatics","Bane"],"picked":"Dagger Spray","floor":1},{"not_picked":["Bane","Distraction"],"picked":"Backflip","floor":2},{"not_picked":["Quick Slash","Skewer"],"picked":"Blade Dance","floor":4},{"not_picked":["Slice","Underhanded Strike"],"picked":"Deflect","floor":6},{"not_picked":["All Out Attack","Eviscerate"],"picked":"Leg Sweep","floor":8},{"not_picked":["All Out Attack","Underhanded Strike"],"picked":"Expertise","floor":10},{"not_picked":["Predator","Bane"],"picked":"Outmaneuver","floor":12},{"not_picked":["Catalyst","Prepared"],"picked":"Caltrops","floor":13},{"not_picked":["Adrenaline","Doppelganger"],"picked":"Tools of the Trade","floor":16},{"not_picked":["Dash","Flying Knee+1","Distraction+1"],"picked":"SKIP","floor":18},{"not_picked":["Slice","Dagger Throw"],"picked":"Sucker Punch+1","floor":19},{"not_picked":["Poisoned Stab","Slice"],"picked":"PiercingWail","floor":21},{"not_picked":["Escape Plan","Riddle With Holes"],"picked":"Cloak And Dagger+1","floor":23},{"not_picked":["Dagger Spray+1","Outmaneuver"],"picked":"PiercingWail","floor":24},{"not_picked":["Reflex","Backflip"],"picked":"After Image","floor":25},{"not_picked":["Flying Knee+1","Choke"],"picked":"Outmaneuver+1","floor":28},{"not_picked":["Dagger Throw","Reflex"],"picked":"Deflect","floor":29},{"not_picked":["Dagger Spray","Outmaneuver"],"picked":"Cloak And Dagger","floor":30},{"not_picked":["Slice","Sucker Punch","Unload"],"picked":"SKIP","floor":31},{"not_picked":["Dagger Spray","Flying Knee"],"picked":"PiercingWail+1","floor":32},{"not_picked":["Night Terror","Glass Knife"],"picked":"Malaise","floor":33},{"not_picked":["Endless Agony+1","Deadly Poison"],"picked":"Cloak And Dagger+1","floor":35},{"not_picked":["Crippling Poison","Bane"],"picked":"PiercingWail+1","floor":36},{"not_picked":["Bane","Dagger Spray+1"],"picked":"Noxious Fumes","floor":37},{"not_picked":["Dagger Throw","Sucker Punch"],"picked":"Dagger Spray+1","floor":39},{"not_picked":["Deflect","Tactician+1"],"picked":"Infinite Blades+1","floor":40},{"not_picked":["Dagger Throw+1","Tactician+1"],"picked":"Skewer","floor":41},{"not_picked":["Dagger Throw","Acrobatics"],"picked":"Outmaneuver+1","floor":45},{"not_picked":["Blur","Acrobatics+1"],"picked":"Prepared","floor":46},{"not_picked":["Phantasmal Killer","Quick Slash+1"],"picked":"Slice+1","floor":48}],"player_experience":85730,"relics_obtained":[{"floor":6,"key":"Mummified Hand"},{"floor":9,"key":"Shuriken"},{"floor":10,"key":"Snake Skull"},{"floor":13,"key":"Centennial Puzzle"},{"floor":23,"key":"Dream Catcher"},{"floor":26,"key":"Bag of Marbles"},{"floor":39,"key":"Unceasing Top"},{"floor":40,"key":"Gremlin Horn"},{"floor":43,"key":"Tough Bandages"},{"floor":45,"key":"Ginger"}],"event_choices":[{"event_name":"Big Fish","player_choice":"Banana","floor":11,"damage_taken":0},{"event_name":"Shining Light","player_choice":"Entered Light","floor":14,"damage_taken":0},{"event_name":"Match and Keep!","player_choice":"1 cards matched","floor":22,"damage_taken":0},{"event_name":"FaceTrader","player_choice":"Leave","floor":27,"damage_taken":0},{"event_name":"MindBloom","player_choice":"Fight","floor":39,"damage_taken":0},{"event_name":"Duplicator","player_choice":"One dupe","floor":42,"damage_taken":0}],"is_beta":false,"boss_relics":[{"not_picked":["Coffee Dripper","White Beast Statue"],"picked":"Sozu"},{"not_picked":["Black Star","Runic Pyramid"],"picked":"Ring of the Serpent"}],"items_purged_floors":[20,38],"is_endless":false,"potions_floor_spawned":[4,6,10,21,23,25,28,39,40,45,48],"ascension_level":0}