{"gold_per_floor":[114,39,54,69,84,84,160,185,235,265,265,265,265,284,284,409,409,428,428,78,3,3,3,3,3,3,41,41,140,15,34,34,34],"floor_reached":33,"playtime":858,"items_purged":["Defend_G","Defend_G","Defend_G"],"score":384,"play_id":"97e83bdf-1120-4264-b82a-bac80b1f0e6d","local_time":"20180729213057","daily_mods":["Specialized","Cursed Run","Binary"],"is_ascension_mode":false,"campfire_choices":[{"data":"Flying Knee","floor":6,"key":"SMITH"},{"floor":11,"key":"REST"},{"data":"Flying Knee","floor":13,"key":"SMITH"},{"floor":15,"key":"REST"},{"data":"Riddle With Holes","floor":23,"key":"SMITH"},{"data":"Glass Knife","floor":25,"key":"SMITH"},{"floor":32,"key":"REST"}],"neow_cost":"","seed_source_timestamp":94879354676229,"circlet_count":0,"master_deck":["Survivor","Neutralize","Night Terror","Night Terror","Night Terror","Flying Knee+1","Decay","Writhe","Flying Knee+1","Injury","Pain","Glass Knife+1","Accuracy+1","Sucker Punch+1","Distraction+1","Riddle With Holes+1","Pain","Bite","Bite","Bite","Bite","Bite"],"special_seed":17741,"relics":["Cursed Key","Darkstone Periapt","Du-Vu Doll","Ancient Tea Set","Bag of Marbles","Juzu Bracelet","Golden Idol","Astrolabe","Shuriken","Letter Opener"],"potions_floor_usage":[4,5,27,31],"damage_taken":[{"damage":1,"enemies":"Cultist","floor":1,"turns":5},{"damage":6,"enemies":"Jaw Worm","floor":3,"turns":4},{"damage":0,"enemies":"Small Slimes","floor":4,"turns":4},{"damage":13,"enemies":"3 Louse","floor":5,"turns":4},{"damage":24,"enemies":"Gremlin Nob","floor":10,"turns":4},{"damage":9,"enemies":"Blue Slaver","floor":14,"turns":2},{"damage":13,"enemies":"Slime Boss","floor":16,"turns":10},{"damage":13,"enemies":"Chosen","floor":18,"turns":4},{"damage":39,"enemies":"Slavers","floor":27,"turns":4},{"damage":34,"enemies":"3 Byrds","floor":31,"turns":4},{"damage":103,"enemies":"Automaton","floor":33,"turns":6}],"seed_played":"3633398992768724987","potions_obtained":[{"floor":1,"key":"Strength Potion"},{"floor":3,"key":"PowerPotion"},{"floor":14,"key":"Dexterity Potion"},{"floor":27,"key":"Regen Potion"}],"is_trial":false,"path_per_floor":["M","$","M","M","M","R","?","T","T","E","R","?","R","M","R","B",null,"M","?","$","?","?","R","$","R","T","E","?","?","$","M","R"],"character_chosen":"THE_SILENT","items_purchased":["Shuriken"],"campfire_rested":3,"item_purchase_floors":[20],"current_hp_per_floor":[69,69,63,63,50,50,50,56,62,38,62,68,68,59,85,78,94,81,81,81,81,81,81,81,81,87,48,48,48,48,34,55,0],"gold":34,"neow_bonus":"","is_prod":false,"is_daily":true,"chose_seed":false,"campfire_upgraded":4,"win_rate":0,"timestamp":1532889057,"path_taken":["M","?","?","M","M","R","?","?","T","E","R","?","R","M","R","BOSS","M","?","$","?","?","R","$","R","T","E","?","?","$","M","R","BOSS"],"build_version":"2018-07-26","purchased_purges":3,"victory":false,"max_hp_per_floor":[70,70,70,70,70,70,70,76,82,82,82,88,88,88,88,94,94,94,94,94,94,94,94,94,94,100,100,70,70,70,70,70,70],"card_choices":[{"not_picked":["Well Laid Plans","Concentrate"],"picked":"SKIP","floor":1},{"not_picked":["Acrobatics","Deflect"],"picked":"SKIP","floor":3},{"not_picked":["Calculated Gamble","Masterful Stab"],"picked":"SKIP","floor":4},{"not_picked":["Cloak And Dagger"],"picked":"Flying Knee","floor":5},{"not_picked":["Well Laid Plans"],"picked":"Flying Knee","floor":10},{"not_picked":["Cloak And Dagger","Backflip"],"picked":"SKIP","floor":14},{"not_picked":["Night Terror"],"picked":"Glass Knife","floor":16},{"not_picked":["Expertise+1","PiercingWail"],"picked":"SKIP","floor":18},{"not_picked":["Accuracy","Underhanded Strike"],"picked":"SKIP","floor":27},{"not_picked":["Quick Slash","Dodge and Roll"],"picked":"SKIP","floor":31}],"player_experience":318157,"relics_obtained":[{"floor":8,"key":"Ancient Tea Set"},{"floor":9,"key":"Bag of Marbles"},{"floor":10,"key":"Juzu Bracelet"},{"floor":26,"key":"Letter Opener"}],"event_choices":[{"event_name":"Golden Wing","player_choice":"Gained Gold","floor":7,"damage_taken":0},{"event_name":"Golden Idol","player_choice":"Take Wound","floor":12,"damage_taken":0},{"event_name":"Match and Keep!","player_choice":"0 cards matched","floor":19,"damage_taken":0},{"event_name":"Beggar","player_choice":"Gave Gold","floor":21,"damage_taken":0},{"event_name":"The Library","player_choice":"Read","floor":22,"damage_taken":0},{"event_name":"Vampires","player_choice":"Became a vampire","floor":28,"damage_taken":0},{"event_name":"Nest","player_choice":"Stole From Cult","floor":29,"damage_taken":0}],"is_beta":false,"boss_relics":[{"not_picked":["Eternal Feather","Lizard Tail"],"picked":"Astrolabe"}],"items_purged_floors":[2,20,30],"is_endless":false,"potions_floor_spawned":[1,3,14,27],"killed_by":"Automaton","ascension_level":0}