{"gold_per_floor":[16,91,91,91,41,76,95,115,115,115,131,23,36,36,36,133,133,146,163,48,48,48,48,62,62],"floor_reached":25,"playtime":805,"items_purged":[],"score":253,"play_id":"e04d9d3c-cf68-4820-bcbb-d47f0e077628","local_time":"20181019084714","is_ascension_mode":true,"campfire_choices":[{"floor":15,"key":"REST"},{"data":"Strike_B+1","floor":23,"key":"PURGE"}],"neow_cost":"NO_GOLD","seed_source_timestamp":696581261705100,"circlet_count":0,"master_deck":["Strike_B+1","Strike_B+1","Defend_B+1","Defend_B+1","Defend_B+1","Zap","Dualcast","Redo","Barrage","Loop","Darkness","Glacier+1","Darkness+1","Self Repair","Fusion+1","Electrodynamics","Capacitor","Redo+1","Cold Snap","Discovery+1"],"relics":["Cracked Core","Peace Pipe","Mercury Hourglass","Toxic Egg 2","Fusion Hammer"],"potions_floor_usage":[6,6,10,16,18,18,19,25],"damage_taken":[{"damage":2,"enemies":"Jaw Worm","floor":1,"turns":3},{"damage":40,"enemies":"Lagavulin","floor":6,"turns":6},{"damage":0,"enemies":"Small Slimes","floor":7,"turns":2},{"damage":0,"enemies":"Cultist","floor":8,"turns":2},{"damage":0,"enemies":"Gremlin Nob","floor":10,"turns":2},{"damage":13,"enemies":"Red Slaver","floor":11,"turns":3},{"damage":0,"enemies":"Large Slime","floor":13,"turns":3},{"damage":27,"enemies":"The Guardian","floor":16,"turns":9},{"damage":14,"enemies":"Shell Parasite","floor":18,"turns":3},{"damage":24,"enemies":"3 Byrds","floor":19,"turns":4},{"damage":19,"enemies":"Centurion and Healer","floor":24,"turns":4},{"damage":48,"enemies":"Book of Stabbing","floor":25,"turns":5}],"seed_played":"870460687206902685","potions_obtained":[{"floor":1,"key":"GamblersBrew"},{"floor":3,"key":"Fire Potion"},{"floor":3,"key":"Swift Potion"},{"floor":6,"key":"SmokeBomb"},{"floor":13,"key":"Swift Potion"},{"floor":16,"key":"GamblersBrew"},{"floor":18,"key":"Fruit Juice"},{"floor":24,"key":"SpeedPotion"}],"is_trial":false,"path_per_floor":["M","?","?","?","?","E","M","M","T","E","M","$","M","$","R","B",null,"M","M","$","?","?","R","M"],"character_chosen":"DEFECT","items_purchased":["Darkness+1","Self Repair","Cold Snap","Discovery+1"],"campfire_rested":1,"item_purchase_floors":[12,12,20,20],"current_hp_per_floor":[73,62,62,62,62,22,22,22,22,22,9,9,16,16,38,18,75,68,56,56,56,56,56,44,0],"gold":62,"neow_bonus":"ONE_RARE_RELIC","is_prod":false,"is_daily":false,"chose_seed":false,"campfire_upgraded":0,"win_rate":0,"timestamp":1539928034,"path_taken":["M","?","?","?","?","E","M","?","T","E","M","$","M","$","R","BOSS","M","M","$","?","?","R","M","E"],"build_version":"2018-10-18","purchased_purges":0,"victory":false,"max_hp_per_floor":[75,75,75,75,75,75,75,75,75,75,75,75,75,75,75,75,75,75,80,80,80,80,80,80,80],"card_choices":[{"not_picked":["Lockon","Rebound"],"picked":"Redo","floor":1},{"not_picked":["Gash","Leap"],"picked":"Barrage","floor":6},{"not_picked":["Genetic Algorithm","Beam Cell"],"picked":"Loop","floor":7},{"not_picked":["Genetic Algorithm","Hologram"],"picked":"Darkness","floor":8},{"not_picked":["Gash","Doom and Gloom"],"picked":"Glacier+1","floor":11},{"not_picked":["Hologram+1","Skim+1"],"picked":"Fusion+1","floor":13},{"not_picked":["Amplify+1","Buffer"],"picked":"Electrodynamics","floor":16},{"not_picked":["BootSequence+1","Melter"],"picked":"Capacitor","floor":18},{"not_picked":["Steam+1","Stack+1"],"picked":"Redo+1","floor":19},{"not_picked":["Hologram+1","Compile Driver","Stack+1"],"picked":"SKIP","floor":24}],"player_experience":444525,"relics_obtained":[{"floor":6,"key":"Mercury Hourglass"},{"floor":9,"key":"Toxic Egg 2"}],"event_choices":[{"damage_healed":0,"gold_gain":75,"player_choice":"Gather Gold","damage_taken":11,"max_hp_gain":0,"max_hp_loss":0,"event_name":"World of Goop","floor":2,"gold_loss":0},{"damage_healed":0,"gold_gain":0,"player_choice":"Got Potions","damage_taken":0,"max_hp_gain":0,"max_hp_loss":0,"event_name":"The Lab","floor":3,"gold_loss":0},{"cards_removed":["Strike_B"],"damage_healed":0,"gold_gain":0,"player_choice":"Purged","damage_taken":0,"max_hp_gain":0,"max_hp_loss":0,"event_name":"Purifier","floor":4,"gold_loss":0},{"cards_removed":["Defend_B"],"damage_healed":0,"gold_gain":0,"player_choice":"Card Removal","damage_taken":0,"max_hp_gain":0,"max_hp_loss":0,"event_name":"The Cleric","floor":5,"gold_loss":50},{"damage_healed":0,"gold_gain":0,"player_choice":"Simplicity","damage_taken":0,"max_hp_gain":0,"max_hp_loss":0,"event_name":"Back to Basics","floor":21,"gold_loss":0,"cards_upgraded":["Strike_B","Strike_B","Strike_B","Defend_B","Defend_B","Defend_B"]},{"damage_healed":0,"gold_gain":0,"player_choice":"Ignored","damage_taken":0,"max_hp_gain":0,"max_hp_loss":0,"event_name":"Beggar","floor":22,"gold_loss":0}],"is_beta":false,"boss_relics":[{"not_picked":["Astrolabe","Ectoplasm"],"picked":"Fusion Hammer"}],"items_purged_floors":[],"is_endless":false,"potions_floor_spawned":[1,6,13,16,18,24],"killed_by":"Book of Stabbing","ascension_level":4}