{"gold_per_floor":[119,69,69,82,93,93,168,187,187,216,126,145,145,145,145,248,248,267,267,299,315,315,315,348,348,348,348,348,360,373,69,69,69],"floor_reached":33,"playtime":1252,"items_purged":[],"score":421,"play_id":"172a1e9c-45c6-4a7b-aaec-9688e9eea2ca","local_time":"20181222185541","is_ascension_mode":true,"campfire_choices":[{"data":"Flame Barrier","floor":6,"key":"SMITH"},{"data":"Inflame","floor":13,"key":"SMITH"},{"floor":15,"key":"REST"},{"floor":23,"key":"REST"},{"data":"RitualDagger","floor":25,"key":"SMITH"},{"data":"Shockwave","floor":27,"key":"SMITH"},{"data":"Seeing Red","floor":32,"key":"SMITH"}],"neow_cost":"NONE","seed_source_timestamp":37744392157600,"circlet_count":0,"master_deck":["AscendersBane","Strike_R","Strike_R","Strike_R","Strike_R","Defend_R+1","Defend_R","Defend_R+1","Bash","Flame Barrier+1","Inflame+1","Thunderclap","Fiend Fire","Barricade+1","Shockwave+1","RitualDagger+1","Anger","Intimidate","Seeing Red+1","Decay"],"relics":["Burning Blood","Frozen Egg 2","Bag of Marbles","War Paint","Darkstone Periapt","Cursed Key","Red Mask","Du-Vu Doll","Paper Frog","Red Skull","Ice Cream"],"potions_floor_usage":[10,10,16,20,24],"damage_taken":[{"damage":4,"enemies":"2 Louse","floor":1,"turns":4},{"damage":9,"enemies":"Jaw Worm","floor":4,"turns":4},{"damage":6,"enemies":"Cultist","floor":5,"turns":4},{"damage":4,"enemies":"Large Slime","floor":8,"turns":6},{"damage":43,"enemies":"Lagavulin","floor":10,"turns":9},{"damage":2,"enemies":"Lots of Slimes","floor":12,"turns":4},{"damage":42,"enemies":"The Guardian","floor":16,"turns":15},{"damage":27,"enemies":"3 Byrds","floor":18,"turns":5},{"damage":43,"enemies":"Masked Bandits","floor":20,"turns":6},{"damage":0,"enemies":"Chosen","floor":21,"turns":4},{"damage":13,"enemies":"Gremlin Leader","floor":24,"turns":9},{"damage":6,"enemies":"3 Cultists","floor":29,"turns":5},{"damage":2,"enemies":"Centurion and Healer","floor":30,"turns":5},{"damage":86,"enemies":"Champ","floor":33,"turns":11}],"seed_played":"-5115487805733194461","potions_obtained":[{"floor":4,"key":"EssenceOfSteel"},{"floor":8,"key":"Block Potion"},{"floor":12,"key":"Dexterity Potion"},{"floor":18,"key":"Explosive Potion"},{"floor":21,"key":"FearPotion"}],"is_trial":false,"path_per_floor":["M","?","?","M","M","R","?","M","T","E","?","M","R","T","R","B",null,"M","?","?","M","?","R","E","R","T","R","?","M","M","$","R","B"],"character_chosen":"IRONCLAD","items_purchased":["Ice Cream"],"campfire_rested":2,"item_purchase_floors":[31],"current_hp_per_floor":[82,82,75,72,72,72,64,66,66,29,29,33,33,33,59,23,72,51,45,8,14,43,69,62,62,68,68,68,68,72,72,72,0],"gold":69,"neow_bonus":"TEN_PERCENT_HP_BONUS","is_prod":false,"is_daily":false,"chose_seed":false,"campfire_upgraded":5,"win_rate":0,"timestamp":1545497741,"path_taken":["M","?","?","?","M","R","?","?","T","E","?","?","R","?","R","BOSS","M","?","?","M","?","R","E","R","T","R","?","M","?","$","R","BOSS"],"build_version":"2018-12-20","purchased_purges":0,"victory":false,"max_hp_per_floor":[88,88,88,88,88,88,88,88,88,88,88,88,88,88,88,88,88,88,88,88,88,88,88,88,88,94,94,94,94,94,94,94,94],"card_choices":[{"not_picked":["Warcry","Havoc","Clash"],"picked":"SKIP","floor":1},{"not_picked":["Body Slam","Ghostly Armor"],"picked":"Flame Barrier","floor":4},{"not_picked":["Body Slam","Clash"],"picked":"Inflame","floor":5},{"not_picked":["Battle Trance","Carnage"],"picked":"Thunderclap","floor":8},{"not_picked":["Bloodletting","Body Slam","Dual Wield"],"picked":"SKIP","floor":10},{"not_picked":["Ghostly Armor","Headbutt"],"picked":"Fiend Fire","floor":12},{"not_picked":["Brutality+1","Exhume"],"picked":"Barricade+1","floor":16},{"not_picked":["Anger+1","Entrench"],"picked":"Shockwave","floor":18},{"not_picked":["Clash","Pommel Strike"],"picked":"Anger","floor":20},{"not_picked":["Cleave","Sword Boomerang"],"picked":"Intimidate","floor":21},{"not_picked":["Pommel Strike","Offering"],"picked":"Seeing Red","floor":24},{"not_picked":["Iron Wave","Body Slam","Thunderclap"],"picked":"SKIP","floor":29},{"not_picked":["Iron Wave","Body Slam","Thunderclap"],"picked":"SKIP","floor":29},{"not_picked":["Berserk+1","Burning Pact","Seeing Red"],"picked":"SKIP","floor":30}],"player_experience":470099,"relics_obtained":[{"floor":9,"key":"Frozen Egg 2"},{"floor":10,"key":"Bag of Marbles"},{"floor":14,"key":"Darkstone Periapt"},{"floor":20,"key":"Red Mask"},{"floor":24,"key":"Du-Vu Doll"},{"floor":26,"key":"Paper Frog"}],"event_choices":[{"cards_removed":["Defend_R"],"damage_healed":0,"gold_gain":0,"player_choice":"Card Removal","damage_taken":0,"max_hp_gain":0,"max_hp_loss":0,"event_name":"The Cleric","floor":2,"gold_loss":50},{"cards_removed":["Strike_R"],"damage_healed":0,"gold_gain":0,"player_choice":"Card Removal","damage_taken":7,"max_hp_gain":0,"max_hp_loss":0,"event_name":"Golden Wing","floor":3,"gold_loss":0},{"damage_healed":0,"gold_gain":75,"player_choice":"Touch","damage_taken":8,"max_hp_gain":0,"max_hp_loss":0,"event_name":"FaceTrader","floor":7,"gold_loss":0},{"damage_healed":0,"gold_gain":0,"player_choice":"Paid Gold","damage_taken":0,"relics_obtained":["War Paint"],"max_hp_gain":0,"max_hp_loss":0,"event_name":"WeMeetAgain","floor":11,"gold_loss":90},{"damage_healed":0,"gold_gain":0,"player_choice":"Joined the Cult","damage_taken":6,"max_hp_gain":0,"max_hp_loss":0,"event_name":"Nest","floor":19,"gold_loss":0,"cards_obtained":["RitualDagger"]},{"damage_healed":0,"gold_gain":0,"player_choice":"Fought Bandits","damage_taken":0,"max_hp_gain":0,"max_hp_loss":0,"event_name":"Masked Bandits","floor":20,"gold_loss":0},{"damage_healed":29,"gold_gain":0,"player_choice":"Heal","damage_taken":0,"max_hp_gain":0,"max_hp_loss":0,"event_name":"The Library","floor":22,"gold_loss":0},{"damage_healed":0,"gold_gain":0,"player_choice":"Opened","damage_taken":0,"relics_obtained":["Red Skull"],"max_hp_gain":0,"max_hp_loss":0,"event_name":"The Mausoleum","floor":28,"gold_loss":0}],"is_beta":false,"boss_relics":[{"not_picked":["Snecko Eye","Calling Bell"],"picked":"Cursed Key"}],"items_purged_floors":[],"is_endless":false,"potions_floor_spawned":[4,8,12,18,21],"killed_by":"Champ","ascension_level":12}