{"path_per_floor":["M","$","M","M","$","R","M","?","T","R","?","E","M","M","R","B",null,"M","$","?","M","M","R","$","R","T","M","M","?","M","?","R","B",null,"M","M","M","?","?","R","M","?","T","M","?","E","R","M","R"],"character_chosen":"IRONCLAD","items_purchased":["Whirlwind","Block Potion","Fire Potion"],"gold_per_floor":[109,26,40,52,1,1,20,20,45,45,45,74,90,101,101,201,201,214,139,39,55,74,74,74,74,100,111,121,46,56,56,56,161,161,175,192,207,207,0,0,14,14,14,30,30,58,58,70,70,70],"floor_reached":50,"campfire_rested":2,"playtime":1148,"current_hp_per_floor":[75,75,80,80,80,80,80,68,68,68,68,85,91,94,94,19,94,94,94,94,94,90,90,90,90,90,93,70,70,82,82,82,47,94,94,64,54,54,54,54,68,92,92,74,74,33,61,16,44,0],"items_purged":["Defend_R"],"gold":70,"score":574,"play_id":"dc2701c6-c503-47dc-a42b-7bb159640156","local_time":"20180328094300","is_prod":false,"is_daily":false,"is_ascension_mode":true,"campfire_upgraded":7,"timestamp":1522219380,"path_taken":["M","?","?","M","?","R","M","?","T","R","?","E","?","M","R","BOSS","M","$","?","M","M","R","?","R","T","M","M","?","M","?","R","BOSS","M","M","M","?","?","R","M","?","T","?","?","E","R","M","R","BOSS"],"build_version":"2018-03-22v2","purchased_purges":1,"victory":false,"master_deck":["Strike_R","Strike_R","Strike_R","Defend_R+1","Bash+1","Whirlwind+1","Flex+1","Thunderclap+1","Reaper+1","J.A.X.+1","Flex+1","Flex+1","Writhe","Seeing Red"],"max_hp_per_floor":[80,80,80,80,80,80,80,80,80,80,80,94,94,94,94,94,94,94,94,94,94,94,94,94,94,94,94,94,94,94,94,94,94,94,94,94,94,94,94,94,94,94,94,94,94,96,96,96,96,96],"relics":["Burning Blood","Thread and Needle","Pen Nib","Mango","Philosopher\u0027s Stone","War Paint","Sozu","Red Mask","Peace Pipe","Singing Bowl"],"card_choices":[{"not_picked":["Searing Blow","Thunderclap"],"picked":"Flex","floor":7},{"not_picked":["Sword Boomerang","Fiend Fire"],"picked":"Thunderclap","floor":12},{"not_picked":["Demon Form","Brutality"],"picked":"Reaper","floor":16},{"not_picked":["Clash","Cleave"],"picked":"Flex","floor":30},{"not_picked":["Whirlwind","Thunderclap"],"picked":"Flex","floor":37},{"not_picked":["Body Slam","Corruption"],"picked":"Seeing Red","floor":48}],"player_experience":135596,"potions_floor_usage":[12,12,13,16,21,22,28,33],"damage_taken":[{"damage":11,"enemies":"Cultist","floor":1,"turns":4},{"damage":0,"enemies":"2 Louse","floor":3,"turns":1},{"damage":0,"enemies":"Small Slimes","floor":4,"turns":2},{"damage":0,"enemies":"Gremlin Gang","floor":7,"turns":1},{"damage":3,"enemies":"Lagavulin","floor":12,"turns":4},{"damage":0,"enemies":"2 Fungi Beasts","floor":13,"turns":2},{"damage":0,"enemies":"3 Louse","floor":14,"turns":2},{"damage":81,"enemies":"Hexaghost","floor":16,"turns":9},{"damage":0,"enemies":"Spheric Guardian","floor":18,"turns":1},{"damage":6,"enemies":"Shell Parasite","floor":21,"turns":2},{"damage":10,"enemies":"Snecko","floor":22,"turns":3},{"damage":3,"enemies":"Snake Plant","floor":27,"turns":1},{"damage":29,"enemies":"Chosen and Byrds","floor":28,"turns":4},{"damage":18,"enemies":"Snecko","floor":30,"turns":3},{"damage":56,"enemies":"Automaton","floor":33,"turns":7},{"damage":0,"enemies":"3 Darklings","floor":35,"turns":2},{"damage":36,"enemies":"3 Shapes","floor":36,"turns":2},{"damage":16,"enemies":"Sphere and 2 Shapes","floor":37,"turns":1},{"damage":26,"enemies":"3 Darklings","floor":41,"turns":3},{"damage":24,"enemies":"4 Shapes","floor":44,"turns":1},{"damage":49,"enemies":"Giant Head","floor":46,"turns":6},{"damage":63,"enemies":"Maw","floor":48,"turns":6},{"damage":53,"enemies":"Time Eater","floor":50,"turns":3}],"event_choices":[{"event_name":"Scrap Ooze","player_choice":"success","floor":8,"damage_taken":12},{"event_name":"Dead Adventurer","player_choice":"Searched \u00270\u0027 times","floor":11,"damage_taken":0},{"event_name":"Drug Dealer","player_choice":"Got JAXXED","floor":20,"damage_taken":0},{"event_name":"Beggar","player_choice":"Gave Gold","floor":29,"damage_taken":0},{"event_name":"Back to Basics","player_choice":"Elegance","floor":31,"damage_taken":0},{"event_name":"Tomb of Lord Red Mask","player_choice":"Paid","floor":39,"damage_taken":0},{"event_name":"Winding Halls","player_choice":"Writhe","floor":42,"damage_taken":0},{"event_name":"Mysterious Sphere","player_choice":"Ignore","floor":45,"damage_taken":0}],"boss_relics":[{"not_picked":["Eternal Feather","Pandora\u0027s Box"],"picked":"Philosopher\u0027s Stone"},{"not_picked":["Runic Pyramid","Cursed Key"],"picked":"Sozu"}],"potions_floor_spawned":[1,7,12,16,21,27,30,35,36,46],"seed_played":"-8012162680906124310","killed_by":"Time Eater","ascension_level":2,"is_trial":false}