{"path_per_floor":["M","?","?","?","M","E","R","E","T","M","R","E","?","M","R"],"character_chosen":"IRONCLAD","items_purchased":[],"gold_per_floor":[111,111,111,211,236,276,276,317,317,332,332,367,442,458,458,458],"floor_reached":16,"campfire_rested":3,"playtime":696,"current_hp_per_floor":[68,48,32,32,38,23,47,10,10,16,40,24,13,13,37,0],"items_purged":[],"gold":458,"score":178,"play_id":"c72f1044-349d-440a-98ea-a6f70da6859b","local_time":"20180419205221","is_prod":false,"is_daily":false,"chose_seed":false,"is_ascension_mode":true,"campfire_upgraded":0,"timestamp":1524160341,"path_taken":["M","?","?","?","?","E","R","E","T","?","R","E","?","?","R","BOSS"],"build_version":"2018-04-12","seed_source_timestamp":260515329697806,"purchased_purges":0,"victory":false,"master_deck":["Strike_R","Strike_R+1","Strike_R","Strike_R","Defend_R","Defend_R+1","Defend_R","Defend_R","Bash","Metallicize","Shrug It Off","Shrug It Off","Shrug It Off","Flex","Combust","Shrug It Off"],"max_hp_per_floor":[80,80,80,80,80,80,80,80,80,80,80,80,80,80,80,80],"relics":["Burning Blood","Golden Idol","Smiling Mask","Darkstone Periapt","Shuriken","Ancient Tea Set"],"card_choices":[{"not_picked":["Thunderclap","Wild Strike"],"picked":"Metallicize","floor":1},{"not_picked":["Clash","Evolve"],"picked":"Shrug It Off","floor":5},{"not_picked":["Entrench","Feel No Pain"],"picked":"Shrug It Off","floor":6},{"not_picked":["Twin Strike","Bloodletting"],"picked":"Shrug It Off","floor":8},{"not_picked":["Flame Barrier","Rupture"],"picked":"Flex","floor":10},{"not_picked":["Sever Soul","Ghostly Armor"],"picked":"Combust","floor":12},{"not_picked":["Flame Barrier","Pummel"],"picked":"Shrug It Off","floor":14}],"player_experience":211224,"potions_floor_usage":[8,10,14],"damage_taken":[{"damage":10,"enemies":"Small Slimes","floor":1,"turns":3},{"damage":0,"enemies":"Jaw Worm","floor":5,"turns":4},{"damage":21,"enemies":"Gremlin Nob","floor":6,"turns":5},{"damage":43,"enemies":"Lagavulin","floor":8,"turns":12},{"damage":0,"enemies":"2 Louse","floor":10,"turns":2},{"damage":22,"enemies":"3 Sentries","floor":12,"turns":13},{"damage":6,"enemies":"2 Fungi Beasts","floor":14,"turns":4},{"damage":52,"enemies":"The Guardian","floor":16,"turns":16}],"event_choices":[{"event_name":"Golden Idol","player_choice":"Take Damage","floor":2,"damage_taken":0},{"event_name":"Shining Light","player_choice":"Entered Light","floor":3,"damage_taken":0},{"event_name":"Wheel of Change","player_choice":"Gold","floor":4,"damage_taken":0},{"event_name":"World of Goop","player_choice":"Gather Gold","floor":13,"damage_taken":0}],"boss_relics":[],"potions_floor_spawned":[6,8,12],"seed_played":"6633825288933656979","killed_by":"The Guardian","ascension_level":6,"is_trial":false}