{"gold_per_floor":[118,118,118,143,143,211,211,242,265,440,440],"floor_reached":11,"playtime":227,"items_purged":[],"score":92,"play_id":"6cfa048d-7fba-46dd-93af-0192c813673e","local_time":"20180817123106","is_ascension_mode":true,"campfire_choices":[{"data":"Electrodynamics","floor":7,"key":"SMITH"}],"neow_cost":"CURSE","seed_source_timestamp":100500633661377,"circlet_count":0,"master_deck":["Strike_B","Strike_B","Strike_B","Strike_B","Defend_B","Defend_B","Defend_B","Defend_B","Zap","Dualcast","Pain","Electrodynamics+1","Go for the Eyes","Regret","Conserve Battery","Doubt"],"relics":["Cracked Core","Golden Idol","Question Card","Vajra","Tiny Chest","Oddly Smooth Stone","Dream Catcher"],"potions_floor_usage":[6,8,8],"damage_taken":[{"damage":2,"enemies":"Small Slimes","floor":1,"turns":3},{"damage":24,"enemies":"3 Sentries","floor":6,"turns":5},{"damage":30,"enemies":"Gremlin Nob","floor":8,"turns":4},{"damage":13,"enemies":"Jaw Worm","floor":11,"turns":2}],"seed_played":"-3981838583935554618","potions_obtained":[{"floor":1,"key":"SkillPotion"},{"floor":5,"key":"Regen Potion"},{"floor":5,"key":"SpeedPotion"},{"floor":6,"key":"FearPotion"}],"is_trial":false,"path_per_floor":["M","?","?","T","?","E","R","E","T","?"],"character_chosen":"DEFECT","items_purchased":[],"campfire_rested":0,"item_purchase_floors":[],"current_hp_per_floor":[73,55,55,55,55,31,31,13,13,13,0],"gold":440,"neow_bonus":"THREE_RARE_CARDS","is_prod":false,"is_daily":false,"chose_seed":false,"campfire_upgraded":1,"win_rate":0,"timestamp":1534498266,"path_taken":["M","?","?","?","?","E","R","E","T","?","M"],"build_version":"2018-08-16","purchased_purges":0,"victory":false,"max_hp_per_floor":[75,75,75,75,75,75,75,75,75,75,75],"card_choices":[{"not_picked":["Rainbow","All For One"],"picked":"Electrodynamics","floor":0},{"not_picked":["Undo","Steam Power"],"picked":"Go for the Eyes","floor":1},{"not_picked":["Sunder","Stack","Cold Snap","Hologram"],"picked":"SKIP","floor":6},{"not_picked":["Tempest","Redo","Chill"],"picked":"Conserve Battery","floor":8}],"player_experience":337525,"relics_obtained":[{"floor":4,"key":"Vajra"},{"floor":6,"key":"Tiny Chest"},{"floor":8,"key":"Oddly Smooth Stone"},{"floor":9,"key":"Dream Catcher"}],"event_choices":[{"event_name":"Golden Idol","player_choice":"Take Damage","floor":2,"damage_taken":0},{"event_name":"Big Fish","player_choice":"Box","floor":3,"damage_taken":0},{"event_name":"The Lab","player_choice":"Got Potions","floor":5,"damage_taken":0},{"event_name":"Liars Game","player_choice":"agreed","floor":10,"damage_taken":0}],"is_beta":false,"boss_relics":[],"items_purged_floors":[],"is_endless":false,"potions_floor_spawned":[1,6],"killed_by":"Jaw Worm","ascension_level":4}