{"path_per_floor":["M","?","?","M","M","R","E","?","T","R","M","?","?","M","R","B",null,"M","$","?","$","?","R","E","T","T","?"],"character_chosen":"IRONCLAD","items_purchased":["Self Forming Clay","Bronze Scales","Orichalcum"],"gold_per_floor":[119,294,294,310,325,325,359,359,437,437,461,461,461,481,481,605,605,626,307,307,15,15,15,56,56,83,83,83],"floor_reached":28,"campfire_rested":3,"playtime":832,"current_hp_per_floor":[78,78,71,73,59,59,23,3,3,27,22,48,32,20,44,31,68,43,43,43,43,43,67,7,7,7,7,0],"items_purged":["Strike_R"],"gold":83,"score":302,"play_id":"a3b683dd-c1ab-413b-9f4a-cc1df043a6b1","local_time":"20180424120556","is_prod":false,"is_daily":false,"chose_seed":false,"is_ascension_mode":true,"campfire_upgraded":1,"timestamp":1524560756,"path_taken":["M","?","?","M","M","R","E","?","T","R","M","?","?","M","R","BOSS","M","$","?","$","?","R","E","?","T","?","E"],"build_version":"2018-04-19","seed_source_timestamp":175708917625650,"purchased_purges":1,"victory":false,"master_deck":["Strike_R+1","Strike_R+1","Strike_R","Strike_R","Defend_R","Defend_R","Defend_R","Defend_R","Bash","Headbutt","Combust+1","Shrug It Off+1","Seeing Red","Offering+1","Cleave"],"max_hp_per_floor":[80,80,80,80,80,80,80,80,80,80,80,80,80,80,80,80,80,80,80,80,80,80,80,80,80,80,80,80],"relics":["Burning Blood","Juzu Bracelet","Lantern","Golden Idol","Letter Opener","Philosopher\u0027s Stone","Self Forming Clay","Bronze Scales","Orichalcum","War Paint","Blood Vial","Prayer Wheel"],"card_choices":[{"not_picked":["Perfected Strike","Armaments"],"picked":"Headbutt","floor":1},{"not_picked":["Uppercut","Hemokinesis"],"picked":"Combust","floor":4},{"not_picked":["Iron Wave","Corruption"],"picked":"Shrug It Off","floor":7},{"not_picked":["Sword Boomerang","Thunderclap"],"picked":"Seeing Red","floor":14},{"not_picked":["Limit Break","Feed"],"picked":"Offering","floor":16},{"not_picked":["True Grit","Evolve"],"picked":"Cleave","floor":18}],"player_experience":218971,"potions_floor_usage":[7,11,11,16,24],"damage_taken":[{"damage":0,"enemies":"Small Slimes","floor":1,"turns":3},{"damage":4,"enemies":"Jaw Worm","floor":4,"turns":4},{"damage":20,"enemies":"2 Louse","floor":5,"turns":3},{"damage":42,"enemies":"Lagavulin","floor":7,"turns":7},{"damage":11,"enemies":"Large Slime","floor":11,"turns":5},{"damage":18,"enemies":"Exordium Thugs","floor":14,"turns":6},{"damage":34,"enemies":"Slime Boss","floor":16,"turns":11},{"damage":31,"enemies":"Chosen","floor":18,"turns":4},{"damage":66,"enemies":"Book of Stabbing","floor":24,"turns":6},{"damage":19,"enemies":"Gremlin Leader","floor":28,"turns":2}],"event_choices":[{"event_name":"Liars Game","player_choice":"agreed","floor":2,"damage_taken":0},{"event_name":"Golden Wing","player_choice":"Card Removal","floor":3,"damage_taken":0},{"event_name":"Golden Idol","player_choice":"Take Damage","floor":8,"damage_taken":0},{"event_name":"Big Fish","player_choice":"Banana","floor":12,"damage_taken":0},{"event_name":"Shining Light","player_choice":"Entered Light","floor":13,"damage_taken":0},{"event_name":"Beggar","player_choice":"Ignored","floor":20,"damage_taken":0},{"event_name":"Addict","player_choice":"Ignored","floor":22,"damage_taken":0},{"event_name":"Cursed Tome","player_choice":"Ignored","floor":27,"damage_taken":0}],"boss_relics":[{"not_picked":["Black Star","Runic Pyramid"],"picked":"Philosopher\u0027s Stone"}],"potions_floor_spawned":[4,5,7,14,18],"seed_played":"-7149946474828969566","killed_by":"Gremlin Leader","ascension_level":6,"is_trial":false}