{"gold_per_floor":[109,109,109,109,34,70,70,106,106,56,56,76,76,115,115,238,238,251,267,267,119,119,119,137,137,164,164],"floor_reached":27,"playtime":642,"items_purged":["Defend_B","Strike_B"],"score":345,"play_id":"743e15a4-1067-441d-a86e-41595704a125","local_time":"20180801173225","is_ascension_mode":true,"campfire_choices":[{"data":"Tempest","floor":7,"key":"SMITH"},{"data":"Redo","floor":11,"key":"SMITH"},{"data":"Hyperbeam","floor":13,"key":"SMITH"},{"data":"Zap","floor":15,"key":"SMITH"},{"data":"Double Energy","floor":23,"key":"SMITH"}],"neow_cost":"NONE","seed_source_timestamp":340825315037311,"circlet_count":0,"master_deck":["Strike_B","Strike_B","Strike_B","Defend_B","Defend_B","Defend_B","Zap+1","Dualcast","Sweeping Beam","Tempest+1","Redo+1","Hyperbeam+1","Turbo","Thunder Strike+1","Double Energy+1","Doom and Gloom","Conserve Battery","Writhe","FTL+1"],"relics":["Cracked Core","NeowsBlessing","Pear","Golden Idol","Calipers","Smiling Mask","Orichalcum","Kunai","Blue Candle","Philosopher\u0027s Stone","Dream Catcher","Art of War","Ancient Tea Set"],"potions_floor_usage":[16,16,16],"damage_taken":[{"damage":0,"enemies":"Cultist","floor":1,"turns":1},{"damage":0,"enemies":"3 Sentries","floor":6,"turns":1},{"damage":0,"enemies":"Gremlin Nob","floor":8,"turns":1},{"damage":0,"enemies":"Small Slimes","floor":12,"turns":2},{"damage":0,"enemies":"3 Sentries","floor":14,"turns":2},{"damage":24,"enemies":"Hexaghost","floor":16,"turns":6},{"damage":2,"enemies":"Chosen","floor":18,"turns":3},{"damage":0,"enemies":"Spheric Guardian","floor":19,"turns":2},{"damage":38,"enemies":"Centurion and Healer","floor":24,"turns":5},{"damage":51,"enemies":"Book of Stabbing","floor":27,"turns":3}],"seed_played":"1940695431479360602","potions_obtained":[{"floor":1,"key":"Strength Potion"},{"floor":8,"key":"FocusPotion"},{"floor":14,"key":"GamblersBrew"}],"is_trial":false,"path_per_floor":["M","T","?","?","$","E","R","E","T","$","R","M","R","E","R","B",null,"M","M","?","?","?","R","M","?","T"],"character_chosen":"DEFECT","items_purchased":[],"campfire_rested":0,"item_purchase_floors":[],"current_hp_per_floor":[75,85,64,57,57,57,57,57,57,57,57,57,57,57,57,33,85,83,83,83,83,83,83,45,45,45,0],"gold":164,"neow_bonus":"THREE_ENEMY_KILL","is_prod":false,"is_daily":false,"chose_seed":false,"campfire_upgraded":5,"win_rate":0,"timestamp":1533133945,"path_taken":["M","?","?","?","?","E","R","E","T","$","R","M","R","E","R","BOSS","M","M","?","?","?","R","M","?","T","E"],"build_version":"2018-07-26","purchased_purges":2,"victory":false,"max_hp_per_floor":[75,85,85,85,85,85,85,85,85,85,85,85,85,85,85,85,85,85,85,85,85,85,85,85,85,85,85],"card_choices":[{"not_picked":["Scrape","Barrage"],"picked":"Sweeping Beam","floor":1},{"not_picked":["Leap","Hello World"],"picked":"Tempest","floor":6},{"not_picked":["Darkness","Sweeping Beam"],"picked":"Redo","floor":8},{"not_picked":["Steam","Fusion"],"picked":"Hyperbeam","floor":12},{"not_picked":["Gash","Heatsinks"],"picked":"Turbo","floor":14},{"not_picked":["Multi-Cast","Core Surge"],"picked":"Thunder Strike","floor":16},{"not_picked":["Streamline","Aggregate"],"picked":"Double Energy","floor":18},{"not_picked":["Leap","Storm"],"picked":"Doom and Gloom","floor":19},{"not_picked":["Barrage+1","Turbo"],"picked":"FTL+1","floor":24}],"player_experience":320087,"relics_obtained":[{"floor":2,"key":"Pear"},{"floor":6,"key":"Smiling Mask"},{"floor":8,"key":"Orichalcum"},{"floor":9,"key":"Kunai"},{"floor":14,"key":"Blue Candle"},{"floor":26,"key":"Ancient Tea Set"}],"event_choices":[{"event_name":"Golden Idol","player_choice":"Take Damage","floor":3,"damage_taken":0},{"event_name":"Scrap Ooze","player_choice":"success","floor":4,"damage_taken":7},{"event_name":"The Library","player_choice":"Read","floor":20,"damage_taken":0},{"event_name":"WeMeetAgain","player_choice":"Gold","floor":21,"damage_taken":0},{"event_name":"The Mausoleum","player_choice":"Yes","floor":22,"damage_taken":0},{"event_name":"Upgrade Shrine","player_choice":"Upgraded","floor":25,"damage_taken":0}],"is_beta":false,"boss_relics":[{"not_picked":["Runic Pyramid","Runic Dome"],"picked":"Philosopher\u0027s Stone"}],"items_purged_floors":[5,10],"is_endless":false,"potions_floor_spawned":[1,8,14],"killed_by":"Book of Stabbing","ascension_level":3}