{"gold_per_floor":[10,10,24,24,42,69,39,39,39,65,75,25,43,59,59,59],"floor_reached":16,"playtime":754,"items_purged":[],"score":134,"play_id":"d7aef937-57c5-4351-9786-611bcc76c820","local_time":"20181002152238","is_ascension_mode":true,"campfire_choices":[{"floor":8,"key":"REST"},{"floor":15,"key":"REST"}],"neow_cost":"NO_GOLD","seed_source_timestamp":198938781255506,"circlet_count":0,"master_deck":["Strike_B","Strike_B","Defend_B","Defend_B","Defend_B","Defend_B","Zap","Dualcast","Coolheaded","BootSequence","Machine Learning","Coolheaded","Capacitor","Conserve Battery","Conserve Battery","Self Repair","Leap"],"relics":["Cracked Core","PreservedInsect","Shuriken","Art of War"],"potions_floor_usage":[6,13,16],"damage_taken":[{"damage":1,"enemies":"Cultist","floor":1,"turns":4},{"damage":12,"enemies":"Small Slimes","floor":3,"turns":3},{"damage":0,"enemies":"2 Louse","floor":5,"turns":2},{"damage":38,"enemies":"Gremlin Nob","floor":6,"turns":5},{"damage":9,"enemies":"Looter","floor":7,"turns":4},{"damage":15,"enemies":"3 Sentries","floor":10,"turns":8},{"damage":8,"enemies":"3 Louse","floor":11,"turns":4},{"damage":0,"enemies":"2 Fungi Beasts","floor":13,"turns":4},{"damage":16,"enemies":"Exordium Wildlife","floor":14,"turns":8},{"damage":50,"enemies":"Hexaghost","floor":16,"turns":14}],"seed_played":"3776413347708318568","potions_obtained":[{"floor":5,"key":"Poison Potion"},{"floor":10,"key":"SteroidPotion"},{"floor":11,"key":"Poison Potion"}],"is_trial":false,"path_per_floor":["M","$","M","?","M","E","M","R","T","E","M","?","M","M","R"],"character_chosen":"DEFECT","items_purchased":[],"campfire_rested":2,"item_purchase_floors":[],"current_hp_per_floor":[88,88,76,76,76,38,29,55,55,40,32,32,32,23,49,0],"gold":59,"neow_bonus":"TWENTY_PERCENT_HP_BONUS","is_prod":false,"is_daily":false,"chose_seed":false,"campfire_upgraded":0,"win_rate":0,"timestamp":1538482958,"path_taken":["M","?","M","?","M","E","M","R","T","E","M","?","M","M","R","BOSS"],"build_version":"2018-09-27","purchased_purges":0,"victory":false,"max_hp_per_floor":[89,89,89,89,89,89,89,89,89,89,89,89,89,89,89,89],"card_choices":[{"not_picked":["Cold Snap","Gash"],"picked":"Coolheaded","floor":1},{"not_picked":["Chaos","Beam Cell"],"picked":"BootSequence","floor":3},{"not_picked":["Streamline","Hello World"],"picked":"Coolheaded","floor":5},{"not_picked":["Redo","Leap"],"picked":"Capacitor","floor":6},{"not_picked":["Sunder","Streamline"],"picked":"Conserve Battery","floor":7},{"not_picked":["Scrape","Aggregate","Rip and Tear"],"picked":"SKIP","floor":10},{"not_picked":["Turbo","Darkness"],"picked":"Conserve Battery","floor":11},{"not_picked":["Beam Cell","Rebound"],"picked":"Self Repair","floor":13},{"not_picked":["Turbo","Cold Snap"],"picked":"Leap","floor":14}],"player_experience":411522,"relics_obtained":[{"floor":6,"key":"PreservedInsect"},{"floor":9,"key":"Shuriken"},{"floor":10,"key":"Art of War"}],"event_choices":[{"event_name":"Transmorgrifier","player_choice":"Transform","floor":4,"damage_taken":0},{"event_name":"The Cleric","player_choice":"Card Removal","floor":12,"damage_taken":0}],"is_beta":false,"boss_relics":[],"items_purged_floors":[],"is_endless":false,"potions_floor_spawned":[5,10,11],"killed_by":"Hexaghost","ascension_level":4}