{"gold_per_floor":[118,118,136,150,120,120,151,99,170,181,165,340,313,283],"floor_reached":14,"playtime":503,"items_purged":[],"score":117,"play_id":"0e90f533-daa2-4a6d-9fcf-a912b3fd8885","local_time":"20190424174249","is_ascension_mode":true,"campfire_choices":[{"data":"Coolheaded","floor":6,"key":"SMITH"}],"neow_cost":"NONE","seed_source_timestamp":34916652384600,"circlet_count":0,"master_deck":["Strike_B","Strike_B","Strike_B","Strike_B","Defend_B","Defend_B","Defend_B","Defend_B","Zap+1","Dualcast","Coolheaded","Storm","Darkness","Reprogram","Multi-Cast","Conserve Battery","Coolheaded+1","Thunder Strike","Doom and Gloom","Conserve Battery","Leap","Auto Shields","Doubt"],"relics":["Orrery","Pen Nib"],"potions_floor_usage":[7,7,11,14],"damage_taken":[{"damage":4,"enemies":"2 Louse","floor":1,"turns":4},{"damage":0,"enemies":"Cultist","floor":3,"turns":3},{"damage":3,"enemies":"Small Slimes","floor":4,"turns":4},{"damage":6,"enemies":"Looter","floor":5,"turns":4},{"damage":12,"enemies":"Gremlin Nob","floor":7,"turns":3},{"damage":25,"enemies":"Lots of Slimes","floor":10,"turns":4},{"damage":17,"enemies":"Exordium Thugs","floor":11,"turns":4},{"damage":8,"enemies":"Looter","floor":14,"turns":2}],"seed_played":"-8816453517894126912","potions_obtained":[{"floor":1,"key":"Energy Potion"},{"floor":3,"key":"FocusPotion"},{"floor":7,"key":"Ancient Potion"},{"floor":10,"key":"SpeedPotion"},{"floor":11,"key":"Weak Potion"}],"is_trial":false,"path_per_floor":["M","?","M","M","M","R","E","$","T","M","M","?","?","M"],"character_chosen":"DEFECT","items_purchased":["Conserve Battery"],"campfire_rested":0,"item_purchase_floors":[8],"current_hp_per_floor":[64,64,64,61,55,55,43,43,43,18,1,1,1,0],"gold":283,"neow_bonus":"BOSS_RELIC","is_prod":false,"is_daily":false,"chose_seed":false,"campfire_upgraded":1,"win_rate":0,"timestamp":1556116969,"path_taken":["M","?","?","M","M","R","E","$","T","M","M","?","?","M"],"build_version":"2019-01-23","purchased_purges":0,"victory":false,"max_hp_per_floor":[75,75,75,75,75,75,75,75,75,75,75,75,75,75],"card_choices":[{"not_picked":["Skim","Cold Snap"],"picked":"Coolheaded","floor":0},{"not_picked":["Ball Lightning","Sweeping Beam"],"picked":"Storm","floor":0},{"not_picked":["Hologram","Blizzard"],"picked":"Darkness","floor":0},{"not_picked":["Beam Cell","Streamline"],"picked":"Reprogram","floor":0},{"not_picked":["Redo","Force Field"],"picked":"Multi-Cast","floor":0},{"not_picked":["Reprogram","Compile Driver"],"picked":"Conserve Battery","floor":1},{"not_picked":["Undo","Ball Lightning"],"picked":"Coolheaded","floor":3},{"not_picked":["Sweeping Beam","Undo"],"picked":"Thunder Strike","floor":4},{"not_picked":["Hologram","Redo","Turbo"],"picked":"SKIP","floor":5},{"not_picked":["Biased Cognition","Hologram"],"picked":"Doom and Gloom","floor":7},{"not_picked":["Undo","Compile Driver"],"picked":"Leap","floor":10},{"not_picked":["Conserve Battery","Ball Lightning"],"picked":"Auto Shields","floor":11}],"player_experience":591611,"relics_obtained":[{"floor":7,"key":"Pen Nib"}],"event_choices":[{"damage_healed":0,"gold_gain":0,"player_choice":"Upgraded","damage_taken":0,"max_hp_gain":0,"max_hp_loss":0,"event_name":"Upgrade Shrine","floor":2,"gold_loss":0,"cards_upgraded":["Zap"]},{"damage_healed":0,"gold_gain":175,"player_choice":"AGREE","damage_taken":0,"max_hp_gain":0,"max_hp_loss":0,"event_name":"Liars Game","floor":12,"gold_loss":0,"cards_obtained":["Doubt"]},{"damage_healed":0,"gold_gain":0,"player_choice":"Left Gold","damage_taken":0,"max_hp_gain":0,"max_hp_loss":0,"event_name":"World of Goop","floor":13,"gold_loss":27}],"is_beta":false,"boss_relics":[],"items_purged_floors":[],"is_endless":false,"potions_floor_spawned":[1,3,7,10,11],"killed_by":"Looter","ascension_level":6}