{"gold_per_floor":[366,384,403,419,429,454,454,470,494,512,528,50,50,63,63,159,159,171,45,60,75,75,75],"floor_reached":23,"playtime":4323,"items_purged":["Strike_G","Strike_G"],"score":199,"play_id":"3a36da4f-717a-41d2-93bd-63f6eb7bd3d3","local_time":"20181108225500","is_ascension_mode":false,"campfire_choices":[{"floor":7,"key":"REST"},{"floor":15,"key":"REST"}],"neow_cost":"CURSE","seed_source_timestamp":2523925167336248,"circlet_count":0,"master_deck":["Defend_G","Defend_G","Defend_G","Defend_G","Defend_G","Strike_G","Strike_G","Strike_G","Survivor","Neutralize","Parasite","Prepared","Heel Hook","Escape Plan","Dagger Throw","Quick Slash","Acrobatics","Underhanded Strike","Terror","Quick Slash","Prepared","Doppelganger","Backflip","Dagger Throw","Well Laid Plans","Quick Slash"],"relics":["Ring of the Snake","Blood Vial","Happy Flower","Kunai","Boot","Sozu"],"potions_floor_usage":[16,23,23],"damage_taken":[{"damage":0,"enemies":"Cultist","floor":1,"turns":4},{"damage":0,"enemies":"2 Louse","floor":2,"turns":5},{"damage":3,"enemies":"Small Slimes","floor":3,"turns":4},{"damage":4,"enemies":"Red Slaver","floor":4,"turns":3},{"damage":7,"enemies":"Blue Slaver","floor":5,"turns":4},{"damage":31,"enemies":"3 Sentries","floor":6,"turns":10},{"damage":10,"enemies":"Exordium Thugs","floor":8,"turns":6},{"damage":15,"enemies":"Lots of Slimes","floor":10,"turns":4},{"damage":8,"enemies":"2 Fungi Beasts","floor":11,"turns":4},{"damage":0,"enemies":"3 Louse","floor":14,"turns":3},{"damage":19,"enemies":"Hexaghost","floor":16,"turns":10},{"damage":0,"enemies":"Chosen","floor":18,"turns":4},{"damage":11,"enemies":"Spheric Guardian","floor":20,"turns":5},{"damage":5,"enemies":"3 Cultists","floor":21,"turns":6},{"damage":64,"enemies":"Gremlin Leader","floor":23,"turns":5}],"seed_played":"4712670887789728185","potions_obtained":[{"floor":1,"key":"GhostInAJar"},{"floor":2,"key":"SpeedPotion"},{"floor":5,"key":"SpeedPotion"},{"floor":8,"key":"GhostInAJar"},{"floor":14,"key":"Block Potion"}],"is_trial":false,"path_per_floor":["M","M","M","M","M","E","R","M","T","M","M","$","$","M","R","B",null,"M","$","M","M","$","E"],"character_chosen":"THE_SILENT","items_purchased":["Kunai","Boot","Dagger Throw"],"campfire_rested":2,"item_purchase_floors":[12,12,19],"current_hp_per_floor":[70,70,67,63,56,25,46,38,38,25,19,19,19,21,42,25,70,70,70,59,56,56,0],"gold":75,"neow_bonus":"TWO_FIFTY_GOLD","is_prod":false,"is_daily":false,"chose_seed":false,"campfire_upgraded":0,"win_rate":0,"timestamp":1541739300,"path_taken":["M","M","M","M","M","E","R","M","T","M","M","?","$","M","R","BOSS","M","$","M","M","$","E"],"build_version":"2018-11-08","purchased_purges":2,"victory":false,"max_hp_per_floor":[70,70,70,70,70,70,70,70,70,70,70,70,70,70,70,70,70,70,70,70,70,70,70],"card_choices":[{"not_picked":["Slice","Expertise"],"picked":"Prepared","floor":1},{"not_picked":["Noxious Fumes","Riddle With Holes"],"picked":"Heel Hook","floor":2},{"not_picked":["Endless Agony","Calculated Gamble"],"picked":"Escape Plan","floor":3},{"not_picked":["Caltrops","Terror"],"picked":"Dagger Throw","floor":4},{"not_picked":["Backflip","Deflect"],"picked":"Quick Slash","floor":5},{"not_picked":["Bane","Sucker Punch"],"picked":"Acrobatics","floor":6},{"not_picked":["Flying Knee","After Image"],"picked":"Underhanded Strike","floor":8},{"not_picked":["Caltrops","Accuracy"],"picked":"Terror","floor":10},{"not_picked":["Backstab","Deadly Poison"],"picked":"Quick Slash","floor":11},{"not_picked":["Poisoned Stab","Outmaneuver"],"picked":"Prepared","floor":14},{"not_picked":["Phantasmal Killer","Venomology"],"picked":"Doppelganger","floor":16},{"not_picked":["Flying Knee","Riddle With Holes"],"picked":"Backflip","floor":18},{"not_picked":["Calculated Gamble","Endless Agony"],"picked":"Well Laid Plans","floor":20},{"not_picked":["Caltrops","Flying Knee"],"picked":"Quick Slash","floor":21}],"player_experience":119125,"relics_obtained":[{"floor":6,"key":"Blood Vial"},{"floor":9,"key":"Happy Flower"}],"event_choices":[],"is_beta":false,"boss_relics":[{"not_picked":["Fusion Hammer","Empty Cage"],"picked":"Sozu"}],"items_purged_floors":[12,19],"is_endless":false,"potions_floor_spawned":[1,2,5,8,14,20],"killed_by":"Gremlin Leader","ascension_level":0}