{"gold_per_floor":[19,30,30,43,43,81,35,35,35,59,59,7,7],"floor_reached":13,"playtime":569,"items_purged":[],"score":91,"play_id":"beca5b25-487a-4a25-87a4-d4c6b3e3a6cd","local_time":"20190713153632","is_ascension_mode":true,"campfire_choices":[{"floor":8,"key":"REST"}],"neow_cost":"NO_GOLD","seed_source_timestamp":1377415050945692,"circlet_count":0,"master_deck":["Strike_G","Strike_G","Strike_G","Strike_G","Defend_G","Defend_G","Defend_G","Defend_G","Defend_G","Survivor","Neutralize","Envenom","Deadly Poison","Quick Slash","Noxious Fumes","Catalyst","Skewer"],"relics":["Ring of the Snake","Golden Idol","Pantograph","Singing Bowl"],"potions_floor_usage":[13,13],"damage_taken":[{"damage":6,"enemies":"Jaw Worm","floor":1,"turns":5},{"damage":7,"enemies":"2 Louse","floor":2,"turns":3},{"damage":0,"enemies":"Small Slimes","floor":4,"turns":3},{"damage":42,"enemies":"Gremlin Nob","floor":6,"turns":5},{"damage":12,"enemies":"2 Fungi Beasts","floor":10,"turns":3},{"damage":15,"enemies":"Lots of Slimes","floor":13,"turns":2}],"seed_played":"-6071919391298324570","potions_obtained":[{"floor":6,"key":"Swift Potion"}],"is_trial":false,"path_per_floor":["M","M","?","M","?","E","?","R","T","M","?","$","M"],"character_chosen":"THE_SILENT","items_purchased":["Poison Potion"],"campfire_rested":1,"item_purchase_floors":[12],"current_hp_per_floor":[64,57,57,57,50,8,8,27,27,15,15,15,0],"gold":7,"neow_bonus":"THREE_RARE_CARDS","is_prod":false,"is_daily":false,"chose_seed":false,"campfire_upgraded":0,"win_rate":0,"timestamp":1563050192,"path_taken":["M","M","?","M","?","E","?","R","T","M","?","?","M"],"build_version":"2019-07-05","purchased_purges":0,"victory":false,"max_hp_per_floor":[70,70,65,65,65,65,65,65,65,65,65,65,65],"card_choices":[{"not_picked":["Glass Knife","Burst"],"picked":"Envenom","floor":0},{"not_picked":["Cloak And Dagger","Masterful Stab"],"picked":"Deadly Poison","floor":1},{"not_picked":["Reflex","Expertise"],"picked":"Quick Slash","floor":2},{"not_picked":["Dodge and Roll","Flechettes"],"picked":"Noxious Fumes","floor":4},{"not_picked":["Tactician","Masterful Stab"],"picked":"Catalyst","floor":6},{"not_picked":["Deadly Poison","Underhanded Strike"],"picked":"Skewer","floor":10}],"player_experience":339147,"relics_obtained":[{"floor":6,"key":"Pantograph"},{"floor":9,"key":"Singing Bowl"}],"event_choices":[{"damage_healed":0,"gold_gain":0,"player_choice":"Lose Max HP","damage_taken":0,"relics_obtained":["Golden Idol"],"max_hp_gain":0,"max_hp_loss":5,"event_name":"Golden Idol","floor":3,"gold_loss":0},{"cards_removed":["Strike_G"],"damage_healed":0,"gold_gain":0,"player_choice":"Card Removal","damage_taken":7,"max_hp_gain":0,"max_hp_loss":0,"event_name":"Golden Wing","floor":5,"gold_loss":0},{"damage_healed":0,"gold_gain":0,"player_choice":"Left Gold","damage_taken":0,"max_hp_gain":0,"max_hp_loss":0,"event_name":"World of Goop","floor":7,"gold_loss":46},{"damage_healed":0,"gold_gain":0,"player_choice":"Ignored","damage_taken":0,"max_hp_gain":0,"max_hp_loss":0,"event_name":"Shining Light","floor":11,"gold_loss":0}],"is_beta":false,"boss_relics":[],"items_purged_floors":[],"is_endless":false,"potions_floor_spawned":[6],"killed_by":"Lots of Slimes","ascension_level":2}