{"path_per_floor":["M","?","M","?","M","R","E","M","T","M","?","?","M","M","R","B",null,"M","?","M","$","M","E","M","R","T","?","M","$","?","M","R","B",null,"M","?","M","?","M","R","E","$","T","M","M"],"character_chosen":"IRONCLAD","items_purchased":["Oddly Smooth Stone","Gremlin Horn","Lantern","Inflame"],"gold_per_floor":[117,117,131,131,141,141,170,185,185,197,248,248,265,279,279,383,383,396,396,416,416,434,463,480,480,532,532,547,0,0,14,14,114,114,127,127,140,0,16,16,46,11,11,28,41],"floor_reached":46,"campfire_rested":0,"playtime":7241,"current_hp_per_floor":[80,64,63,63,69,69,49,43,43,54,54,54,53,62,62,56,80,76,76,83,83,79,62,50,50,50,50,57,57,57,67,67,66,90,90,90,85,85,63,63,50,50,50,39,18],"items_purged":[],"gold":41,"score":501,"play_id":"5d113930-cf8c-4278-9066-99d1966f8b51","local_time":"20180307204339","is_prod":false,"is_daily":false,"is_ascension_mode":false,"campfire_upgraded":5,"timestamp":1520448219,"path_taken":["M","?","M","?","M","R","E","M","T","?","?","?","M","M","R","BOSS","M","?","M","$","?","E","M","R","T","?","?","$","?","M","R","BOSS","M","?","M","?","M","R","E","$","T","?","M","E"],"build_version":"2018-03-01-PROD1","purchased_purges":0,"victory":false,"master_deck":["Strike_R+1","Strike_R+1","Strike_R+1","Strike_R+1","Strike_R+1","Defend_R+1","Defend_R+1","Defend_R+1","Bash+1","Twin Strike+1","Rampage+1","Fiend Fire","Twin Strike","Intimidate","Bludgeon+1","Iron Wave","Feed+1","Intimidate+1","Shockwave+1","Metallicize+1","Metallicize+1","Infernal Blade+1","Flame Barrier+1","Blood for Blood+1","Flex","Reaper","Cleave","Armaments+1","Searing Blow","Inflame","Twin Strike","Heavy Blade","Feel No Pain","Flex+1","Searing Blow","Inflame","Metallicize","Dropkick+1"],"max_hp_per_floor":[80,80,80,80,80,80,80,80,80,80,80,80,80,80,80,80,80,80,80,83,83,86,86,86,86,86,86,86,86,86,90,90,90,90,90,90,94,94,94,94,98,98,98,98,98],"relics":["Burning Blood","Ornamental Fan","Magic Flower","Velvet Choker","Letter Opener","Regal Pillow","Oddly Smooth Stone","Gremlin Horn","Lantern","Orrery","Red Mask","Pen Nib","Bird Faced Urn"],"card_choices":[{"not_picked":["Clash","Shrug It Off"],"picked":"Twin Strike"},{"not_picked":["Entrench","Anger"],"picked":"Rampage"},{"not_picked":["Power Through","Clash"],"picked":"Fiend Fire"},{"not_picked":["Headbutt","Bloodletting"],"picked":"Twin Strike"},{"not_picked":["Pommel Strike","Clothesline"],"picked":"Intimidate"},{"not_picked":["Battle Trance","Clash"],"picked":"Bludgeon"},{"not_picked":["Headbutt","Hemokinesis"],"picked":"Iron Wave"},{"not_picked":["Barricade","Double Tap"],"picked":"Feed"},{"not_picked":["Clothesline","Iron Wave"],"picked":"Intimidate"},{"not_picked":["Flex","Body Slam"],"picked":"Metallicize"},{"not_picked":["Disarm","Inflame"],"picked":"Metallicize"},{"not_picked":["Shrug It Off","Dropkick"],"picked":"Infernal Blade"},{"not_picked":["Pommel Strike","Rupture"],"picked":"Flame Barrier"},{"not_picked":["Warcry","Clothesline"],"picked":"Blood for Blood"},{"not_picked":["Pommel Strike","Twin Strike"],"picked":"Flex"},{"not_picked":["Limit Break","Impervious"],"picked":"Reaper"},{"not_picked":["Spot Weakness","Corruption"],"picked":"Cleave"},{"not_picked":["Headbutt","Clash"],"picked":"Armaments"},{"not_picked":["Rupture","Battle Trance"],"picked":"Searing Blow"},{"not_picked":["Perfected Strike","Warcry"],"picked":"Inflame"},{"not_picked":["Burning Pact","Dropkick"],"picked":"Twin Strike"},{"not_picked":["Rupture","Entrench"],"picked":"Heavy Blade"},{"not_picked":["Reckless Charge","Flex"],"picked":"Feel No Pain"},{"not_picked":["Berserk","Rupture"],"picked":"Flex"},{"not_picked":["Spot Weakness","Heavy Blade"],"picked":"Searing Blow"},{"not_picked":["Carnage","Rampage"],"picked":"Metallicize"},{"not_picked":["Hemokinesis","Warcry"],"picked":"Dropkick"}],"player_experience":33253,"potions_floor_usage":[10,16,16,16,24,33,39,46],"damage_taken":[{"damage":5,"enemies":"Small Slimes","floor":1,"turns":4},{"damage":7,"enemies":"Jaw Worm","floor":3,"turns":4},{"damage":0,"enemies":"Cultist","floor":5,"turns":3},{"damage":26,"enemies":"Gremlin Nob","floor":7,"turns":4},{"damage":12,"enemies":"Lots of Slimes","floor":8,"turns":4},{"damage":18,"enemies":"Large Slime","floor":10,"turns":6},{"damage":10,"enemies":"Looter","floor":13,"turns":3},{"damage":0,"enemies":"2 Fungi Beasts","floor":14,"turns":2},{"damage":40,"enemies":"The Guardian","floor":16,"turns":7},{"damage":13,"enemies":"Spheric Guardian","floor":18,"turns":4},{"damage":0,"enemies":"Chosen","floor":20,"turns":3},{"damage":18,"enemies":"Slaver and Parasite","floor":22,"turns":6},{"damage":26,"enemies":"Gremlin Leader","floor":23,"turns":7},{"damage":21,"enemies":"Snake Plant","floor":24,"turns":3},{"damage":2,"enemies":"Centurion and Healer","floor":28,"turns":4},{"damage":5,"enemies":"3 Cultists","floor":31,"turns":5},{"damage":35,"enemies":"Collector","floor":33,"turns":9},{"damage":6,"enemies":"Orb Walker","floor":35,"turns":3},{"damage":18,"enemies":"3 Shapes","floor":37,"turns":4},{"damage":31,"enemies":"Sphere and 2 Shapes","floor":39,"turns":6},{"damage":28,"enemies":"Nemesis","floor":41,"turns":7},{"damage":32,"enemies":"3 Darklings","floor":44,"turns":6},{"damage":57,"enemies":"4 Shapes","floor":45,"turns":6},{"damage":33,"enemies":"Giant Head","floor":46,"turns":6}],"event_choices":[{"event_name":"Shining Light","player_choice":"Entered Light","floor":2,"damage_taken":0},{"event_name":"Living Wall","player_choice":"Grow","floor":4,"damage_taken":0},{"event_name":"Golden Wing","player_choice":"Gained Gold","floor":11,"damage_taken":0},{"event_name":"Purifier","player_choice":"Skipped","floor":12,"damage_taken":0},{"event_name":"The Library","player_choice":"Read","floor":19,"damage_taken":0},{"event_name":"Back to Basics","player_choice":"Simplicity","floor":27,"damage_taken":0},{"event_name":"Upgrade Shrine","player_choice":"Upgraded","floor":30,"damage_taken":0},{"event_name":"Tomb of Lord Red Mask","player_choice":"Paid","floor":38,"damage_taken":0}],"boss_relics":[{"not_picked":["Runic Cube","White Beast Statue"],"picked":"Velvet Choker"},{"not_picked":["Runic Pyramid","Mark of Pain"],"picked":"Orrery"}],"potions_floor_spawned":[7,8,10,13,14,23,28,35,41],"seed_played":"-1379818828125463351","killed_by":"Giant Head","ascension_level":0,"is_trial":false}