{"gold_per_floor":[111,131,131,145,37,37,53,53,53,53,73,87,104,121,121,217,217,231,2,102,113,132,132,32,32,32,32,32,46,46,57,57,156,156,171,25,25,43,43],"floor_reached":39,"playtime":2983,"items_purged":["Regret","Strike_G"],"score":373,"play_id":"53b463f1-3ae3-4990-95db-d2da7c2c2f07","local_time":"20190608132918","is_ascension_mode":false,"campfire_choices":[{"data":"All Out Attack","floor":6.0,"key":"SMITH"},{"data":"Riddle With Holes","floor":8.0,"key":"SMITH"},{"floor":15,"key":"REST"},{"data":"Infinite Blades","floor":23,"key":"SMITH"},{"floor":28,"key":"REST"},{"floor":30,"key":"REST"},{"floor":32,"key":"REST"}],"neow_cost":"CURSE","seed_source_timestamp":0,"circlet_count":0,"master_deck":["Defend_G","Defend_G","Defend_G","Defend_G","Defend_G","Strike_G","Strike_G","Strike_G","Strike_G","Survivor","Neutralize","Flechettes","All Out Attack+1","Cloak And Dagger","Riddle With Holes+1","Blade Dance","Crippling Poison+1","Skewer","Backstab","Night Terror+1","Dodge and Roll+1","Infinite Blades+1","Backflip+1","Terror+1","Caltrops+1","Phantasmal Killer+1"],"special_seed":0,"relics":["Ring of the Snake","Torii","Singing Bowl","Toxic Egg 2","Odd Mushroom","Sozu","Bronze Scales","Frozen Egg 2","Runic Pyramid","Snake Skull"],"potions_floor_usage":[16,16,16],"damage_taken":[{"damage":0.0,"enemies":"Cultist","floor":1.0,"turns":3.0},{"damage":0.0,"enemies":"Small Slimes","floor":2.0,"turns":3.0},{"damage":8.0,"enemies":"Jaw Worm","floor":4.0,"turns":2.0},{"damage":0.0,"enemies":"Exordium Thugs","floor":7.0,"turns":4.0},{"damage":9,"enemies":"The Mushroom Lair","floor":11,"turns":4},{"damage":1,"enemies":"Large Slime","floor":12,"turns":5},{"damage":0,"enemies":"Exordium Wildlife","floor":13,"turns":2},{"damage":0,"enemies":"2 Fungi Beasts","floor":14,"turns":2},{"damage":22,"enemies":"Hexaghost","floor":16,"turns":8},{"damage":0,"enemies":"3 Byrds","floor":18,"turns":4},{"damage":1,"enemies":"Shell Parasite","floor":21,"turns":4},{"damage":13,"enemies":"Shelled Parasite and Fungi","floor":22,"turns":4},{"damage":2,"enemies":"Snake Plant","floor":29,"turns":3},{"damage":15,"enemies":"Cultist and Chosen","floor":31,"turns":5},{"damage":74,"enemies":"Champ","floor":33,"turns":12},{"damage":38,"enemies":"3 Darklings","floor":35,"turns":4},{"damage":20,"enemies":"Orb Walker","floor":38,"turns":4},{"damage":34,"enemies":"Transient","floor":39,"turns":5}],"seed_played":"8655701994986604383","potions_obtained":[{"floor":1.0,"key":"Strength Potion"},{"floor":2.0,"key":"Poison Potion"},{"floor":13,"key":"SneckoOil"}],"is_trial":false,"path_per_floor":["M","M","?","M","$","R","M","R","T","?","?","M","M","M","R","B",null,"M","$","?","M","M","R","$","?","T","$","R","M","R","M","R","B",null,"M","$","?","M","M"],"character_chosen":"THE_SILENT","items_purchased":["Riddle With Holes","Bronze Scales","Infinite Blades","Snake Skull"],"campfire_rested":4,"item_purchase_floors":[5,19,19,36],"current_hp_per_floor":[70,70,70,62,62,62,62,62,62,62,53,52,52,54,69,47,69,69,69,69,68,55,55,55,43,43,43,65,63,74,61,76,2,76,40,40,40,22,0],"gold":43,"neow_bonus":"ONE_RARE_RELIC","is_prod":false,"is_daily":false,"chose_seed":false,"campfire_upgraded":3,"win_rate":0,"timestamp":1560018558,"path_taken":["M","?","?","M","$","R","M","R","T","?","?","M","M","M","R","BOSS","M","$","?","M","M","R","?","?","T","$","R","?","R","M","R","BOSS","M","$","?","?","?"],"build_version":"2019-01-23","purchased_purges":2,"victory":false,"max_hp_per_floor":[70,70,70,70,70,70,70,70,70,67,67,67,67,69,69,69,69,69,69,69,69,69,69,69,74,74,74,74,74,74,76,76,76,76,78,78,78,80,80],"card_choices":[{"not_picked":["Leg Sweep","Backflip"],"picked":"Flechettes","floor":1.0},{"not_picked":["Acrobatics","Calculated Gamble"],"picked":"All Out Attack","floor":2.0},{"not_picked":["Sucker Punch","Deflect"],"picked":"Cloak And Dagger","floor":4.0},{"not_picked":["Quick Slash","Outmaneuver"],"picked":"Blade Dance","floor":7.0},{"not_picked":["Deadly Poison+1","Predator"],"picked":"Crippling Poison+1","floor":11},{"not_picked":["Flying Knee","Poisoned Stab"],"picked":"Skewer","floor":12},{"not_picked":["Cloak And Dagger+1","Caltrops"],"picked":"Backstab","floor":13},{"not_picked":["Accuracy","Terror+1","PiercingWail+1"],"picked":"Singing Bowl","floor":14},{"not_picked":["Venomology+1","Doppelganger+1"],"picked":"Night Terror+1","floor":16},{"not_picked":["Dagger Spray","Flechettes+1"],"picked":"Dodge and Roll+1","floor":18},{"not_picked":["Quick Slash","Blade Dance+1"],"picked":"Backflip+1","floor":21},{"not_picked":["Sucker Punch+1","Bullet Time+1"],"picked":"Terror+1","floor":22},{"not_picked":["Underhanded Strike","Flechettes"],"picked":"Caltrops+1","floor":29},{"not_picked":["Underhanded Strike+1","Dagger Spray+1","Deadly Poison+1"],"picked":"Singing Bowl","floor":31},{"not_picked":["Corpse Explosion+1","Venomology+1"],"picked":"Phantasmal Killer+1","floor":33},{"not_picked":["Sucker Punch+1","Poisoned Stab","Dash+1"],"picked":"Singing Bowl","floor":35},{"not_picked":["Deadly Poison+1","Poisoned Stab","Cloak And Dagger+1"],"picked":"Singing Bowl","floor":38}],"player_experience":270692,"relics_obtained":[{"floor":9,"key":"Toxic Egg 2"},{"floor":11,"key":"Odd Mushroom"},{"floor":26,"key":"Frozen Egg 2"}],"event_choices":[{"damage_healed":0.0,"max_hp_gain":0.0,"max_hp_loss":0.0,"gold_gain":0.0,"event_name":"Big Fish","player_choice":"Box","floor":3.0,"gold_loss":0.0,"damage_taken":0.0,"relics_obtained":["Singing Bowl"],"cards_obtained":["Regret"]},{"cards_removed":["Parasite"],"damage_healed":0,"gold_gain":0,"player_choice":"Forget","damage_taken":0,"max_hp_gain":0,"max_hp_loss":0,"event_name":"Living Wall","floor":10,"gold_loss":0},{"damage_healed":0,"gold_gain":0,"player_choice":"Fought Mushrooms","damage_taken":0,"max_hp_gain":0,"max_hp_loss":0,"event_name":"Mushrooms","floor":11,"gold_loss":0},{"damage_healed":0,"gold_gain":100,"player_choice":"Pray","damage_taken":0,"max_hp_gain":0,"max_hp_loss":0,"event_name":"Golden Shrine","floor":20,"gold_loss":0},{"damage_healed":0,"gold_gain":0,"player_choice":"Shed Blood","damage_taken":17,"max_hp_gain":5,"max_hp_loss":0,"event_name":"Forgotten Altar","floor":25,"gold_loss":0},{"damage_healed":0,"gold_gain":0,"player_choice":"Got Potions","damage_taken":0,"max_hp_gain":0,"max_hp_loss":0,"event_name":"Lab","floor":37,"gold_loss":0}],"is_beta":false,"boss_relics":[{"not_picked":["WristBlade","Eternal Feather"],"picked":"Sozu"},{"not_picked":["Astrolabe","Snecko Eye"],"picked":"Runic Pyramid"}],"items_purged_floors":[5,24],"is_endless":false,"potions_floor_spawned":[1,2,13,21,22,33],"killed_by":"Transient","ascension_level":0}