{"gold_per_floor":[110,110,8,8,26,60,60,75,147,164,174,174,174,187,187,289,289,303,0,12,29,39,39,0,0,0,0,11,11,11,11,11,11],"floor_reached":33,"playtime":4902,"items_purged":["Defend_R"],"score":267,"play_id":"5fbca3bc-a2ef-4855-8cfb-5c42562f7260","local_time":"20180708154919","is_ascension_mode":false,"campfire_choices":[{"floor":7.0,"key":"REST"},{"floor":12.0,"key":"REST"},{"floor":15.0,"key":"REST"},{"floor":23.0,"key":"REST"},{"floor":27.0,"key":"REST"},{"floor":30.0,"key":"REST"},{"floor":32,"key":"REST"}],"neow_cost":"","seed_source_timestamp":0,"circlet_count":0,"master_deck":["Strike_R","Strike_R","Strike_R","Strike_R","Strike_R","Defend_R","Defend_R","Bash","Pommel Strike","Shrug It Off","Armaments","Demon Form","Whirlwind","Battle Trance","Clothesline","Burning Pact","Metallicize","Battle Trance","Demon Form","Twin Strike","Dropkick","Headbutt","Twin Strike+1","Shrug It Off+1","Cleave+1"],"special_seed":0,"relics":["Burning Blood","Pen Nib","Shuriken","Anchor","Philosopher\u0027s Stone","Bag of Preparation","Mummified Hand","Nilry\u0027s Codex"],"potions_floor_usage":[],"damage_taken":[{"damage":6.0,"enemies":"Jaw Worm","floor":1.0,"turns":3.0},{"damage":1.0,"enemies":"Cultist","floor":5.0,"turns":3.0},{"damage":53.0,"enemies":"Lagavulin","floor":6.0,"turns":7.0},{"damage":0.0,"enemies":"Small Slimes","floor":8.0,"turns":2.0},{"damage":9.0,"enemies":"Looter","floor":10.0,"turns":4.0},{"damage":16.0,"enemies":"Exordium Thugs","floor":11.0,"turns":5.0},{"damage":6.0,"enemies":"Blue Slaver","floor":14.0,"turns":3.0},{"damage":62.0,"enemies":"The Guardian","floor":16.0,"turns":12.0},{"damage":33.0,"enemies":"Shell Parasite","floor":18.0,"turns":5.0},{"damage":21.0,"enemies":"3 Byrds","floor":20.0,"turns":6.0},{"damage":30.0,"enemies":"3 Cultists","floor":21.0,"turns":5.0},{"damage":6.0,"enemies":"Centurion and Healer","floor":22.0,"turns":2.0},{"damage":27.0,"enemies":"Book of Stabbing","floor":25.0,"turns":4.0},{"damage":10.0,"enemies":"Snecko","floor":28.0,"turns":4.0},{"damage":87,"enemies":"Champ","floor":33,"turns":8}],"seed_played":"2509733673171243298","potions_obtained":[{"floor":2.0,"key":"Strength Potion"},{"floor":2.0,"key":"SmokeBomb"},{"floor":2.0,"key":"SkillPotion"},{"floor":6.0,"key":"Explosive Potion"},{"floor":11.0,"key":"Dexterity Potion"},{"floor":16.0,"key":"Ancient Potion"},{"floor":21.0,"key":"SteroidPotion"},{"floor":22.0,"key":"FearPotion"}],"is_trial":false,"path_per_floor":["M","?","$","?","M","E","R","M","T","M","M","R","?","M","R","B",null,"M","$","M","M","M","R","?","E","T","R","M","$","R","?","R"],"character_chosen":"IRONCLAD","items_purchased":["Shrug It Off","Armaments","Bag of Preparation","Dropkick"],"campfire_rested":7,"item_purchase_floors":[3,3,19,19],"current_hp_per_floor":[80,80,80,80,80,33,57,63,63,60,50,74,62,62,80,24,80,53,53,38,14,14,38,38,17,17,41,37,37,61,45,69,0],"gold":11,"neow_bonus":"","is_prod":false,"is_daily":false,"chose_seed":false,"campfire_upgraded":0,"win_rate":0.0,"timestamp":1531082959,"path_taken":["M","?","$","?","M","E","R","M","T","M","?","R","?","M","R","BOSS","M","$","M","M","M","R","?","E","T","R","?","$","R","?","R","BOSS"],"build_version":"2018-07-05","purchased_purges":1,"victory":false,"max_hp_per_floor":[80,80,80,80,80,80,80,80,80,80,80,80,80,80,80,80,80,80,80,80,80,80,80,80,80,80,80,80,80,80,80,80,80],"card_choices":[{"not_picked":["Thunderclap","Hemokinesis"],"picked":"Pommel Strike","floor":1.0},{"not_picked":["Clash","Pummel"],"picked":"Whirlwind","floor":5.0},{"not_picked":["Twin Strike","Clothesline"],"picked":"Battle Trance","floor":6.0},{"not_picked":["Thunderclap","Body Slam"],"picked":"Clothesline","floor":8.0},{"not_picked":["Flex","Sword Boomerang"],"picked":"Burning Pact","floor":10.0},{"not_picked":["True Grit","Disarm"],"picked":"Metallicize","floor":11.0},{"not_picked":["Blood for Blood","Shrug It Off"],"picked":"Battle Trance","floor":14.0},{"not_picked":["Impervious","Fiend Fire"],"picked":"Demon Form","floor":16.0},{"not_picked":["Feel No Pain","Shrug It Off"],"picked":"Twin Strike","floor":18.0},{"not_picked":["Flex","Inflame"],"picked":"Headbutt","floor":20.0},{"not_picked":["Headbutt","Armaments"],"picked":"Twin Strike+1","floor":21.0},{"not_picked":["True Grit+1","Warcry"],"picked":"Shrug It Off+1","floor":22.0},{"not_picked":["Twin Strike","Burning Pact"],"picked":"Cleave+1","floor":28.0}],"player_experience":0,"relics_obtained":[{"floor":6.0,"key":"Pen Nib"},{"floor":9.0,"key":"Shuriken"},{"floor":26.0,"key":"Mummified Hand"},{"floor":31.0,"key":"Nilry\u0027s Codex"}],"event_choices":[{"event_name":"The Lab","player_choice":"Got Potions","floor":2.0,"damage_taken":0.0},{"event_name":"Living Wall","player_choice":"Change","floor":4.0,"damage_taken":0.0},{"event_name":"Scrap Ooze","player_choice":"success","floor":13.0,"damage_taken":12.0},{"event_name":"Masked Bandits","player_choice":"Paid Bandits 39 gold","floor":24.0,"damage_taken":0.0},{"event_name":"Cursed Tome","player_choice":"Obtained Book","floor":31.0,"damage_taken":0.0}],"boss_relics":[{"not_picked":["Snecko Eye","Eternal Feather"],"picked":"Philosopher\u0027s Stone"}],"items_purged_floors":[19],"is_endless":false,"potions_floor_spawned":[6,11,16,21,22,25],"killed_by":"Champ","ascension_level":0}