{"gold_per_floor":[364,364,394,394,411,436,436,160,187,202,212,212,231,83,83,179,179,196,196,295,307,321,350,350,360,360,115,130,161,161,174,174,272,272,291,291,301,2,16,16,16,30,54,67,67,86,36,47,47,47],"floor_reached":51,"playtime":2368,"items_purged":["Defend_B","Strike_B","Zap","Strike_B"],"score":787,"play_id":"f7e02e06-69bc-4b80-924d-64029067070e","local_time":"20180802211327","is_ascension_mode":true,"campfire_choices":[{"data":"Genetic Algorithm","floor":7,"key":"SMITH"},{"data":"Chill","floor":12,"key":"SMITH"},{"floor":15,"key":"REST"},{"floor":24,"key":"REST"},{"floor":32,"key":"REST"},{"data":"White Noise","floor":40,"key":"SMITH"},{"floor":49,"key":"REST"}],"neow_cost":"TEN_PERCENT_HP_LOSS","seed_source_timestamp":438745733914282,"circlet_count":0,"master_deck":["Strike_B","Strike_B","Dualcast","Auto Shields","Genetic Algorithm+1","Finesse","Leap","Turbo","Genetic Algorithm+1","Chill+1","Beam Cell","Rainbow","Stack+1","Cold Snap+1","Chaos+1","White Noise","Defragment+1","White Noise+1","Electrodynamics","Thunder Strike","Melter+1","Double Energy+1","Seek","Chaos+1","Static Discharge+1"],"relics":["Cracked Core","Tiny Chest","Letter Opener","DollysMirror","Lantern","Regal Pillow","Astrolabe","Ancient Tea Set","Smiling Mask","ClockworkSouvenir","Bottled Flame","Calling Bell","Omamori","Pantograph","Ice Cream","Cables","Vajra","Mummified Hand"],"potions_floor_usage":[11,16,21,23,35,48,50,50],"damage_taken":[{"damage":4,"enemies":"Jaw Worm","floor":1,"turns":3},{"damage":2,"enemies":"Cultist","floor":5,"turns":4},{"damage":16,"enemies":"3 Sentries","floor":6,"turns":8},{"damage":0,"enemies":"2 Louse","floor":10,"turns":2},{"damage":0,"enemies":"Gremlin Gang","floor":11,"turns":3},{"damage":0,"enemies":"3 Louse","floor":13,"turns":2},{"damage":19,"enemies":"The Guardian","floor":16,"turns":14},{"damage":0,"enemies":"3 Byrds","floor":18,"turns":5},{"damage":8,"enemies":"Shell Parasite","floor":21,"turns":5},{"damage":2,"enemies":"Centurion and Healer","floor":22,"turns":7},{"damage":7,"enemies":"Slavers","floor":23,"turns":5},{"damage":2,"enemies":"Snake Plant","floor":25,"turns":4},{"damage":19,"enemies":"Snecko","floor":28,"turns":6},{"damage":37,"enemies":"Book of Stabbing","floor":29,"turns":8},{"damage":0,"enemies":"Cultist and Chosen","floor":31,"turns":5},{"damage":16,"enemies":"Collector","floor":33,"turns":11},{"damage":6,"enemies":"3 Darklings","floor":35,"turns":4},{"damage":9,"enemies":"3 Shapes","floor":37,"turns":4},{"damage":9,"enemies":"Flame Bruiser 2 Orb","floor":39,"turns":6},{"damage":0,"enemies":"Spire Growth","floor":42,"turns":5},{"damage":5,"enemies":"3 Darklings","floor":44,"turns":3},{"damage":0,"enemies":"Flame Bruiser 2 Orb","floor":46,"turns":5},{"damage":6,"enemies":"4 Shapes","floor":48,"turns":4},{"damage":44,"enemies":"Awakened One","floor":50,"turns":8}],"seed_played":"7877205960695124389","potions_obtained":[{"floor":6,"key":"AttackPotion"},{"floor":11,"key":"FearPotion"},{"floor":18,"key":"PowerPotion"},{"floor":22,"key":"Weak Potion"},{"floor":33,"key":"FocusPotion"},{"floor":37,"key":"Dexterity Potion"},{"floor":39,"key":"SpeedPotion"},{"floor":42,"key":"SneckoOil"},{"floor":46,"key":"Fire Potion"}],"is_trial":false,"path_per_floor":["M","?","?","?","M","E","R","$","T","M","M","R","M","$","R","B",null,"M","?","?","M","M","E","R","M","T","$","M","E","$","M","R","B",null,"M","?","M","$","M","R","?","M","T","M","T","M","$","M","R","B"],"character_chosen":"DEFECT","items_purchased":["DollysMirror","Regal Pillow","ClockworkSouvenir","Cables"],"campfire_rested":4,"item_purchase_floors":[8,14,27,38],"current_hp_per_floor":[64,64,64,64,62,46,46,46,46,46,46,46,46,46,68,49,68,68,56,56,48,46,39,73,71,71,71,52,15,15,15,51,35,73,67,67,58,58,56,56,56,56,56,51,51,51,51,45,73,29],"gold":47,"neow_bonus":"TWO_FIFTY_GOLD","is_prod":false,"is_daily":false,"chose_seed":false,"campfire_upgraded":3,"win_rate":0,"timestamp":1533233607,"path_taken":["M","?","?","?","M","E","R","$","T","?","M","R","M","$","R","BOSS","M","?","?","M","M","E","R","M","T","$","M","E","?","?","R","BOSS","M","?","M","$","M","R","?","?","T","M","?","?","?","M","R","BOSS"],"build_version":"2018-07-26","purchased_purges":4,"victory":true,"max_hp_per_floor":[68,68,68,68,68,68,68,68,68,68,68,68,68,68,68,68,68,68,73,73,73,73,73,73,73,73,73,73,73,73,73,73,73,73,73,73,73,73,73,73,73,73,73,73,73,73,73,73,73,73],"card_choices":[{"not_picked":["Hologram","Static Discharge"],"picked":"Auto Shields","floor":1},{"not_picked":["Darkness","Scrape"],"picked":"Leap","floor":5},{"not_picked":["Rebound","Streamline"],"picked":"Turbo","floor":6},{"not_picked":["Recycle","Capacitor","Coolheaded"],"picked":"SKIP","floor":10},{"not_picked":["Hologram","Beam Cell"],"picked":"Chill","floor":11},{"not_picked":["Reinforced Body","Stack"],"picked":"Beam Cell","floor":13},{"not_picked":["Amplify","Reboot"],"picked":"Rainbow","floor":16},{"not_picked":["Steam","Turbo","Glacier+1"],"picked":"SKIP","floor":18},{"not_picked":["Scrape+1","Hologram"],"picked":"White Noise","floor":21},{"not_picked":["Gash","Capacitor","Lockon"],"picked":"SKIP","floor":22},{"not_picked":["Rebound","Streamline","Glacier+1"],"picked":"SKIP","floor":23},{"not_picked":["Sweeping Beam","Fusion","Cold Snap"],"picked":"SKIP","floor":25},{"not_picked":["Rip and Tear+1","Recycle"],"picked":"Defragment+1","floor":28},{"not_picked":["Barrage+1","Rip and Tear"],"picked":"White Noise","floor":29},{"not_picked":["Tempest+1","Stack+1"],"picked":"Electrodynamics","floor":31},{"not_picked":["Core Surge","Meteor Strike"],"picked":"Thunder Strike","floor":33},{"not_picked":["Cold Snap+1","Stack+1","Barrage+1"],"picked":"SKIP","floor":35},{"not_picked":["Leap","Stack"],"picked":"Melter+1","floor":37},{"not_picked":["Turbo+1","Auto Shields"],"picked":"Double Energy+1","floor":39},{"not_picked":["Force Field","Ball Lightning"],"picked":"Chaos+1","floor":42},{"not_picked":["Sunder+1","Go for the Eyes","Redo"],"picked":"SKIP","floor":44},{"not_picked":["Rebound+1","Hyperbeam"],"picked":"Static Discharge+1","floor":46},{"not_picked":["Turbo","Sweeping Beam","Rebound"],"picked":"SKIP","floor":48}],"player_experience":327943,"relics_obtained":[{"floor":6,"key":"Letter Opener"},{"floor":9,"key":"Lantern"},{"floor":23,"key":"Ancient Tea Set"},{"floor":26,"key":"Smiling Mask"},{"floor":29,"key":"Bottled Flame"},{"floor":34,"key":"Omamori"},{"floor":34,"key":"Pantograph"},{"floor":34,"key":"Ice Cream"},{"floor":43,"key":"Vajra"},{"floor":45,"key":"Mummified Hand"}],"event_choices":[{"event_name":"Match and Keep!","player_choice":"2 cards matched","floor":2,"damage_taken":0},{"event_name":"Accursed Blacksmith","player_choice":"Rummage","floor":3,"damage_taken":0},{"event_name":"Transmorgrifier","player_choice":"Transform","floor":4,"damage_taken":0},{"event_name":"Forgotten Altar","player_choice":"Shed Blood","floor":19,"damage_taken":0},{"event_name":"Nest","player_choice":"Stole From Cult","floor":20,"damage_taken":0},{"event_name":"Fountain of Cleansing","player_choice":"Removed Curse","floor":36,"damage_taken":0},{"event_name":"Match and Keep!","player_choice":"1 cards matched","floor":41,"damage_taken":0}],"is_beta":false,"boss_relics":[{"not_picked":["Fusion Hammer","Orrery"],"picked":"Astrolabe"},{"not_picked":["Lizard Tail","Coffee Dripper"],"picked":"Calling Bell"}],"items_purged_floors":[8,27,38,47],"is_endless":false,"potions_floor_spawned":[6,11,18,22,33,37,39,42,46],"ascension_level":3}