{"path_per_floor":["M","M","M","$","M","E","R","E","T","$","M","M","?","$","R"],"character_chosen":"THE_SILENT","items_purchased":["Singing Bowl"],"gold_per_floor":[143,160,171,26,38,69,69,103,103,28,41,59,59,59,59,59],"floor_reached":16,"campfire_rested":2,"playtime":690,"item_purchase_floors":[4],"current_hp_per_floor":[72,72,70,70,63,28,51,37,37,37,16,5,5,5,28,0],"items_purged":["Defend_G"],"gold":59,"score":118,"play_id":"ea4288e3-8c03-42bc-a823-6741c694fd0b","local_time":"20180526171252","is_prod":false,"is_daily":false,"chose_seed":false,"is_ascension_mode":true,"campfire_upgraded":0,"win_rate":0,"timestamp":1527343972,"campfire_choices":[{"floor":7,"key":"REST"},{"floor":15,"key":"REST"}],"path_taken":["M","?","M","$","M","E","R","E","T","$","M","?","?","$","R","BOSS"],"build_version":"2018-05-24","seed_source_timestamp":897868425824456,"purchased_purges":1,"victory":false,"master_deck":["Defend_G","Defend_G","Defend_G+1","Defend_G","Strike_G","Strike_G","Strike_G","Strike_G","Strike_G","Survivor","Neutralize","Blur","Slice","Acrobatics","Underhanded Strike","Poisoned Stab","Deadly Poison","Flechettes","Catalyst+1"],"max_hp_per_floor":[75,75,75,75,75,77,77,77,77,77,77,77,77,77,77,77],"relics":["Tiny House","Singing Bowl","Happy Flower","Dodecahedron","Darkstone Periapt"],"card_choices":[{"not_picked":["All Out Attack","Slice"],"picked":"Blur","floor":0},{"not_picked":["Riddle With Holes","Bane"],"picked":"Slice","floor":1},{"not_picked":["Escape Plan","Masterful Stab"],"picked":"Acrobatics","floor":2},{"not_picked":["Masterful Stab","Quick Slash"],"picked":"Underhanded Strike","floor":3},{"not_picked":["Infinite Blades","Acrobatics"],"picked":"Poisoned Stab","floor":5},{"not_picked":["Sucker Punch","Prepared","Choke"],"picked":"Singing Bowl","floor":6},{"not_picked":["Phantasmal Killer","Riddle With Holes"],"picked":"Deadly Poison","floor":8},{"not_picked":["Poisoned Stab","Prepared"],"picked":"Flechettes","floor":11},{"not_picked":["Dagger Throw","Eviscerate"],"picked":"Catalyst","floor":12}],"player_experience":247989,"potions_floor_usage":[2,2,6,16],"damage_taken":[{"damage":3,"enemies":"Cultist","floor":1,"turns":4},{"damage":0,"enemies":"2 Louse","floor":2,"turns":1},{"damage":2,"enemies":"Jaw Worm","floor":3,"turns":4},{"damage":7,"enemies":"Red Slaver","floor":5,"turns":6},{"damage":37,"enemies":"Lagavulin","floor":6,"turns":10},{"damage":14,"enemies":"3 Sentries","floor":8,"turns":9},{"damage":21,"enemies":"Gremlin Gang","floor":11,"turns":4},{"damage":11,"enemies":"Looter","floor":12,"turns":4},{"damage":30,"enemies":"Slime Boss","floor":16,"turns":6}],"relics_obtained":[{"floor":6,"key":"Happy Flower"},{"floor":8,"key":"Dodecahedron"},{"floor":9,"key":"Darkstone Periapt"}],"event_choices":[{"event_name":"Upgrade Shrine","player_choice":"Upgraded","floor":13,"damage_taken":0}],"boss_relics":[],"items_purged_floors":[10],"potions_floor_spawned":[1,5,12],"seed_played":"-7538278359426217308","killed_by":"Slime Boss","ascension_level":1,"potions_obtained":[{"floor":0,"key":"Fire Potion"},{"floor":1,"key":"Fire Potion"},{"floor":5,"key":"Weak Potion"},{"floor":12,"key":"FearPotion"}],"is_trial":false}