{"gold_per_floor":[119,139,139,158,174,174,199,217,217,217,228,303,61,61,61,139,139,155,155,430,441,441,441,452,468,468,23,23,23,35,35,35,35],"floor_reached":33,"playtime":1610,"items_purged":["Strike_G+1"],"score":482,"play_id":"97a5b2a6-b27a-4bd7-a759-30f1a2efea8b","local_time":"20190713011458","is_ascension_mode":true,"campfire_choices":[{"data":"Deadly Poison","floor":6,"key":"SMITH"},{"data":"Bane","floor":15,"key":"SMITH"},{"data":"Bouncing Flask","floor":23,"key":"SMITH"},{"data":"Noxious Fumes","floor":32,"key":"SMITH"}],"neow_cost":"NONE","seed_source_timestamp":171614323572744,"circlet_count":0,"master_deck":["AscendersBane","Defend_G+1","Defend_G+1","Defend_G+1","Defend_G+1","Defend_G+1","Survivor","Neutralize+1","Riddle With Holes","Deadly Poison+1","Bane+1","Bouncing Flask+1","Backflip","Backstab","Die Die Die","Regret","Backflip","After Image","PiercingWail","After Image","Flash of Steel","Deadly Poison","Noxious Fumes+1","Flying Knee","All Out Attack","Escape Plan+1"],"relics":["Ring of the Snake","Centennial Puzzle","Boot","Blue Candle","Meat on the Bone","Anchor","NlothsMask","Empty Cage","Enchiridion","DollysMirror"],"potions_floor_usage":[7,7],"damage_taken":[{"damage":0,"enemies":"Cultist","floor":1,"turns":4},{"damage":2,"enemies":"Jaw Worm","floor":2,"turns":4},{"damage":0,"enemies":"2 Louse","floor":4,"turns":3},{"damage":0,"enemies":"Exordium Wildlife","floor":5,"turns":3},{"damage":25,"enemies":"Lagavulin","floor":7,"turns":5},{"damage":8,"enemies":"3 Louse","floor":8,"turns":4},{"damage":0,"enemies":"Looter","floor":11,"turns":4},{"damage":30,"enemies":"The Guardian","floor":16,"turns":9},{"damage":4,"enemies":"Spheric Guardian","floor":18,"turns":4},{"damage":0,"enemies":"Chosen","floor":21,"turns":3},{"damage":15,"enemies":"Snecko","floor":24,"turns":4},{"damage":12,"enemies":"Sentry and Sphere","floor":25,"turns":9},{"damage":8,"enemies":"Centurion and Healer","floor":30,"turns":7},{"damage":43,"enemies":"Automaton","floor":33,"turns":6}],"seed_played":"-4161179021259779905","potions_obtained":[{"floor":1,"key":"SkillPotion"},{"floor":5,"key":"Regen Potion"},{"floor":16,"key":"SteroidPotion"},{"floor":18,"key":"SteroidPotion"},{"floor":21,"key":"LiquidBronze"}],"is_trial":false,"path_per_floor":["M","M","T","M","M","R","E","M","T","?","M","?","$","?","R","B",null,"M","?","?","M","?","R","M","M","T","$","?","?","M","$","R","B"],"character_chosen":"THE_SILENT","items_purchased":["Backstab","Anchor","DollysMirror","Flash of Steel","Deadly Poison"],"campfire_rested":0,"item_purchase_floors":[13,13,27,27,27],"current_hp_per_floor":[59,57,57,57,57,57,46,38,38,33,45,34,34,34,34,16,54,50,29,29,41,41,41,38,38,38,38,38,38,42,42,42,0],"gold":35,"neow_bonus":"UPGRADE_CARD","is_prod":false,"is_daily":false,"chose_seed":false,"campfire_upgraded":4,"win_rate":0,"timestamp":1562994898,"path_taken":["M","M","?","M","?","R","E","M","T","?","M","?","$","?","R","BOSS","M","?","?","?","?","R","M","M","T","?","?","?","M","$","R","BOSS"],"build_version":"2019-07-05","purchased_purges":1,"victory":false,"max_hp_per_floor":[66,66,66,66,66,66,66,66,66,66,66,66,66,66,66,66,66,66,66,66,66,66,66,66,66,66,66,66,66,66,66,66,66],"card_choices":[{"not_picked":["Blur","Dodge and Roll"],"picked":"Riddle With Holes","floor":1},{"not_picked":["Cloak And Dagger","Poisoned Stab"],"picked":"Deadly Poison","floor":2},{"not_picked":["Sucker Punch","PiercingWail"],"picked":"Bane","floor":4},{"not_picked":["Dagger Throw","Setup","Distraction"],"picked":"SKIP","floor":5},{"not_picked":["Flying Knee","Bullet Time"],"picked":"Bouncing Flask","floor":7},{"not_picked":["Prepared","Dodge and Roll","Dagger Spray"],"picked":"SKIP","floor":8},{"not_picked":["Heel Hook","Bane"],"picked":"Backflip","floor":11},{"not_picked":["Burst","A Thousand Cuts"],"picked":"Die Die Die","floor":16},{"not_picked":["Quick Slash","Acrobatics","Dagger Spray"],"picked":"SKIP","floor":18},{"not_picked":["Catalyst","Flying Knee"],"picked":"Backflip","floor":21},{"not_picked":["Flechettes","Dodge and Roll"],"picked":"After Image","floor":24},{"not_picked":["Blade Dance","Eviscerate"],"picked":"PiercingWail","floor":25},{"not_picked":["Tactician","Blur"],"picked":"Escape Plan+1","floor":30}],"player_experience":2453755,"relics_obtained":[{"floor":3,"key":"Centennial Puzzle"},{"floor":7,"key":"Boot"},{"floor":9,"key":"Blue Candle"},{"floor":19,"key":"Enchiridion"}],"event_choices":[{"damage_healed":0,"gold_gain":0,"player_choice":"Success","damage_taken":5,"relics_obtained":["Meat on the Bone"],"max_hp_gain":0,"max_hp_loss":0,"event_name":"Scrap Ooze","floor":10,"gold_loss":0},{"damage_healed":0,"gold_gain":75,"player_choice":"Gather Gold","damage_taken":11,"max_hp_gain":0,"max_hp_loss":0,"event_name":"World of Goop","floor":12,"gold_loss":0},{"damage_healed":0,"gold_gain":0,"player_choice":"Trade","damage_taken":0,"relics_obtained":["NlothsMask"],"max_hp_gain":0,"max_hp_loss":0,"event_name":"FaceTrader","floor":14,"gold_loss":0},{"damage_healed":0,"gold_gain":0,"player_choice":"Obtained Book","damage_taken":21,"max_hp_gain":0,"max_hp_loss":0,"event_name":"Cursed Tome","floor":19,"gold_loss":0},{"damage_healed":0,"gold_gain":275,"player_choice":"Desecrate","damage_taken":0,"max_hp_gain":0,"max_hp_loss":0,"event_name":"Golden Shrine","floor":20,"gold_loss":0,"cards_obtained":["Regret"]},{"damage_healed":0,"gold_gain":0,"player_choice":"Simplicity","damage_taken":0,"max_hp_gain":0,"max_hp_loss":0,"event_name":"Back to Basics","floor":22,"gold_loss":0,"cards_upgraded":["Strike_G","Strike_G","Strike_G","Defend_G","Defend_G","Defend_G","Defend_G","Defend_G"]},{"damage_healed":0,"gold_gain":0,"player_choice":"Read","damage_taken":0,"max_hp_gain":0,"max_hp_loss":0,"event_name":"The Library","floor":28,"gold_loss":0,"cards_obtained":["Noxious Fumes"]},{"damage_healed":0,"gold_gain":0,"cards_transformed":["Strike_G","Strike_G"],"player_choice":"Became Test Subject","damage_taken":0,"max_hp_gain":0,"max_hp_loss":0,"event_name":"Drug Dealer","floor":29,"gold_loss":0,"cards_obtained":["Flying Knee","All Out Attack"]}],"is_beta":false,"boss_relics":[{"not_picked":["Ring of the Serpent","Black Star"],"picked":"Empty Cage"}],"items_purged_floors":[27],"is_endless":false,"potions_floor_spawned":[1,5,16,18,21,24],"killed_by":"Automaton","ascension_level":19}