{"gold_per_floor":[115,115,133,133,147,147,173,173,196,216,66,85,96,96],"floor_reached":14,"playtime":2055,"items_purged":[],"score":92,"play_id":"750bfb31-f1b0-4c0c-bb6c-6bc13c960bf8","local_time":"20190122233805","is_ascension_mode":false,"campfire_choices":[{"floor":6,"key":"REST"}],"neow_cost":"TEN_PERCENT_HP_LOSS","seed_source_timestamp":106363289630113,"circlet_count":0,"master_deck":["Strike_B","Strike_B","Defend_B","Defend_B","Defend_B","Defend_B","Zap","Dualcast","Creative AI","FTL+1","Rebound+1","Streamline","Heatsinks","Beam Cell","Genetic Algorithm","White Noise","Conserve Battery"],"relics":["Cracked Core","Art of War","Whetstone","Lantern"],"potions_floor_usage":[10],"damage_taken":[{"damage":6,"enemies":"Jaw Worm","floor":1,"turns":3},{"damage":10,"enemies":"Cultist","floor":3,"turns":4},{"damage":3,"enemies":"2 Louse","floor":5,"turns":2},{"damage":36,"enemies":"Lagavulin","floor":7,"turns":6},{"damage":0,"enemies":"Looter","floor":10,"turns":2},{"damage":10,"enemies":"Exordium Wildlife","floor":12,"turns":4},{"damage":0,"enemies":"Red Slaver","floor":13,"turns":2},{"damage":29,"enemies":"Gremlin Nob","floor":14,"turns":3}],"seed_played":"1761328839010625858","potions_obtained":[{"floor":1,"key":"FocusPotion"},{"floor":5,"key":"Regen Potion"}],"is_trial":false,"path_per_floor":["M","?","M","?","M","R","E","?","T","M","$","M","M","?"],"character_chosen":"DEFECT","items_purchased":["Lantern"],"campfire_rested":1,"item_purchase_floors":[11],"current_hp_per_floor":[62,62,52,45,42,62,26,26,26,31,31,21,21,0],"gold":96,"neow_bonus":"THREE_RARE_CARDS","is_prod":false,"is_daily":false,"chose_seed":false,"campfire_upgraded":0,"win_rate":0,"timestamp":1548221885,"path_taken":["M","?","?","?","M","R","E","?","T","M","$","M","M","?"],"build_version":"2019-01-17v2","purchased_purges":0,"victory":false,"max_hp_per_floor":[68,68,68,68,68,68,68,68,68,68,68,68,68,68],"card_choices":[{"not_picked":["All For One","Buffer"],"picked":"Creative AI","floor":0},{"not_picked":["Gash","Barrage"],"picked":"FTL","floor":1},{"not_picked":["Chill","Ball Lightning"],"picked":"Streamline","floor":3},{"not_picked":["Ball Lightning","Rebound"],"picked":"Heatsinks","floor":5},{"not_picked":["Compile Driver","Chill"],"picked":"Beam Cell","floor":7},{"not_picked":["Stack","Hyperbeam"],"picked":"Genetic Algorithm","floor":10},{"not_picked":["Compile Driver","Barrage"],"picked":"White Noise","floor":12},{"not_picked":["Compile Driver","Ball Lightning"],"picked":"Conserve Battery","floor":13}],"player_experience":214014,"relics_obtained":[{"floor":7,"key":"Art of War"},{"floor":9,"key":"Whetstone"}],"event_choices":[{"damage_healed":0,"gold_gain":0,"cards_transformed":["Strike_B"],"player_choice":"Transformed","damage_taken":0,"max_hp_gain":0,"max_hp_loss":0,"event_name":"Transmorgrifier","floor":2,"gold_loss":0,"cards_obtained":["Rebound"]},{"cards_removed":["Strike_B"],"damage_healed":0,"gold_gain":0,"player_choice":"Card Removal","damage_taken":7,"max_hp_gain":0,"max_hp_loss":0,"event_name":"Golden Wing","floor":4,"gold_loss":0},{"damage_healed":0,"gold_gain":0,"player_choice":"Ignored","damage_taken":0,"max_hp_gain":0,"max_hp_loss":0,"event_name":"Shining Light","floor":8,"gold_loss":0},{"damage_healed":0,"gold_gain":0,"player_choice":"Searched \u00272\u0027 times","damage_taken":0,"max_hp_gain":0,"max_hp_loss":0,"event_name":"Dead Adventurer","floor":14,"gold_loss":0}],"is_beta":false,"boss_relics":[],"items_purged_floors":[],"is_endless":false,"potions_floor_spawned":[1,5],"killed_by":"Gremlin Nob","ascension_level":0}