{"gold_per_floor":[111,36,36,55,55,86,99,99,147,175,195,13,13,27,27,27],"floor_reached":16,"playtime":1451,"items_purged":["Strike_G","Strike_G"],"score":110,"play_id":"36ec3437-63b4-4209-9ed4-46bcdc6baefb","local_time":"20181119211112","is_ascension_mode":false,"campfire_choices":[{"data":"Tactician","floor":8,"key":"SMITH"},{"floor":13,"key":"REST"},{"floor":15,"key":"REST"}],"neow_cost":"NONE","seed_source_timestamp":495908107398796,"circlet_count":0,"master_deck":["Defend_G","Defend_G","Defend_G","Defend_G","Defend_G","Strike_G","Strike_G","Strike_G","Survivor","Neutralize","Prepared+1","Eviscerate","Tactician+1","Eviscerate","Adrenaline+1","Backflip+1","Well Laid Plans","Backflip+1"],"relics":["White Beast Statue","Pen Nib","Happy Flower","Toxic Egg 2"],"potions_floor_usage":[6,6,10,10,11,16,16],"damage_taken":[{"damage":0,"enemies":"Jaw Worm","floor":1,"turns":4},{"damage":0,"enemies":"Cultist","floor":4,"turns":5},{"damage":23,"enemies":"Lagavulin","floor":6,"turns":5},{"damage":0,"enemies":"Small Slimes","floor":7,"turns":3},{"damage":25,"enemies":"3 Sentries","floor":10,"turns":9},{"damage":13,"enemies":"Exordium Thugs","floor":11,"turns":6},{"damage":2,"enemies":"3 Louse","floor":14,"turns":4},{"damage":54,"enemies":"Hexaghost","floor":16,"turns":15}],"seed_played":"5324049453907845663","potions_obtained":[{"floor":1,"key":"Poison Potion"},{"floor":4,"key":"FearPotion"},{"floor":6,"key":"Weak Potion"},{"floor":7,"key":"AttackPotion"},{"floor":10,"key":"FearPotion"},{"floor":11,"key":"Energy Potion"},{"floor":14,"key":"SteroidPotion"}],"is_trial":false,"path_per_floor":["M","$","?","M","?","E","M","R","T","E","M","$","R","M","R","B"],"character_chosen":"THE_SILENT","items_purchased":["Well Laid Plans"],"campfire_rested":2,"item_purchase_floors":[12],"current_hp_per_floor":[70,70,70,70,70,47,47,47,47,22,9,9,30,28,49,0],"gold":27,"neow_bonus":"BOSS_RELIC","is_prod":false,"is_daily":false,"chose_seed":false,"campfire_upgraded":1,"win_rate":0,"timestamp":1542683472,"path_taken":["M","$","?","?","?","E","M","R","T","E","M","?","R","M","R","BOSS"],"build_version":"2018-11-15","purchased_purges":2,"victory":false,"max_hp_per_floor":[70,70,70,70,70,70,70,70,70,70,70,70,70,70,70,70],"card_choices":[{"not_picked":["Acrobatics","Dagger Spray"],"picked":"Prepared","floor":1},{"not_picked":["Deflect","Masterful Stab"],"picked":"Eviscerate","floor":4},{"not_picked":["Caltrops","Backflip"],"picked":"Tactician","floor":6},{"not_picked":["Bane","Sucker Punch"],"picked":"Eviscerate","floor":7},{"not_picked":["Quick Slash","Flechettes"],"picked":"Adrenaline","floor":10},{"not_picked":["Dodge and Roll+1","Bane"],"picked":"Backflip+1","floor":11},{"not_picked":["Slice","Deflect+1"],"picked":"Backflip+1","floor":14}],"player_experience":145183,"relics_obtained":[{"floor":6,"key":"Pen Nib"},{"floor":9,"key":"Happy Flower"},{"floor":10,"key":"Toxic Egg 2"}],"event_choices":[{"damage_healed":0,"gold_gain":0,"player_choice":"Forge","damage_taken":0,"max_hp_gain":0,"max_hp_loss":0,"event_name":"Accursed Blacksmith","floor":3,"gold_loss":0,"cards_upgraded":["Prepared"]},{"damage_healed":0,"gold_gain":0,"player_choice":"Bought 0 Potions","damage_taken":0,"max_hp_gain":0,"max_hp_loss":0,"event_name":"The Woman in Blue","floor":5,"gold_loss":0}],"is_beta":false,"boss_relics":[],"items_purged_floors":[2,12],"is_endless":false,"potions_floor_spawned":[1,4,6,7,10,11,14],"killed_by":"Hexaghost","ascension_level":0}