{"path_per_floor":["M","?","?","?","?","E","M","E","T","$","M","R","T","M","R"],"character_chosen":"DEFECT","items_purchased":["Boot"],"gold_per_floor":[117,117,117,117,292,323,341,368,368,140,153,153,209,224,224,224],"floor_reached":16,"campfire_rested":1,"playtime":455,"item_purchase_floors":[10],"current_hp_per_floor":[70,70,70,63,63,40,38,25,25,25,23,45,45,52,52,0],"items_purged":["Doubt"],"gold":224,"score":119,"play_id":"6340d79b-2dc4-4ebe-9026-56a32d7c2dc4","local_time":"20180621124710","is_prod":false,"is_daily":false,"chose_seed":false,"is_ascension_mode":true,"campfire_upgraded":1,"win_rate":0,"timestamp":1529574430,"campfire_choices":[{"floor":12,"key":"REST"},{"data":"Loop","floor":15,"key":"SMITH"}],"path_taken":["M","?","?","?","?","E","M","E","T","$","?","R","?","M","R","BOSS"],"build_version":"2018-06-14v2","seed_source_timestamp":539038959513799,"purchased_purges":1,"victory":false,"master_deck":["Strike_B","Strike_B","Strike_B","Defend_B","Defend_B","Defend_B","Zap","Dualcast","Beam Cell","Regret","Conserve Battery+1","Chaos+1","Defragment","Self Repair","Loop+1"],"max_hp_per_floor":[75,75,75,75,75,75,75,75,75,75,75,75,75,75,75,75],"relics":["Cracked Core","Toxic Egg 2","Symbiotic Virus","Happy Flower","Dead Branch","Boot","Tiny Chest"],"card_choices":[{"not_picked":["Coolheaded","Conserve Battery"],"picked":"Beam Cell","floor":1},{"not_picked":["Ball Lightning","Gash"],"picked":"Conserve Battery+1","floor":6},{"not_picked":["Streamline","Turbo+1"],"picked":"Chaos+1","floor":7},{"not_picked":["Aggregate+1","Ball Lightning"],"picked":"Defragment","floor":8},{"not_picked":["Tempest+1","Barrage"],"picked":"Self Repair","floor":11},{"not_picked":["Hologram+1","Self Repair"],"picked":"Loop","floor":14}],"player_experience":284242,"potions_floor_usage":[14],"damage_taken":[{"damage":5,"enemies":"Small Slimes","floor":1,"turns":3},{"damage":23,"enemies":"Gremlin Nob","floor":6,"turns":4},{"damage":2,"enemies":"Cultist","floor":7,"turns":3},{"damage":13,"enemies":"Lagavulin","floor":8,"turns":4},{"damage":2,"enemies":"Jaw Worm","floor":11,"turns":2},{"damage":0,"enemies":"Exordium Wildlife","floor":14,"turns":3},{"damage":52,"enemies":"The Guardian","floor":16,"turns":8}],"relics_obtained":[{"floor":6,"key":"Symbiotic Virus"},{"floor":8,"key":"Happy Flower"},{"floor":9,"key":"Dead Branch"},{"floor":13,"key":"Tiny Chest"}],"event_choices":[{"event_name":"The Woman in Blue","player_choice":"Bought 0 Potions","floor":2,"damage_taken":0},{"event_name":"Big Fish","player_choice":"Box","floor":3,"damage_taken":0},{"event_name":"Golden Wing","player_choice":"Card Removal","floor":4,"damage_taken":0},{"event_name":"Liars Game","player_choice":"agreed","floor":5,"damage_taken":0}],"boss_relics":[],"items_purged_floors":[10],"is_endless":false,"potions_floor_spawned":[7,11],"seed_played":"-3411138486905853746","killed_by":"The Guardian","ascension_level":2,"potions_obtained":[{"floor":7,"key":"Explosive Potion"},{"floor":11,"key":"Strength Potion"}],"is_trial":false}