{"gold_per_floor":[118,118,128,140,140,169,169,203,203,203,215,165,165,182,182,277,277,292,292,310,310,49,49,80,96,123,123,123],"floor_reached":28,"playtime":845,"items_purged":[],"score":320,"play_id":"a8a369a5-e567-4874-93d4-4349335dbb14","local_time":"20180817110919","is_ascension_mode":true,"campfire_choices":[{"floor":7,"key":"REST"},{"floor":13,"key":"REST"},{"floor":15,"key":"REST"},{"floor":23,"key":"REST"},{"floor":27,"key":"REST"}],"neow_cost":"CURSE","seed_source_timestamp":94975633841741,"circlet_count":0,"master_deck":["Strike_B","Strike_B","Strike_B","Strike_B","Defend_B","Defend_B","Defend_B","Zap","Dualcast","Chaos","White Noise","Doom and Gloom","Sunder","Echo Form","Core Surge","Melter","FTL"],"relics":["Cracked Core","Symbiotic Virus","Boot","Turnip","Ornamental Fan","Busted Crown","Cables","Kunai","DataDisk"],"potions_floor_usage":[8,8,8,8,14,16,24,24,24,28,28],"damage_taken":[{"damage":9,"enemies":"Cultist","floor":1,"turns":4},{"damage":4,"enemies":"2 Louse","floor":3,"turns":3},{"damage":12,"enemies":"Jaw Worm","floor":4,"turns":3},{"damage":23,"enemies":"3 Sentries","floor":6,"turns":5},{"damage":25,"enemies":"Gremlin Nob","floor":8,"turns":3},{"damage":0,"enemies":"Exordium Wildlife","floor":11,"turns":2},{"damage":9,"enemies":"2 Fungi Beasts","floor":14,"turns":2},{"damage":48,"enemies":"Hexaghost","floor":16,"turns":8},{"damage":15,"enemies":"Spheric Guardian","floor":18,"turns":4},{"damage":26,"enemies":"Shell Parasite","floor":20,"turns":3},{"damage":21,"enemies":"Gremlin Leader","floor":24,"turns":5},{"damage":33,"enemies":"Cultist and Chosen","floor":25,"turns":5},{"damage":43,"enemies":"Centurion and Healer","floor":28,"turns":3}],"seed_played":"2162156760745118279","potions_obtained":[{"floor":1,"key":"Strength Potion"},{"floor":6,"key":"EntropicBrew"},{"floor":8,"key":"PowerPotion"},{"floor":16,"key":"Ancient Potion"},{"floor":21,"key":"FearPotion"},{"floor":21,"key":"Block Potion"},{"floor":21,"key":"Weak Potion"},{"floor":24,"key":"LiquidBronze"},{"floor":25,"key":"LiquidBronze"}],"is_trial":false,"path_per_floor":["M","?","M","M","?","E","R","E","T","?","M","?","R","M","R","B",null,"M","?","M","?","$","R","E","M","T","R"],"character_chosen":"DEFECT","items_purchased":["Cables"],"campfire_rested":5,"item_purchase_floors":[22],"current_hp_per_floor":[80,80,76,64,64,41,67,42,42,35,35,35,61,52,78,44,89,74,57,31,31,31,59,38,12,12,40,0],"gold":123,"neow_bonus":"TWENTY_PERCENT_HP_BONUS","is_prod":false,"is_daily":false,"chose_seed":false,"campfire_upgraded":0,"win_rate":0,"timestamp":1534493359,"path_taken":["M","?","?","M","?","E","R","E","T","?","M","?","R","M","R","BOSS","M","?","M","?","$","R","E","?","T","R","M"],"build_version":"2018-08-16","purchased_purges":0,"victory":false,"max_hp_per_floor":[89,89,89,89,89,89,89,89,89,89,89,89,89,89,89,89,89,89,94,94,94,94,94,94,94,94,94,94],"card_choices":[{"not_picked":["Redo","Stack"],"picked":"Chaos","floor":1},{"not_picked":["Scrape","Tempest"],"picked":"White Noise","floor":3},{"not_picked":["Cold Snap","Capacitor"],"picked":"Doom and Gloom","floor":4},{"not_picked":["Force Field","Blizzard"],"picked":"Sunder","floor":6},{"not_picked":["Hologram","Undo","Storm"],"picked":"SKIP","floor":8},{"not_picked":["Rebound","Turbo","Undo"],"picked":"SKIP","floor":11},{"not_picked":["Aggregate","Steam"],"picked":"Echo Form","floor":14},{"not_picked":["Hyperbeam","Electrodynamics"],"picked":"Core Surge","floor":16},{"not_picked":["Fusion"],"picked":"SKIP","floor":18},{"not_picked":["Force Field"],"picked":"SKIP","floor":20},{"not_picked":[],"picked":"Melter","floor":24},{"not_picked":[],"picked":"FTL","floor":25}],"player_experience":336680,"relics_obtained":[{"floor":6,"key":"Boot"},{"floor":8,"key":"Turnip"},{"floor":9,"key":"Ornamental Fan"},{"floor":24,"key":"Kunai"},{"floor":26,"key":"DataDisk"}],"event_choices":[{"event_name":"Purifier","player_choice":"One Purge","floor":2,"damage_taken":0},{"event_name":"Big Fish","player_choice":"Box","floor":5,"damage_taken":0},{"event_name":"Golden Wing","player_choice":"Card Removal","floor":10,"damage_taken":0},{"event_name":"The Cleric","player_choice":"Card Removal","floor":12,"damage_taken":0},{"event_name":"Forgotten Altar","player_choice":"Shed Blood","floor":19,"damage_taken":0},{"event_name":"The Lab","player_choice":"Got Potions","floor":21,"damage_taken":0}],"is_beta":false,"boss_relics":[{"not_picked":["Pandora\u0027s Box","Inserter"],"picked":"Busted Crown"}],"items_purged_floors":[],"is_endless":false,"potions_floor_spawned":[1,6,8,16,24,25],"killed_by":"Centurion and Healer","ascension_level":4}