{"gold_per_floor":[360,373,373,27,44,78,78,103,103,103,118,68,68,95,95,167,167,187,207,207,282,294,294,319,319,319,331,331,349,108,142,142,213,213,227,247,101,101,101,128,148,148,223,240,12,12,12,30,30,30],"floor_reached":50,"playtime":6510,"items_purged":["Doubt","Doubt"],"score":1045,"play_id":"64dfdf11-4dc4-4f3f-baae-13c5383f6842","local_time":"20190717181811","is_ascension_mode":true,"campfire_choices":[{"data":"Neutralize","floor":7.0,"key":"SMITH"},{"data":"Cloak And Dagger","floor":10.0,"key":"SMITH"},{"data":"Caltrops","floor":13.0,"key":"SMITH"},{"data":"Cloak And Dagger","floor":15.0,"key":"SMITH"},{"data":"Envenom","floor":23.0,"key":"SMITH"},{"floor":25.0,"key":"REST"},{"floor":28.0,"key":"REST"},{"data":"Noxious Fumes","floor":32.0,"key":"SMITH"},{"floor":42.0,"key":"REST"},{"data":"Noxious Fumes","floor":49,"key":"SMITH"}],"neow_cost":"CURSE","seed_source_timestamp":645373264847544,"circlet_count":0,"master_deck":["AscendersBane","Strike_G","Strike_G","Strike_G","Defend_G","Defend_G","Defend_G","Defend_G","Defend_G","Survivor","Neutralize+1","Footwork","Escape Plan","Caltrops+1","Cloak And Dagger+1","Backflip","Poisoned Stab","Dodge and Roll","Riddle With Holes","Cloak And Dagger+1","Envenom+1","Backflip","Blade Dance+1","Dagger Throw","Corpse Explosion","Bane","Noxious Fumes+1","All Out Attack","Die Die Die","Dodge and Roll","Backflip","Riddle With Holes","Dagger Throw+1","Accuracy","Noxious Fumes+1","Good Instincts","Dash"],"special_seed":0,"relics":["Ring of the Snake","Vajra","Oddly Smooth Stone","Kunai","Happy Flower","Bag of Marbles","Cursed Key","Ancient Tea Set","Lee\u0027s Waffle","Unceasing Top","Eternal Feather","Art of War","Meat on the Bone"],"potions_floor_usage":[50,50],"damage_taken":[{"damage":1.0,"enemies":"2 Louse","floor":1.0,"turns":4.0},{"damage":0.0,"enemies":"Small Slimes","floor":2.0,"turns":5.0},{"damage":0.0,"enemies":"Cultist","floor":5.0,"turns":4.0},{"damage":43.0,"enemies":"Gremlin Nob","floor":6.0,"turns":6.0},{"damage":0.0,"enemies":"Lagavulin","floor":8.0,"turns":8.0},{"damage":0.0,"enemies":"Red Slaver","floor":11.0,"turns":5.0},{"damage":1.0,"enemies":"3 Sentries","floor":14.0,"turns":11.0},{"damage":0.0,"enemies":"Hexaghost","floor":16.0,"turns":10.0},{"damage":0.0,"enemies":"Shell Parasite","floor":18.0,"turns":5.0},{"damage":0.0,"enemies":"Chosen","floor":19.0,"turns":4.0},{"damage":0.0,"enemies":"Snake Plant","floor":22.0,"turns":4.0},{"damage":23.0,"enemies":"Gremlin Leader","floor":24.0,"turns":8.0},{"damage":13.0,"enemies":"Snecko","floor":27.0,"turns":3.0},{"damage":8.0,"enemies":"Cultist and Chosen","floor":29.0,"turns":5.0},{"damage":19.0,"enemies":"Book of Stabbing","floor":31.0,"turns":4.0},{"damage":30.0,"enemies":"Champ","floor":33.0,"turns":10.0},{"damage":11.0,"enemies":"3 Darklings","floor":35.0,"turns":4.0},{"damage":0.0,"enemies":"Orb Walker","floor":36.0,"turns":3.0},{"damage":58.0,"enemies":"Giant Head","floor":40.0,"turns":9.0},{"damage":0.0,"enemies":"Transient","floor":41.0,"turns":5.0},{"damage":9.0,"enemies":"3 Darklings","floor":44.0,"turns":2.0},{"damage":1,"enemies":"Sphere and 2 Shapes","floor":48,"turns":5},{"damage":81,"enemies":"Time Eater","floor":50,"turns":10}],"seed_played":"886917676251600463","potions_obtained":[{"floor":2.0,"key":"Swift Potion"},{"floor":5.0,"key":"SpeedPotion"},{"floor":11.0,"key":"Fruit Juice"},{"floor":16.0,"key":"SkillPotion"},{"floor":24.0,"key":"Swift Potion"},{"floor":27.0,"key":"SneckoOil"},{"floor":31.0,"key":"Strength Potion"},{"floor":33.0,"key":"Strength Potion"},{"floor":35.0,"key":"Explosive Potion"},{"floor":40.0,"key":"SkillPotion"},{"floor":44.0,"key":"PowerPotion"}],"is_trial":false,"path_per_floor":["M","M","?","$","M","E","R","E","T","R","M","?","R","E","R","B",null,"M","M","?","?","M","R","E","R","T","M","R","M","$","E","R","B",null,"M","M","$","?","?","E","M","R","T","M","$","?","$","M","R","B"],"character_chosen":"THE_SILENT","items_purchased":["Vajra","Caltrops","Cloak And Dagger","Lee\u0027s Waffle","Noxious Fumes","Well Laid Plans","Riddle With Holes","Noxious Fumes","SkillPotion"],"campfire_rested":3,"item_purchase_floors":[4,4,4,30,30,37,37,45,45],"current_hp_per_floor":[62,62,62,62,62,19,19,19,19,19,24,24,24,23,23,23,62,62,62,48,40,40,40,17,41,41,28,52,44,87,68,68,38,75,64,64,64,64,64,6,6,50,50,53,53,53,53,52,73,0],"gold":30,"neow_bonus":"TWO_FIFTY_GOLD","is_prod":false,"is_daily":false,"chose_seed":false,"campfire_upgraded":7,"win_rate":0,"timestamp":1563401891,"path_taken":["M","M","?","$","M","E","R","E","T","R","M","?","R","E","R","BOSS","M","M","?","?","M","R","E","R","T","M","R","?","$","E","R","BOSS","M","M","$","?","?","E","M","R","T","?","$","?","?","?","R","BOSS"],"build_version":"2019-07-05","purchased_purges":2,"victory":false,"max_hp_per_floor":[70,70,70,70,70,70,70,70,70,70,75,75,75,75,75,75,75,75,75,80,80,80,80,80,80,80,80,80,80,87,87,87,87,87,87,87,87,87,87,87,87,87,87,87,87,87,87,87,87,87],"card_choices":[{"not_picked":["Backflip","Outmaneuver"],"picked":"Footwork","floor":1.0},{"not_picked":["Catalyst","Underhanded Strike"],"picked":"Escape Plan","floor":2.0},{"not_picked":["Sucker Punch","Night Terror"],"picked":"Backflip","floor":5.0},{"not_picked":["Bane","Tools of the Trade"],"picked":"Poisoned Stab","floor":6.0},{"not_picked":["Underhanded Strike","Heel Hook"],"picked":"Dodge and Roll","floor":8.0},{"not_picked":["Blur","Poisoned Stab"],"picked":"Riddle With Holes","floor":11.0},{"not_picked":["Tools of the Trade","Dagger Throw"],"picked":"Cloak And Dagger","floor":14.0},{"not_picked":["Corpse Explosion","Venomology"],"picked":"Envenom","floor":16.0},{"not_picked":["Underhanded Strike","Catalyst"],"picked":"Backflip","floor":18.0},{"not_picked":["Calculated Gamble","PiercingWail"],"picked":"Blade Dance+1","floor":19.0},{"not_picked":["Quick Slash","Underhanded Strike"],"picked":"Dagger Throw","floor":22.0},{"not_picked":["Reflex","Acrobatics"],"picked":"Corpse Explosion","floor":24.0},{"not_picked":["Underhanded Strike","Outmaneuver+1","Slice"],"picked":"SKIP","floor":27.0},{"not_picked":["Poisoned Stab","Deadly Poison+1"],"picked":"Bane","floor":29.0},{"not_picked":["Reflex","Wraith Form v2"],"picked":"All Out Attack","floor":31.0},{"not_picked":["Tools of the Trade","Corpse Explosion"],"picked":"Die Die Die","floor":33.0},{"not_picked":["Dagger Spray+1","Cloak And Dagger"],"picked":"Dodge and Roll","floor":35.0},{"not_picked":["PiercingWail","Dagger Spray+1"],"picked":"Backflip","floor":36.0},{"not_picked":["Distraction+1","Dagger Spray"],"picked":"Dagger Throw+1","floor":40.0},{"not_picked":["Underhanded Strike","Outmaneuver","Prepared"],"picked":"SKIP","floor":41.0},{"not_picked":["Finisher+1","Quick Slash"],"picked":"Accuracy","floor":44.0},{"not_picked":["Dramatic Entrance","Bandage Up"],"picked":"Good Instincts","floor":46},{"not_picked":["Well Laid Plans+1","Flying Knee+1"],"picked":"Dash","floor":48}],"player_experience":645686,"relics_obtained":[{"floor":6.0,"key":"Oddly Smooth Stone"},{"floor":8.0,"key":"Kunai"},{"floor":9.0,"key":"Happy Flower"},{"floor":14.0,"key":"Bag of Marbles"},{"floor":24.0,"key":"Ancient Tea Set"},{"floor":31.0,"key":"Unceasing Top"},{"floor":40.0,"key":"Art of War"},{"floor":43.0,"key":"Meat on the Bone"}],"event_choices":[{"damage_healed":0.0,"max_hp_gain":0.0,"max_hp_loss":0.0,"gold_gain":0.0,"event_name":"Liars Game","player_choice":"Ignored","floor":3.0,"gold_loss":0.0,"damage_taken":0.0},{"cards_removed":["Strike_G"],"damage_healed":0.0,"max_hp_gain":0.0,"max_hp_loss":0.0,"gold_gain":0.0,"event_name":"The Cleric","player_choice":"Card Removal","floor":12.0,"gold_loss":50.0,"damage_taken":0.0},{"damage_healed":0.0,"max_hp_gain":5.0,"max_hp_loss":0.0,"gold_gain":0.0,"event_name":"Forgotten Altar","player_choice":"Shed Blood","floor":20.0,"gold_loss":0.0,"damage_taken":19.0},{"damage_healed":0.0,"max_hp_gain":0.0,"max_hp_loss":0.0,"gold_gain":75.0,"event_name":"FaceTrader","player_choice":"Touch","floor":21.0,"gold_loss":0.0,"damage_taken":8.0},{"cards_removed":["Well Laid Plans"],"damage_healed":0.0,"max_hp_gain":0.0,"max_hp_loss":0.0,"gold_gain":0.0,"event_name":"Falling","player_choice":"Removed Power","floor":38.0,"gold_loss":0.0,"damage_taken":0.0},{"cards_removed":["Strike_G"],"damage_healed":0.0,"max_hp_gain":0.0,"max_hp_loss":0.0,"gold_gain":0.0,"event_name":"Purifier","player_choice":"Purged","floor":39.0,"gold_loss":0.0,"damage_taken":0.0},{"damage_healed":0,"gold_gain":0,"player_choice":"Memory 1","damage_taken":0,"max_hp_gain":0,"max_hp_loss":0,"event_name":"SensoryStone","floor":46,"gold_loss":0}],"is_beta":false,"boss_relics":[{"not_picked":["Pandora\u0027s Box","Ectoplasm"],"picked":"Cursed Key"},{"not_picked":["Velvet Choker","Runic Dome"],"picked":"Eternal Feather"}],"items_purged_floors":[4,45],"is_endless":false,"potions_floor_spawned":[2,5,11,16,24,27,31,33,35,40,44],"killed_by":"Time Eater","ascension_level":13}