{"gold_per_floor":[112,37,2,13,32,57,75,75,75,75,89,89,89,109,109,205,205,218,317,333,333,43,72,72,85,110,110,31,31,61,75,75,170,170,185,185,60,79,5,5,31,45,45,45,59,59,79,89,89,89,89,89,14,44,44],"floor_reached":55,"playtime":3543,"items_purged":["Defend_B","Defend_B","Regret"],"score":762,"play_id":"559b01a3-afe6-4e20-9ed5-e437f096227b","local_time":"20190719000017","is_ascension_mode":false,"campfire_choices":[{"data":"Hologram","floor":8,"key":"SMITH"},{"data":"Undo","floor":15,"key":"SMITH"},{"data":"Rainbow","floor":24,"key":"SMITH"},{"data":"Redo","floor":27,"key":"SMITH"},{"data":"Dualcast","floor":32,"key":"SMITH"},{"floor":40,"key":"RECALL"},{"floor":46,"key":"REST"},{"floor":49,"key":"REST"},{"data":"White Noise","floor":52,"key":"SMITH"}],"neow_cost":"NONE","seed_source_timestamp":49183484540821,"circlet_count":0,"master_deck":["Strike_B+1","Strike_B+1","Defend_B+1","Zap+1","Dualcast+1","Chill","Hologram+1","Beam Cell","Compile Driver","Undo+1","Conserve Battery","Rainbow+1","Redo+1","Capacitor+1","Chaos+1","Buffer+1","Loop+1","Redo+1","Creative AI+1","Compile Driver","Static Discharge+1","Loop+1","White Noise+1","Electrodynamics+1"],"relics":["Cracked Core","Whetstone","Gremlin Horn","Nuclear Battery","Frozen Egg 2","Bronze Scales","Emotion Chip","Enchiridion","Ornamental Fan","Calling Bell","Anchor","Dodecahedron","Torii","Potion Belt","Strawberry","Lantern"],"potions_floor_usage":[6,18,25,41,45,50,55,55],"damage_taken":[{"damage":2,"enemies":"2 Louse","floor":1,"turns":2},{"damage":0,"enemies":"Cultist","floor":4,"turns":4},{"damage":1,"enemies":"Jaw Worm","floor":5,"turns":4},{"damage":7,"enemies":"3 Sentries","floor":6,"turns":6},{"damage":10,"enemies":"3 Louse","floor":7,"turns":3},{"damage":0,"enemies":"Blue Slaver","floor":11,"turns":3},{"damage":0,"enemies":"Exordium Thugs","floor":14,"turns":4},{"damage":3,"enemies":"The Guardian","floor":16,"turns":10},{"damage":2,"enemies":"2 Thieves","floor":18,"turns":4},{"damage":0,"enemies":"Chosen","floor":20,"turns":4},{"damage":23,"enemies":"Slavers","floor":23,"turns":6},{"damage":0,"enemies":"Sentry and Sphere","floor":25,"turns":4},{"damage":0,"enemies":"Book of Stabbing","floor":30,"turns":5},{"damage":0,"enemies":"Chosen and Byrds","floor":31,"turns":4},{"damage":0,"enemies":"Automaton","floor":33,"turns":8},{"damage":0,"enemies":"Orb Walker","floor":35,"turns":4},{"damage":17,"enemies":"3 Darklings","floor":38,"turns":7},{"damage":26,"enemies":"Reptomancer","floor":41,"turns":7},{"damage":12,"enemies":"Spire Growth","floor":42,"turns":4},{"damage":13,"enemies":"Transient","floor":45,"turns":5},{"damage":7,"enemies":"4 Shapes","floor":47,"turns":6},{"damage":30,"enemies":"3 Darklings","floor":48,"turns":7},{"damage":15,"enemies":"Time Eater","floor":50,"turns":11},{"damage":36,"enemies":"Shield and Spear","floor":54,"turns":5},{"damage":51,"enemies":"The Heart","floor":55,"turns":2}],"seed_played":"441475152996704364","potions_obtained":[{"floor":1,"key":"AttackPotion"},{"floor":7,"key":"Ancient Potion"},{"floor":14,"key":"EssenceOfSteel"},{"floor":16,"key":"Energy Potion"},{"floor":23,"key":"SneckoOil"},{"floor":25,"key":"SpeedPotion"},{"floor":33,"key":"Regen Potion"},{"floor":38,"key":"PowerPotion"},{"floor":41,"key":"PowerPotion"}],"is_trial":false,"path_per_floor":["M","$","?","M","M","E","M","R","T","?","M","?","?","M","R","B",null,"M","?","M","T","$","E","R","M","T","R","$","?","E","M","R","B",null,"M","?","$","M","$","R","E","M","T","?","M","R","M","M","R","B",null,"R","$","E","B"],"character_chosen":"DEFECT","items_purchased":["Capacitor+1","Bronze Scales","Loop+1","Static Discharge+1","FocusPotion"],"campfire_rested":2,"item_purchase_floors":[22,22,28,39,53],"current_hp_per_floor":[73,73,75,75,74,67,57,57,57,57,57,42,42,42,42,39,75,73,73,73,73,73,50,50,50,50,50,50,34,34,34,34,34,75,75,75,75,58,58,58,32,20,27,27,29,53,46,16,40,25,82,82,82,46,0],"gold":44,"neow_bonus":"REMOVE_CARD","is_prod":false,"is_daily":false,"chose_seed":false,"campfire_upgraded":6,"win_rate":0,"timestamp":1563487217,"path_taken":["M","$","?","M","M","E","M","R","T","?","?","?","?","M","R","BOSS","M","?","M","?","$","E","R","M","T","R","$","?","E","M","R","BOSS","M","?","$","M","$","R","E","?","T","?","?","R","M","M","R","BOSS","R","$","E","BOSS"],"build_version":"2019-07-17","purchased_purges":3,"victory":false,"max_hp_per_floor":[75,75,75,75,75,75,75,75,75,75,75,75,75,75,75,75,75,75,75,75,75,75,75,75,75,75,75,75,75,75,75,75,75,75,75,75,75,75,75,75,75,75,82,82,82,82,82,82,82,82,82,82,82,82,82],"card_choices":[{"not_picked":["Force Field","Redo"],"picked":"Chill","floor":1},{"not_picked":["Redo","Gash"],"picked":"Hologram","floor":4},{"not_picked":["Doom and Gloom","Steam"],"picked":"Beam Cell","floor":5},{"not_picked":["Creative AI","Tempest"],"picked":"Compile Driver","floor":6},{"not_picked":["Steam","Gash","Stack"],"picked":"SKIP","floor":7},{"not_picked":["Static Discharge","Gash"],"picked":"Undo","floor":11},{"not_picked":["Skim","Hologram"],"picked":"Conserve Battery","floor":14},{"not_picked":["Seek","Multi-Cast"],"picked":"Rainbow","floor":16},{"not_picked":["Beam Cell","Gash","Streamline"],"picked":"SKIP","floor":18},{"not_picked":["Rip and Tear+1","Sweeping Beam"],"picked":"Redo","floor":20},{"not_picked":["Blizzard","Coolheaded"],"picked":"Chaos+1","floor":23},{"not_picked":["Chaos","Stack+1"],"picked":"Buffer+1","floor":25},{"not_picked":["Cold Snap","Ball Lightning"],"picked":"Redo+1","floor":30},{"not_picked":["Sunder+1","FTL","Steam"],"picked":"SKIP","floor":31},{"not_picked":["Meteor Strike","Hyperbeam"],"picked":"Creative AI+1","floor":33},{"not_picked":["Reinforced Body","Compile Driver","Scrape+1"],"picked":"SKIP","floor":35},{"not_picked":["Redo+1","Auto Shields+1"],"picked":"Compile Driver","floor":38},{"not_picked":["Consume","Steam Power+1"],"picked":"Loop+1","floor":41},{"not_picked":["Cold Snap+1","Ball Lightning+1","Go for the Eyes"],"picked":"SKIP","floor":42},{"not_picked":["Rebound+1","Consume","Gash"],"picked":"SKIP","floor":45},{"not_picked":["Steam+1","Lockon"],"picked":"White Noise","floor":47},{"not_picked":["Beam Cell+1","Hologram"],"picked":"Electrodynamics+1","floor":48},{"not_picked":["Coolheaded","Stack+1","Genetic Algorithm"],"picked":"SKIP","floor":54}],"player_experience":126488,"relics_obtained":[{"floor":6,"key":"Whetstone"},{"floor":9,"key":"Gremlin Horn"},{"floor":21,"key":"Frozen Egg 2"},{"floor":23,"key":"Emotion Chip"},{"floor":29,"key":"Enchiridion"},{"floor":30,"key":"Ornamental Fan"},{"floor":34,"key":"Anchor"},{"floor":34,"key":"Dodecahedron"},{"floor":34,"key":"Torii"},{"floor":41,"key":"Potion Belt"},{"floor":43,"key":"Strawberry"},{"floor":54,"key":"Lantern"}],"event_choices":[{"damage_healed":18,"gold_gain":0,"player_choice":"Healed","damage_taken":0,"max_hp_gain":0,"max_hp_loss":0,"event_name":"The Cleric","floor":3,"gold_loss":35},{"cards_removed":["Strike_B"],"damage_healed":0,"gold_gain":0,"player_choice":"Purged","damage_taken":0,"max_hp_gain":0,"max_hp_loss":0,"event_name":"Purifier","floor":10,"gold_loss":0},{"damage_healed":0,"gold_gain":0,"player_choice":"Entered Light","damage_taken":15,"max_hp_gain":0,"max_hp_loss":0,"event_name":"Shining Light","floor":12,"gold_loss":0,"cards_upgraded":["Defend_B","Zap"]},{"cards_removed":["Defend_B"],"damage_healed":0,"gold_gain":0,"player_choice":"Forget","damage_taken":0,"max_hp_gain":0,"max_hp_loss":0,"event_name":"Living Wall","floor":13,"gold_loss":0},{"damage_healed":0,"gold_gain":99,"player_choice":"Stole From Cult","damage_taken":0,"max_hp_gain":0,"max_hp_loss":0,"event_name":"Nest","floor":19,"gold_loss":0},{"damage_healed":0,"gold_gain":0,"player_choice":"Obtained Book","damage_taken":16,"max_hp_gain":0,"max_hp_loss":0,"event_name":"Cursed Tome","floor":29,"gold_loss":0},{"damage_healed":0,"gold_gain":0,"player_choice":"Ignored","damage_taken":0,"max_hp_gain":0,"max_hp_loss":0,"event_name":"NoteForYourself","floor":36,"gold_loss":0},{"cards_removed":["Injury","Clumsy"],"damage_healed":0,"gold_gain":0,"player_choice":"Removed Curses","damage_taken":0,"max_hp_gain":0,"max_hp_loss":0,"event_name":"Fountain of Cleansing","floor":44,"gold_loss":0}],"is_beta":false,"boss_relics":[{"not_picked":["Tiny House","Philosopher\u0027s Stone"],"picked":"Nuclear Battery"},{"not_picked":["Orrery","Fusion Hammer"],"picked":"Calling Bell"}],"items_purged_floors":[2,22,37],"is_endless":false,"potions_floor_spawned":[1,7,14,16,23,25,33,38,41],"killed_by":"The Heart","ascension_level":0}