{"gold_per_floor":[109,59,59,134,152,152,182,33,33,43,55,78,78,95,95,191,191,201,201,52,52,70,70],"floor_reached":23,"playtime":647,"items_purged":[],"score":342,"play_id":"62da9710-b259-48e4-8aac-5a69516513fc","local_time":"20190312083717","is_ascension_mode":true,"campfire_choices":[{"data":"Fire Breathing","floor":6,"key":"SMITH"},{"data":"Flame Barrier","floor":13,"key":"SMITH"},{"data":"Whirlwind","floor":15,"key":"SMITH"}],"neow_cost":"NONE","seed_source_timestamp":2912796410600,"circlet_count":0,"master_deck":["AscendersBane","Strike_R","Strike_R+1","Strike_R","Strike_R","Defend_R+1","Defend_R","Defend_R","Defend_R","Bash","Fire Breathing+1","Thunderclap","Whirlwind+1","Spot Weakness","Flame Barrier+1","Combust+1","Heavy Blade","Demon Form","Shrug It Off","Pain","Pummel"],"relics":["Burning Blood","NeowsBlessing","Red Skull","Meat on the Bone","Odd Mushroom","Fusion Hammer","Regal Pillow","WarpedTongs"],"potions_floor_usage":[16,16],"damage_taken":[{"damage":0,"enemies":"Small Slimes","floor":1,"turns":1},{"damage":0,"enemies":"2 Louse","floor":5,"turns":1},{"damage":0,"enemies":"Gremlin Nob","floor":7,"turns":1},{"damage":12,"enemies":"Jaw Worm","floor":10,"turns":3},{"damage":13,"enemies":"Exordium Thugs","floor":11,"turns":4},{"damage":19,"enemies":"The Mushroom Lair","floor":12,"turns":5},{"damage":0,"enemies":"2 Fungi Beasts","floor":14,"turns":3},{"damage":56,"enemies":"Slime Boss","floor":16,"turns":10},{"damage":17,"enemies":"3 Byrds","floor":18,"turns":4},{"damage":14,"enemies":"Chosen","floor":22,"turns":5},{"damage":49,"enemies":"Gremlin Leader","floor":23,"turns":5}],"seed_played":"-7436679446085533630","potions_obtained":[{"floor":7,"key":"BloodPotion"},{"floor":10,"key":"Swift Potion"},{"floor":12,"key":"Block Potion"}],"is_trial":false,"path_per_floor":["M","?","?","?","M","R","E","$","T","M","M","?","R","M","R","B",null,"M","?","$","?","M","E"],"character_chosen":"IRONCLAD","items_purchased":["Whirlwind","Spot Weakness","Regal Pillow"],"campfire_rested":0,"item_purchase_floors":[8,8,20],"current_hp_per_floor":[78,78,62,51,57,57,63,63,63,57,50,49,49,55,55,25,66,55,55,55,55,47,0],"gold":70,"neow_bonus":"THREE_ENEMY_KILL","is_prod":false,"is_daily":false,"chose_seed":false,"campfire_upgraded":3,"win_rate":0,"timestamp":1552372637,"path_taken":["M","?","?","?","?","R","E","?","T","M","M","?","R","M","R","BOSS","M","?","?","?","?","E"],"build_version":"2019-01-23","purchased_purges":0,"victory":false,"max_hp_per_floor":[80,80,80,80,80,80,80,80,80,80,80,80,80,80,80,80,80,80,80,80,80,80,80],"card_choices":[{"not_picked":["Wild Strike","Evolve","Havoc"],"picked":"SKIP","floor":1},{"not_picked":["Perfected Strike","Corruption"],"picked":"Fire Breathing","floor":5},{"not_picked":["Bloodletting","Havoc"],"picked":"Thunderclap","floor":7},{"not_picked":["Cleave","Anger"],"picked":"Flame Barrier","floor":10},{"not_picked":["Shrug It Off","Wild Strike"],"picked":"Combust","floor":11},{"not_picked":["Sever Soul","Reckless Charge"],"picked":"Heavy Blade","floor":12},{"not_picked":["Whirlwind","Wild Strike","Headbutt"],"picked":"SKIP","floor":14},{"not_picked":["Brutality","Double Tap"],"picked":"Demon Form","floor":16},{"not_picked":["Second Wind","Bloodletting"],"picked":"Shrug It Off","floor":18},{"not_picked":["Hemokinesis","Perfected Strike"],"picked":"Pummel","floor":22}],"player_experience":495201,"relics_obtained":[{"floor":7,"key":"Red Skull"},{"floor":9,"key":"Meat on the Bone"},{"floor":12,"key":"Odd Mushroom"}],"event_choices":[{"cards_removed":["Strike_R"],"damage_healed":0,"gold_gain":0,"player_choice":"Card Removal","damage_taken":0,"max_hp_gain":0,"max_hp_loss":0,"event_name":"The Cleric","floor":2,"gold_loss":50},{"damage_healed":0,"gold_gain":0,"player_choice":"Entered Light","damage_taken":16,"max_hp_gain":0,"max_hp_loss":0,"event_name":"Shining Light","floor":3,"gold_loss":0,"cards_upgraded":["Defend_R","Strike_R"]},{"damage_healed":0,"gold_gain":75,"player_choice":"Gather Gold","damage_taken":11,"max_hp_gain":0,"max_hp_loss":0,"event_name":"World of Goop","floor":4,"gold_loss":0},{"damage_healed":0,"gold_gain":0,"player_choice":"Fought Mushrooms","damage_taken":0,"max_hp_gain":0,"max_hp_loss":0,"event_name":"Mushrooms","floor":12,"gold_loss":0},{"damage_healed":0,"gold_gain":0,"player_choice":"Upgraded","damage_taken":0,"max_hp_gain":0,"max_hp_loss":0,"event_name":"Upgrade Shrine","floor":19,"gold_loss":0,"cards_upgraded":["Combust"]},{"damage_healed":0,"gold_gain":0,"player_choice":"Rummage","damage_taken":0,"relics_obtained":["WarpedTongs"],"max_hp_gain":0,"max_hp_loss":0,"event_name":"Accursed Blacksmith","floor":21,"gold_loss":0,"cards_obtained":["Pain"]}],"is_beta":false,"boss_relics":[{"not_picked":["Black Blood","Astrolabe"],"picked":"Fusion Hammer"}],"items_purged_floors":[],"is_endless":false,"potions_floor_spawned":[7,10,12,14],"killed_by":"Gremlin Leader","ascension_level":12}