{"gold_per_floor":[216,63,79,79,94,129,129,163,188,363,397,171,171,171,171,271,271,291,291,310,57,75,87,87,102,125,125,160,160,174,209,209,309,309,319,373,373,383,115,147,147,162,162,9,9,9,43,53,53,53],"floor_reached":51,"playtime":1979,"items_purged":["Strike_B","Doubt"],"score":910,"play_id":"8adf6de9-64e3-4ba4-96b6-286786c68ebc","local_time":"20180623103235","is_ascension_mode":true,"campfire_choices":[{"floor":7,"key":"REST"},{"floor":15,"key":"REST"},{"floor":24,"key":"REST"},{"floor":32,"key":"REST"},{"data":"Buffer","floor":41,"key":"SMITH"},{"data":"Electrodynamics","floor":45,"key":"SMITH"},{"data":"Zap","floor":49,"key":"SMITH"}],"neow_cost":"NONE","seed_source_timestamp":7010640591038,"circlet_count":0,"master_deck":["Zap+1","Dualcast","Ball Lightning+1","Doom and Gloom","Sweeping Beam+1","BootSequence","Echo Form","Skim","Ball Lightning","Rebound","Steam","Heatsinks","Compile Driver+1","Turbo","Self Repair","Sweeping Beam+1","Go for the Eyes+1","Sweeping Beam+1","Electrodynamics+1","Buffer+1"],"relics":["Cracked Core","Orichalcum","Ancient Tea Set","Oddly Smooth Stone","Shuriken","Dream Catcher","Bag of Marbles","Regal Pillow","Pandora\u0027s Box","Boot","Bag of Preparation","Singing Bowl","Darkstone Periapt","Bronze Scales","Busted Crown","Du-Vu Doll","Tiny Chest","Happy Flower","Bird Faced Urn","Symbiotic Virus","Anchor","Whetstone","Ice Cream"],"potions_floor_usage":[6,6,8,11,11,11,11,16,18,23,25,25,25,28,30,50,50,50],"damage_taken":[{"damage":0,"enemies":"Small Slimes","floor":1,"turns":3},{"damage":0,"enemies":"2 Louse","floor":3,"turns":2},{"damage":6,"enemies":"Jaw Worm","floor":5,"turns":4},{"damage":8,"enemies":"Gremlin Nob","floor":6,"turns":3},{"damage":24,"enemies":"Lagavulin","floor":8,"turns":4},{"damage":12,"enemies":"3 Sentries","floor":11,"turns":4},{"damage":8,"enemies":"Slime Boss","floor":16,"turns":6},{"damage":5,"enemies":"Chosen","floor":18,"turns":3},{"damage":16,"enemies":"Shell Parasite","floor":20,"turns":4},{"damage":33,"enemies":"Cultist and Chosen","floor":22,"turns":5},{"damage":7,"enemies":"Snecko","floor":23,"turns":3},{"damage":0,"enemies":"Slaver and Parasite","floor":25,"turns":1},{"damage":11,"enemies":"Gremlin Leader","floor":28,"turns":5},{"damage":13,"enemies":"Centurion and Healer","floor":30,"turns":3},{"damage":39,"enemies":"Book of Stabbing","floor":31,"turns":5},{"damage":58,"enemies":"Collector","floor":33,"turns":8},{"damage":0,"enemies":"Orb Walker","floor":35,"turns":3},{"damage":19,"floor":36,"turns":3},{"damage":0,"enemies":"3 Darklings","floor":38,"turns":2},{"damage":6,"enemies":"Nemesis","floor":40,"turns":4},{"damage":12,"enemies":"Maw","floor":42,"turns":6},{"damage":0,"enemies":"2 Orb Walkers","floor":47,"turns":2},{"damage":4,"enemies":"Sphere and 2 Shapes","floor":48,"turns":3},{"damage":86,"enemies":"Awakened One","floor":50,"turns":8}],"seed_played":"-4974522313455743884","potions_obtained":[{"floor":5,"key":"EntropicBrew"},{"floor":8,"key":"EntropicBrew"},{"floor":16,"key":"Energy Potion"},{"floor":18,"key":"EssenceOfSteel"},{"floor":23,"key":"EntropicBrew"},{"floor":28,"key":"Regen Potion"},{"floor":33,"key":"SpeedPotion"},{"floor":40,"key":"Ancient Potion"},{"floor":47,"key":"AttackPotion"},{"floor":48,"key":"FearPotion"}],"is_trial":false,"path_per_floor":["M","$","M","?","M","E","R","E","T","?","E","$","?","?","R","B",null,"M","?","M","$","M","M","R","M","T","?","E","?","M","E","R","B",null,"M","?","?","M","$","E","R","M","T","$","R","T","E","M","R","B"],"character_chosen":"DEFECT","items_purchased":["Orichalcum","Regal Pillow","Boot","Tiny Chest","Happy Flower","Anchor"],"campfire_rested":4,"item_purchase_floors":[2,12,21,39,39,44],"current_hp_per_floor":[75,75,75,57,51,43,65,41,41,41,41,41,41,26,63,55,75,70,70,61,61,35,28,65,65,65,65,63,63,68,36,76,32,81,83,73,73,82,82,85,85,79,79,79,79,79,87,95,95,11],"gold":53,"neow_bonus":"HUNDRED_GOLD","is_prod":false,"is_daily":false,"chose_seed":false,"campfire_upgraded":3,"win_rate":0,"timestamp":1529739155,"path_taken":["M","$","M","?","?","E","R","E","T","?","E","$","?","?","R","BOSS","M","?","M","$","M","?","R","M","T","?","E","?","M","E","R","BOSS","M","?","?","M","$","E","R","M","T","?","R","?","E","M","R","BOSS"],"build_version":"2018-06-21v2","purchased_purges":2,"victory":true,"max_hp_per_floor":[75,75,75,75,75,75,75,75,75,75,75,75,75,75,75,75,75,75,75,75,75,75,75,75,75,75,75,77,77,79,79,81,81,81,83,85,85,87,87,89,89,91,91,91,91,91,93,95,95,95],"card_choices":[{"not_picked":["Gash","Compile Driver"],"picked":"Ball Lightning","floor":1},{"not_picked":["Cold Snap","Streamline"],"picked":"Doom and Gloom","floor":3},{"not_picked":["Coolheaded","Redo","Cold Snap"],"picked":"SKIP","floor":5},{"not_picked":["Machine Learning","Redo","Rebound"],"picked":"SKIP","floor":6},{"not_picked":["Stack","Amplify","Redo"],"picked":"SKIP","floor":8},{"not_picked":["Steam Power","Auto Shields"],"picked":"Sweeping Beam","floor":11},{"not_picked":["Sunder","Redo"],"picked":"BootSequence","floor":15},{"not_picked":["Thunder Strike","Core Surge"],"picked":"Echo Form","floor":16},{"not_picked":["Barrage+1","Consume"],"picked":"Self Repair","floor":18},{"not_picked":["Leap+1","Compile Driver+1"],"picked":"Sweeping Beam+1","floor":20},{"not_picked":["Storm","Reprogram+1"],"picked":"Go for the Eyes+1","floor":22},{"not_picked":["Skim","Leap","Ball Lightning"],"picked":"SKIP","floor":23},{"not_picked":["Stack","Undo+1"],"picked":"Sweeping Beam+1","floor":25},{"not_picked":["Leap","Conserve Battery","Hologram"],"picked":"Singing Bowl","floor":28},{"not_picked":["Ball Lightning","Coolheaded","Hologram+1"],"picked":"Singing Bowl","floor":30},{"not_picked":["Coolheaded","Go for the Eyes"],"picked":"Electrodynamics","floor":31},{"not_picked":["Steam Power","Coolheaded+1","Recycle+1"],"picked":"Singing Bowl","floor":32},{"not_picked":["Meteor Strike","Reboot"],"picked":"Buffer","floor":33},{"not_picked":["Cold Snap"],"picked":"Singing Bowl","floor":35},{"not_picked":["Sweeping Beam+1"],"picked":"Singing Bowl","floor":36},{"not_picked":["Chaos"],"picked":"Singing Bowl","floor":38},{"not_picked":["Leap+1"],"picked":"Singing Bowl","floor":40},{"not_picked":["Conserve Battery+1"],"picked":"Singing Bowl","floor":42},{"not_picked":["Steam+1"],"picked":"Singing Bowl","floor":47},{"not_picked":["Turbo+1"],"picked":"Singing Bowl","floor":48}],"player_experience":293563,"relics_obtained":[{"floor":6,"key":"Oddly Smooth Stone"},{"floor":8,"key":"Shuriken"},{"floor":9,"key":"Dream Catcher"},{"floor":11,"key":"Bag of Marbles"},{"floor":26,"key":"Bag of Preparation"},{"floor":28,"key":"Darkstone Periapt"},{"floor":31,"key":"Bronze Scales"},{"floor":36,"key":"Du-Vu Doll"},{"floor":40,"key":"Bird Faced Urn"},{"floor":43,"key":"Symbiotic Virus"},{"floor":46,"key":"Whetstone"},{"floor":47,"key":"Ice Cream"}],"event_choices":[{"event_name":"Scrap Ooze","player_choice":"success","floor":4,"damage_taken":18},{"event_name":"Liars Game","player_choice":"agreed","floor":10,"damage_taken":0},{"event_name":"The Woman in Blue","player_choice":"Bought 0 Potions","floor":13,"damage_taken":0},{"event_name":"Shining Light","player_choice":"Entered Light","floor":14,"damage_taken":0},{"event_name":"Vampires","player_choice":"Ignored","floor":19,"damage_taken":0},{"event_name":"The Mausoleum","player_choice":"Yes","floor":27,"damage_taken":0},{"event_name":"Match and Keep!","player_choice":"0 cards matched","floor":29,"damage_taken":0},{"event_name":"Mysterious Sphere","player_choice":"Fight","floor":36,"damage_taken":0},{"event_name":"Tomb of Lord Red Mask","player_choice":"Ignored","floor":37,"damage_taken":0}],"boss_relics":[{"not_picked":["Snecko Eye","Lizard Tail"],"picked":"Pandora\u0027s Box"},{"not_picked":["Tiny House","Runic Pyramid"],"picked":"Busted Crown"}],"items_purged_floors":[12,21],"is_endless":false,"potions_floor_spawned":[5,8,16,18,23,28,33,40,47,48],"ascension_level":2}