{"gold_per_floor":[116,116,127,145,420,420,455,470,496,496,80,91,101,101,101,201,201,212,212,212,224,240,240,240,240,265,265],"floor_reached":27,"playtime":868,"items_purged":["Regret"],"score":341,"play_id":"9ee3a613-0bcd-452e-9efe-c9b6fc4befc5","local_time":"20190113192955","is_ascension_mode":true,"campfire_choices":[{"data":"Limit Break","floor":6,"key":"SMITH"},{"floor":10,"key":"REST"},{"floor":15,"key":"REST"},{"data":"The Bomb","floor":23,"key":"SMITH"},{"data":"Barricade","floor":25,"key":"SMITH"}],"neow_cost":"NONE","seed_source_timestamp":38972059534300,"circlet_count":0,"master_deck":["AscendersBane","Strike_R","Strike_R","Strike_R","Strike_R","Strike_R","Defend_R","Defend_R","Defend_R+1","Defend_R+1","Bash","Disarm","Pommel Strike","Limit Break+1","Pommel Strike","Metallicize","The Bomb+1","Inflame","Disarm","Barricade+1","Iron Wave","Necronomicurse"],"relics":["Burning Blood","War Paint","Oddly Smooth Stone","Bronze Scales","PreservedInsect","Centennial Puzzle","Busted Crown","Necronomicon","Orichalcum"],"potions_floor_usage":[7,13,16,22,22,22],"damage_taken":[{"damage":2,"enemies":"Cultist","floor":1,"turns":4},{"damage":0,"enemies":"Small Slimes","floor":3,"turns":4},{"damage":2,"enemies":"2 Louse","floor":4,"turns":3},{"damage":62,"enemies":"3 Sentries","floor":7,"turns":14},{"damage":9,"enemies":"Looter","floor":8,"turns":4},{"damage":13,"enemies":"Lots of Slimes","floor":12,"turns":4},{"damage":0,"enemies":"2 Fungi Beasts","floor":13,"turns":2},{"damage":32,"enemies":"The Guardian","floor":16,"turns":11},{"damage":8,"enemies":"Spheric Guardian","floor":18,"turns":3},{"damage":5,"enemies":"Shell Parasite","floor":21,"turns":5},{"damage":0,"enemies":"Centurion and Healer","floor":22,"turns":5},{"damage":65,"enemies":"Masked Bandits","floor":27,"turns":3}],"seed_played":"-2537974492130064430","potions_obtained":[{"floor":4,"key":"EssenceOfSteel"},{"floor":12,"key":"AttackPotion"},{"floor":13,"key":"LiquidBronze"},{"floor":21,"key":"EntropicBrew"}],"is_trial":false,"path_per_floor":["M","$","M","M","?","R","E","M","T","R","$","M","M","?","R","B",null,"M","?","?","M","M","R","?","R","T","?"],"character_chosen":"IRONCLAD","items_purchased":["The Bomb","PreservedInsect"],"campfire_rested":2,"item_purchase_floors":[11,11],"current_hp_per_floor":[76,76,80,80,80,80,24,21,21,45,45,38,44,26,50,24,66,64,64,80,80,80,80,64,64,64,0],"gold":265,"neow_bonus":"RANDOM_COMMON_RELIC","is_prod":false,"is_daily":false,"chose_seed":false,"campfire_upgraded":3,"win_rate":0,"timestamp":1547400595,"path_taken":["M","?","M","?","?","R","E","?","T","R","$","?","M","?","R","BOSS","M","?","?","?","M","R","?","R","T","?"],"build_version":"2019-01-10","purchased_purges":1,"victory":false,"max_hp_per_floor":[80,80,80,80,80,80,80,80,80,80,80,80,80,80,80,80,80,80,80,80,80,80,80,80,80,80,80],"card_choices":[{"not_picked":["Cleave","Iron Wave"],"picked":"Disarm","floor":1},{"not_picked":["Rupture","Anger"],"picked":"Pommel Strike","floor":3},{"not_picked":["Evolve","Perfected Strike"],"picked":"Limit Break","floor":4},{"not_picked":["Uppercut","Headbutt"],"picked":"Pommel Strike","floor":7},{"not_picked":["Havoc","Rupture"],"picked":"Metallicize","floor":8},{"not_picked":["Clothesline","Blood for Blood"],"picked":"Inflame","floor":12},{"not_picked":["Ghostly Armor","True Grit"],"picked":"Disarm","floor":13},{"not_picked":["Demon Form","Brutality"],"picked":"Barricade","floor":16},{"not_picked":[],"picked":"Iron Wave","floor":18},{"not_picked":["Hemokinesis"],"picked":"SKIP","floor":21},{"not_picked":["Blood for Blood+1"],"picked":"SKIP","floor":22}],"player_experience":482334,"relics_obtained":[{"floor":7,"key":"Oddly Smooth Stone"},{"floor":9,"key":"Bronze Scales"},{"floor":24,"key":"Necronomicon"},{"floor":26,"key":"Orichalcum"}],"event_choices":[{"damage_healed":0,"gold_gain":275,"player_choice":"Desecrate","damage_taken":0,"max_hp_gain":0,"max_hp_loss":0,"event_name":"Golden Shrine","floor":5,"gold_loss":0,"cards_obtained":["Regret"]},{"damage_healed":0,"gold_gain":0,"player_choice":"Success","damage_taken":18,"relics_obtained":["Centennial Puzzle"],"max_hp_gain":0,"max_hp_loss":0,"event_name":"Scrap Ooze","floor":14,"gold_loss":0},{"damage_healed":0,"gold_gain":0,"player_choice":"Ignored","damage_taken":0,"max_hp_gain":0,"max_hp_loss":0,"event_name":"Ghosts","floor":19,"gold_loss":0},{"damage_healed":16,"gold_gain":0,"player_choice":"Full Heal","damage_taken":0,"max_hp_gain":0,"max_hp_loss":0,"event_name":"Wheel of Change","floor":20,"gold_loss":0},{"damage_healed":0,"gold_gain":0,"player_choice":"Obtained Book","damage_taken":16,"max_hp_gain":0,"max_hp_loss":0,"event_name":"Cursed Tome","floor":24,"gold_loss":0},{"damage_healed":0,"gold_gain":0,"player_choice":"Fought Bandits","damage_taken":0,"max_hp_gain":0,"max_hp_loss":0,"event_name":"Masked Bandits","floor":27,"gold_loss":0}],"is_beta":false,"boss_relics":[{"not_picked":["Runic Dome","Calling Bell"],"picked":"Busted Crown"}],"items_purged_floors":[11],"is_endless":false,"potions_floor_spawned":[4,12,13,21],"killed_by":"Masked Bandits","ascension_level":12}