{"path_per_floor":["M","?","M","?","?","R","E","$","T","R","?","E","$","M","R","B",null,"M","?","?","$","M","E","R","E","T","R","$","R","$","M","R","B",null,"M","?","M","?","M","R","M","E","T","M","R","$","$","M","R","B"],"character_chosen":"IRONCLAD","items_purchased":["Bronze Scales","Bottled Tornado","Disarm"],"gold_per_floor":[114,114,132,132,232,232,257,30,57,57,87,117,17,31,31,131,131,146,146,61,61,77,104,104,138,138,138,13,13,13,31,31,127,127,142,142,159,159,171,171,186,214,266,286,286,31,31,42,42,42],"floor_reached":51,"campfire_rested":5,"playtime":4393,"current_hp_per_floor":[80,80,80,80,80,80,87,87,87,87,87,84,84,87,87,87,87,84,84,84,84,77,15,41,17,17,43,43,69,69,41,67,33,87,84,74,71,71,69,69,75,66,66,76,76,76,76,61,87,15],"items_purged":["Strike_R","Defend_R","Strike_R"],"gold":42,"score":863,"play_id":"54641c0a-b2f2-448c-ae22-c43fc7fee723","local_time":"20180410165631","is_prod":false,"is_daily":false,"is_ascension_mode":true,"campfire_upgraded":5,"timestamp":1523368591,"path_taken":["M","?","M","?","?","R","E","$","T","R","?","E","$","?","R","BOSS","M","?","?","$","?","E","R","E","T","R","?","R","$","M","R","BOSS","M","?","?","?","M","R","M","E","T","M","R","?","$","M","R","BOSS"],"build_version":"2018-04-05v2","purchased_purges":3,"victory":true,"master_deck":["Defend_R","Bash","Flame Barrier+1","Cleave+1","Immolate+1","Double Tap+1","Berserk+1","Reckless Charge+1","Uppercut+1","Spot Weakness+1","Shrug It Off","Heavy Blade+1","Ghostly Armor+1","Demon Form+1","Shrug It Off+1","Bandage Up","Dark Shackles","Dramatic Entrance","Metallicize+1","Metallicize+1","Disarm"],"max_hp_per_floor":[80,80,80,80,80,80,87,87,87,87,87,87,87,87,87,87,87,87,87,87,87,87,87,87,87,87,87,87,87,87,87,87,87,87,87,87,87,87,87,87,87,87,87,87,87,87,87,87,87,87],"relics":["Burning Blood","NeowsBlessing","Strawberry","Bronze Scales","Happy Flower","Odd Mushroom","Pen Nib","Astrolabe","Omamori","Charon\u0027s Ashes","Self Forming Clay","Sundial","Cursed Key","The Courier","Regal Pillow","Bottled Tornado"],"card_choices":[{"not_picked":["Iron Wave","Warcry"],"picked":"Flame Barrier","floor":1},{"not_picked":["Armaments","Infernal Blade"],"picked":"Cleave","floor":3},{"not_picked":["Armaments","Corruption"],"picked":"Immolate","floor":11},{"not_picked":["Juggernaut","Reaper"],"picked":"Double Tap","floor":16},{"not_picked":["Second Wind","Hemokinesis"],"picked":"Spot Weakness","floor":18},{"not_picked":["Sentinel","Power Through"],"picked":"Shrug It Off","floor":22},{"not_picked":["Carnage","Rampage"],"picked":"Heavy Blade","floor":23},{"not_picked":["Warcry","Havoc"],"picked":"Ghostly Armor","floor":25},{"not_picked":["Fiend Fire","Dark Embrace"],"picked":"Demon Form","floor":33},{"not_picked":["Warcry","Clash"],"picked":"Shrug It Off","floor":35},{"not_picked":["Trip","Blind"],"picked":"Bandage Up","floor":36},{"not_picked":["Panacea","Swift Strike"],"picked":"Dark Shackles","floor":36},{"not_picked":["Sadistic Nature","Madness"],"picked":"Dramatic Entrance","floor":36},{"not_picked":["Heavy Blade","Clash"],"picked":"Metallicize","floor":37}],"player_experience":194466,"potions_floor_usage":[11,12,18,25,37,41,42,50],"damage_taken":[{"damage":0,"enemies":"2 Louse","floor":1,"turns":1},{"damage":0,"enemies":"Cultist","floor":3,"turns":1},{"damage":0,"enemies":"Gremlin Nob","floor":7,"turns":1},{"damage":4,"enemies":"The Mushroom Lair","floor":11,"turns":3},{"damage":9,"enemies":"3 Sentries","floor":12,"turns":4},{"damage":0,"enemies":"Jaw Worm","floor":14,"turns":2},{"damage":2,"enemies":"Slime Boss","floor":16,"turns":9},{"damage":9,"enemies":"Shell Parasite","floor":18,"turns":3},{"damage":13,"enemies":"Spheric Guardian","floor":22,"turns":3},{"damage":68,"enemies":"Book of Stabbing","floor":23,"turns":6},{"damage":30,"enemies":"Slavers","floor":25,"turns":4},{"damage":34,"enemies":"Slaver and Parasite","floor":31,"turns":4},{"damage":40,"enemies":"Champ","floor":33,"turns":9},{"damage":9,"enemies":"Orb Walker","floor":35,"turns":3},{"damage":13,"enemies":"3 Shapes","floor":37,"turns":3},{"damage":12,"enemies":"3 Darklings","floor":39,"turns":5},{"damage":0,"enemies":"4 Shapes","floor":41,"turns":4},{"damage":19,"enemies":"Giant Head","floor":42,"turns":6},{"damage":0,"enemies":"Maw","floor":44,"turns":5},{"damage":25,"enemies":"Sphere and 2 Shapes","floor":48,"turns":4},{"damage":82,"enemies":"Donu and Deca","floor":50,"turns":8}],"event_choices":[{"event_name":"Bonfire Elementals","player_choice":"BASIC","floor":2,"damage_taken":0},{"event_name":"Living Wall","player_choice":"Forget","floor":4,"damage_taken":0},{"event_name":"Wheel of Change","player_choice":"Gold","floor":5,"damage_taken":0},{"event_name":"Mushrooms","player_choice":"Fought Mushrooms","floor":11,"damage_taken":0},{"event_name":"The Mausoleum","player_choice":"No","floor":19,"damage_taken":0},{"event_name":"Addict","player_choice":"Obtained Relic","floor":20,"damage_taken":0},{"event_name":"SensoryStone","player_choice":"Memory 3","floor":36,"damage_taken":0},{"event_name":"Duplicator","player_choice":"One dupe","floor":38,"damage_taken":0}],"boss_relics":[{"not_picked":["Philosopher\u0027s Stone","Tiny House"],"picked":"Astrolabe"},{"not_picked":["Black Star","Runic Cube"],"picked":"Cursed Key"}],"potions_floor_spawned":[1,11,14,23,35,37,41,42],"seed_played":"8023443695578800074","ascension_level":4,"is_trial":false}