{"gold_per_floor":[18,34,309,320,219,248,248,248,273,293,312,387,13,28,28,149,149,173,173,189,214,139,139,162,162,162,198,198,216,239,255,255,255],"floor_reached":33,"playtime":1045,"items_purged":["Regret"],"score":385,"play_id":"945951ad-c373-4184-85c8-a607b4d547a1","local_time":"20181011185013","is_ascension_mode":true,"campfire_choices":[{"floor":8,"key":"REST"},{"floor":15,"key":"REST"},{"floor":23,"key":"REST"},{"floor":25,"key":"REST"},{"floor":28,"key":"REST"},{"floor":32,"key":"REST"}],"neow_cost":"NO_GOLD","seed_source_timestamp":41335598182900,"circlet_count":0,"master_deck":["Strike_B+1","Strike_B","Strike_B+1","Defend_B","Defend_B","Defend_B","Defend_B","Zap","Dualcast","Electrodynamics","Cold Snap","Cold Snap","Sweeping Beam","Capacitor","Conserve Battery","White Noise","Echo Form","Consume+1","Barrage"],"relics":["Cracked Core","Lantern","Golden Idol","Whetstone","Mercury Hourglass","Nuclear Battery","Singing Bowl","Omamori"],"potions_floor_usage":[6,6,16,20,30,31,31,33],"damage_taken":[{"damage":3,"enemies":"2 Louse","floor":1,"turns":2},{"damage":1,"enemies":"Cultist","floor":2,"turns":3},{"damage":2,"enemies":"Small Slimes","floor":4,"turns":3},{"damage":15,"enemies":"Lagavulin","floor":6,"turns":5},{"damage":6,"enemies":"Blue Slaver","floor":10,"turns":3},{"damage":11,"enemies":"3 Louse","floor":11,"turns":3},{"damage":16,"enemies":"Exordium Thugs","floor":14,"turns":4},{"damage":0,"enemies":"Slime Boss","floor":16,"turns":4},{"damage":0,"enemies":"3 Byrds","floor":18,"turns":2},{"damage":20,"enemies":"Shell Parasite","floor":20,"turns":6},{"damage":17,"enemies":"Snake Plant","floor":21,"turns":3},{"damage":19,"enemies":"Centurion and Healer","floor":24,"turns":5},{"damage":31,"enemies":"Book of Stabbing","floor":27,"turns":5},{"damage":36,"enemies":"Shelled Parasite and Fungi","floor":29,"turns":6},{"damage":17,"enemies":"Snake Plant","floor":30,"turns":4},{"damage":5,"enemies":"Sentry and Sphere","floor":31,"turns":4},{"damage":35,"enemies":"Collector","floor":33,"turns":3}],"seed_played":"-6330764948185586009","potions_obtained":[{"floor":1,"key":"FocusPotion"},{"floor":2,"key":"Block Potion"},{"floor":14,"key":"PowerPotion"},{"floor":16,"key":"Weak Potion"},{"floor":24,"key":"EssenceOfSteel"},{"floor":27,"key":"SteroidPotion"},{"floor":30,"key":"PowerPotion"},{"floor":31,"key":"GamblersBrew"}],"is_trial":false,"path_per_floor":["M","M","?","M","$","E","?","R","T","M","M","?","$","M","R","B",null,"M","?","M","M","?","R","M","R","T","E","R","M","M","M","R"],"character_chosen":"DEFECT","items_purchased":["Cold Snap","Mercury Hourglass","Capacitor","Conserve Battery"],"campfire_rested":6,"item_purchase_floors":[5,13,13,13],"current_hp_per_floor":[72,71,71,69,69,54,36,58,58,52,41,30,30,14,36,36,75,75,75,55,38,38,60,41,63,63,34,57,23,8,5,29,0],"gold":255,"neow_bonus":"THREE_RARE_CARDS","is_prod":false,"is_daily":false,"chose_seed":false,"campfire_upgraded":0,"win_rate":0,"timestamp":1539273013,"path_taken":["M","M","?","?","$","E","?","R","T","M","M","?","$","M","R","BOSS","M","?","M","?","?","R","M","R","T","E","R","M","M","M","R","BOSS"],"build_version":"2018-10-04v2","purchased_purges":1,"victory":false,"max_hp_per_floor":[75,75,75,75,75,75,75,75,75,75,75,75,75,75,75,75,75,75,75,75,75,75,75,75,75,75,77,77,79,81,83,83,83],"card_choices":[{"not_picked":["Multi-Cast","Creative AI"],"picked":"Electrodynamics","floor":0},{"not_picked":["Skim","Chill"],"picked":"Cold Snap","floor":1},{"not_picked":["Go for the Eyes","Skim","Hologram"],"picked":"SKIP","floor":2},{"not_picked":["Aggregate","Beam Cell","Hologram"],"picked":"SKIP","floor":4},{"not_picked":["Go for the Eyes","Meteor Strike","Rebound"],"picked":"SKIP","floor":6},{"not_picked":["Hologram","Ball Lightning"],"picked":"Sweeping Beam","floor":10},{"not_picked":["Recycle","Static Discharge","Skim"],"picked":"SKIP","floor":11},{"not_picked":["Auto Shields","Darkness"],"picked":"White Noise","floor":14},{"not_picked":["Hyperbeam","Meteor Strike"],"picked":"Echo Form","floor":16},{"not_picked":["Genetic Algorithm","Leap"],"picked":"Consume+1","floor":18},{"not_picked":["Beam Cell","Sweeping Beam","Turbo"],"picked":"SKIP","floor":20},{"not_picked":["Lockon","Darkness+1"],"picked":"Barrage","floor":21},{"not_picked":["Lockon+1","Go for the Eyes","All For One"],"picked":"SKIP","floor":24},{"not_picked":["Hologram","Auto Shields+1","Tempest+1"],"picked":"Singing Bowl","floor":27},{"not_picked":["Leap","Compile Driver+1","Go for the Eyes"],"picked":"Singing Bowl","floor":29},{"not_picked":["Glacier","Rebound","Barrage+1"],"picked":"Singing Bowl","floor":30},{"not_picked":["Turbo+1","Heatsinks","Darkness+1"],"picked":"Singing Bowl","floor":31}],"player_experience":432882,"relics_obtained":[{"floor":6,"key":"Lantern"},{"floor":9,"key":"Whetstone"},{"floor":26,"key":"Singing Bowl"},{"floor":27,"key":"Omamori"}],"event_choices":[{"event_name":"Golden Shrine","player_choice":"Desecrate","floor":3,"damage_taken":0},{"event_name":"Golden Idol","player_choice":"Take Damage","floor":7,"damage_taken":0},{"event_name":"World of Goop","player_choice":"Gather Gold","floor":12,"damage_taken":0},{"event_name":"Vampires","player_choice":"Ignored","floor":19,"damage_taken":0},{"event_name":"Beggar","player_choice":"Gave Gold","floor":22,"damage_taken":0}],"is_beta":false,"boss_relics":[{"not_picked":["Pandora\u0027s Box","White Beast Statue"],"picked":"Nuclear Battery"}],"items_purged_floors":[5],"is_endless":false,"potions_floor_spawned":[1,2,14,16,24,27,30,31],"killed_by":"Collector","ascension_level":4}