{"path_per_floor":["M","?","M","M","M","R","E","?","T","E","$","?","T","M","R","B",null,"M","?","$","M","?","R","E","R","T","?","M","R","M","M","R","B",null,"M","$","M","?","?","R","M","R","T","E","R","E","?","?","R"],"character_chosen":"DEFECT","items_purchased":["Juzu Bracelet","Block Potion","Cables","Double Energy+1"],"gold_per_floor":[118,118,132,146,162,162,192,192,192,222,16,43,70,81,81,186,186,197,197,122,110,80,80,109,109,109,109,128,128,147,157,157,259,259,273,15,27,0,0,0,16,16,16,43,43,70,70,70,70,70],"floor_reached":50,"campfire_rested":8,"playtime":2293,"item_purchase_floors":[11,11,36,36],"current_hp_per_floor":[71,74,74,69,29,54,47,47,47,39,39,34,34,31,56,21,85,47,31,31,10,10,37,12,39,39,39,28,55,47,34,61,32,90,87,87,35,35,35,62,69,69,69,41,68,22,49,72,72,0],"items_purged":["Strike_B"],"gold":70,"score":824,"play_id":"28c1b535-f235-4174-8a53-a4aa1327f0b8","local_time":"20180618224114","is_prod":false,"is_daily":false,"chose_seed":false,"is_ascension_mode":true,"campfire_upgraded":2,"win_rate":0,"timestamp":1529350874,"campfire_choices":[{"floor":6,"key":"REST"},{"floor":15,"key":"REST"},{"floor":23,"key":"REST"},{"floor":25,"key":"REST"},{"floor":29,"key":"REST"},{"floor":32,"key":"REST"},{"floor":40,"key":"REST"},{"data":"Buffer","floor":42,"key":"SMITH"},{"floor":45,"key":"REST"},{"data":"Creative AI","floor":49,"key":"SMITH"}],"path_taken":["M","?","?","M","M","R","E","?","T","E","$","?","?","M","R","BOSS","M","?","?","M","?","R","E","R","T","?","M","R","M","M","R","BOSS","M","$","M","?","?","R","M","R","T","E","R","E","?","?","R","BOSS"],"build_version":"2018-06-14v2","seed_source_timestamp":313651389605909,"purchased_purges":1,"victory":false,"master_deck":["Strike_B","Strike_B","Defend_B","Defend_B","Defend_B","Zap","Dualcast","Ball Lightning+1","White Noise","Buffer+1","Double Energy+1","Thunder Strike","Leap+1","Darkness+1","Consume+1","Defragment+1","Turbo+1","Redo+1","Creative AI+1","Double Energy+1","Self Repair+1","Force Field+1","Loop+1","Turbo+1"],"max_hp_per_floor":[75,85,85,85,85,85,85,85,85,85,85,85,85,85,85,85,85,85,90,90,90,90,90,90,90,90,90,90,90,90,90,90,90,90,90,90,90,90,90,90,90,90,90,90,90,90,90,90,90,90],"relics":["Cracked Core","Pear","Darkstone Periapt","Toolbox","Toxic Egg 2","Juzu Bracelet","Odd Mushroom","Orichalcum","Inserter","Anchor","The Courier","Busted Crown","Cables","Red Mask","Mercury Hourglass","Blood Vial","Omamori","Unceasing Top"],"card_choices":[{"not_picked":["Sweeping Beam","Leap"],"picked":"Ball Lightning","floor":1},{"not_picked":["Steam","Loop"],"picked":"White Noise","floor":3},{"not_picked":["Steam","Chill","Turbo"],"picked":"SKIP","floor":4},{"not_picked":["Blizzard","Storm","Hologram"],"picked":"SKIP","floor":5},{"not_picked":["Turbo","Auto Shields","Steam"],"picked":"SKIP","floor":7},{"not_picked":["Barrage","Conserve Battery"],"picked":"Buffer","floor":10},{"not_picked":["Stack+1","Skim+1"],"picked":"Double Energy+1","floor":12},{"not_picked":["Cold Snap","Heatsinks","Scrape"],"picked":"SKIP","floor":14},{"not_picked":["Fission+1","Seek+1"],"picked":"Thunder Strike","floor":16},{"not_picked":["Blizzard","Go for the Eyes"],"picked":"Leap+1","floor":18},{"not_picked":["Steam+1","Hologram+1"],"picked":"Darkness+1","floor":21},{"not_picked":["Compile Driver","Leap+1"],"picked":"Consume+1","floor":24},{"not_picked":["Rebound","Gash"],"picked":"Defragment+1","floor":28},{"not_picked":["Compile Driver","Reinforced Body+1"],"picked":"Turbo+1","floor":30},{"not_picked":["Melter","Leap+1"],"picked":"Redo+1","floor":31},{"not_picked":["Hyperbeam","Buffer"],"picked":"Creative AI","floor":33},{"not_picked":["Skim+1"],"picked":"SKIP","floor":35},{"not_picked":[],"picked":"Self Repair+1","floor":37},{"not_picked":[],"picked":"Force Field+1","floor":41},{"not_picked":[],"picked":"Loop+1","floor":44},{"not_picked":[],"picked":"Turbo+1","floor":46}],"player_experience":270924,"potions_floor_usage":[7,10,12,12,21,24,31,33,35,41,44,47,50],"damage_taken":[{"damage":4,"enemies":"Jaw Worm","floor":1,"turns":3},{"damage":0,"enemies":"Small Slimes","floor":3,"turns":2},{"damage":5,"enemies":"2 Louse","floor":4,"turns":2},{"damage":40,"enemies":"Gremlin Gang","floor":5,"turns":4},{"damage":7,"enemies":"Gremlin Nob","floor":7,"turns":3},{"damage":8,"enemies":"Lagavulin","floor":10,"turns":5},{"damage":5,"floor":12,"turns":4},{"damage":3,"enemies":"Exordium Wildlife","floor":14,"turns":3},{"damage":35,"enemies":"The Guardian","floor":16,"turns":9},{"damage":38,"enemies":"Chosen","floor":18,"turns":5},{"damage":21,"enemies":"2 Thieves","floor":21,"turns":4},{"damage":25,"enemies":"Book of Stabbing","floor":24,"turns":5},{"damage":18,"enemies":"Snake Plant","floor":28,"turns":4},{"damage":8,"enemies":"Centurion and Healer","floor":30,"turns":6},{"damage":17,"enemies":"3 Cultists","floor":31,"turns":4},{"damage":29,"enemies":"Champ","floor":33,"turns":10},{"damage":3,"enemies":"3 Shapes","floor":35,"turns":3},{"damage":52,"enemies":"3 Darklings","floor":37,"turns":5},{"damage":3,"enemies":"4 Shapes","floor":41,"turns":5},{"damage":53,"enemies":"2 Orb Walkers","floor":44,"turns":6},{"damage":58,"enemies":"Giant Head","floor":46,"turns":8},{"damage":0,"floor":47,"turns":7},{"damage":93,"enemies":"Awakened One","floor":50,"turns":5}],"relics_obtained":[{"floor":7,"key":"Darkstone Periapt"},{"floor":9,"key":"Toolbox"},{"floor":10,"key":"Toxic Egg 2"},{"floor":12,"key":"Odd Mushroom"},{"floor":13,"key":"Orichalcum"},{"floor":24,"key":"Anchor"},{"floor":26,"key":"The Courier"},{"floor":43,"key":"Mercury Hourglass"},{"floor":44,"key":"Blood Vial"},{"floor":46,"key":"Omamori"},{"floor":47,"key":"Unceasing Top"}],"event_choices":[{"event_name":"Scrap Ooze","player_choice":"success","floor":2,"damage_taken":7},{"event_name":"Living Wall","player_choice":"Grow","floor":8,"damage_taken":0},{"event_name":"Mushrooms","player_choice":"Fought Mushrooms","floor":12,"damage_taken":0},{"event_name":"Forgotten Altar","player_choice":"Shed Blood","floor":19,"damage_taken":0},{"event_name":"The Woman in Blue","player_choice":"Bought 2 Potions","floor":22,"damage_taken":0},{"event_name":"Purifier","player_choice":"One Purge","floor":27,"damage_taken":0},{"event_name":"Tomb of Lord Red Mask","player_choice":"Paid","floor":38,"damage_taken":0},{"event_name":"Match and Keep!","player_choice":"0 cards matched","floor":39,"damage_taken":0},{"event_name":"MindBloom","player_choice":"Fight","floor":47,"damage_taken":0},{"event_name":"Winding Halls","player_choice":"Writhe","floor":48,"damage_taken":0}],"boss_relics":[{"not_picked":["Fusion Hammer","Eternal Feather"],"picked":"Inserter"},{"not_picked":["Astrolabe","Tiny House"],"picked":"Busted Crown"}],"items_purged_floors":[20],"is_endless":false,"potions_floor_spawned":[5,7,10,16,18,30,33,37,41,46,47],"seed_played":"912415525555081496","killed_by":"Awakened One","ascension_level":2,"potions_obtained":[{"floor":5,"key":"Weak Potion"},{"floor":7,"key":"SpeedPotion"},{"floor":10,"key":"SkillPotion"},{"floor":16,"key":"Ancient Potion"},{"floor":18,"key":"SkillPotion"},{"floor":22,"key":"FairyPotion"},{"floor":22,"key":"SpeedPotion"},{"floor":30,"key":"Swift Potion"},{"floor":33,"key":"Ancient Potion"},{"floor":37,"key":"Poison Potion"},{"floor":41,"key":"Regen Potion"},{"floor":46,"key":"Regen Potion"},{"floor":47,"key":"FocusPotion"}],"is_trial":false}