{"gold_per_floor":[112,126,126,201,126,126,26,37,37,37,37,50,64,77,77,179,179,190,190,18,79,99,133,183,195,241,310,360,394,444],"floor_reached":30,"playtime":2149,"items_purged":["Strike_G","Strike_G","Strike_G"],"score":300,"play_id":"8bb8556e-286c-4f6b-87e7-3fed98287d48","local_time":"20190717210606","is_ascension_mode":true,"campfire_choices":[{"data":"Neutralize","floor":6.0,"key":"SMITH"},{"data":"All Out Attack","floor":11.0,"key":"SMITH"},{"data":"Underhanded Strike","floor":15.0,"key":"SMITH"}],"neow_cost":"CURSE","seed_source_timestamp":0,"circlet_count":0,"master_deck":["Strike_G","Defend_G","Defend_G","Defend_G","Defend_G","Defend_G","Survivor","Neutralize+1","Underhanded Strike+1","All Out Attack+1","Leg Sweep","Slice","All Out Attack","Backstab","Venomology","Infinite Blades","Backflip","Infinite Blades+1","Backstab+1","PiercingWail","Prepared+1","Acrobatics+1"],"special_seed":0,"relics":["Ring of the Snake","Tough Bandages","Kunai","Philosopher\u0027s Stone","SsserpentHead","Blue Candle","Bronze Scales","Spirit Poop","Mercury Hourglass"],"potions_floor_usage":[23,25,27,27,29,30],"damage_taken":[{"damage":2.0,"enemies":"Cultist","floor":1.0,"turns":4.0},{"damage":0.0,"enemies":"Small Slimes","floor":2.0,"turns":4.0},{"damage":0.0,"enemies":"Jaw Worm","floor":8.0,"turns":4.0},{"damage":0.0,"enemies":"Exordium Wildlife","floor":12.0,"turns":4.0},{"damage":5.0,"enemies":"Red Slaver","floor":13.0,"turns":5.0},{"damage":0.0,"enemies":"Blue Slaver","floor":14.0,"turns":3.0},{"damage":32.0,"enemies":"The Guardian","floor":16.0,"turns":13.0},{"damage":6.0,"enemies":"3 Byrds","floor":18.0,"turns":6.0},{"damage":0.0,"enemies":"Spheric Guardian","floor":21.0,"turns":3.0},{"damage":10.0,"enemies":"Centurion and Healer","floor":22.0,"turns":9.0},{"damage":18,"enemies":"Book of Stabbing","floor":23,"turns":6},{"damage":14,"enemies":"Shelled Parasite and Fungi","floor":25,"turns":4},{"damage":0,"enemies":"3 Cultists","floor":27,"turns":4},{"damage":22,"enemies":"Slavers","floor":29,"turns":4},{"damage":12,"enemies":"Centurion and Healer","floor":30,"turns":1}],"seed_played":"4460118947888794263","potions_obtained":[{"floor":8.0,"key":"Dexterity Potion"},{"floor":12.0,"key":"Poison Potion"},{"floor":14.0,"key":"Weak Potion"},{"floor":16.0,"key":"Dexterity Potion"},{"floor":18.0,"key":"AttackPotion"},{"floor":24,"key":"Regen Potion"},{"floor":27,"key":"Poison Potion"}],"is_trial":false,"path_per_floor":["M","M","?","?","$","R","$","M","T","$","R","M","M","M","R","B",null,"M","?","$","M","M","E","?","M","T","M","?","E","M"],"character_chosen":"THE_SILENT","items_purchased":["Backflip"],"campfire_rested":0,"item_purchase_floors":[20],"current_hp_per_floor":[68,68,68,57,57,57,57,57,57,57,57,57,52,52,52,20,70,64,64,64,64,54,36,36,31,31,31,31,9,0],"gold":444,"neow_bonus":"ONE_RARE_RELIC","is_prod":false,"is_daily":false,"chose_seed":false,"campfire_upgraded":3,"win_rate":0,"timestamp":1563415566,"path_taken":["M","?","?","?","$","R","$","M","T","?","R","M","M","?","R","BOSS","M","?","$","?","M","E","?","M","T","?","?","E","?"],"build_version":"2019-07-17","purchased_purges":3,"victory":false,"max_hp_per_floor":[70,70,70,70,70,70,70,70,70,70,70,70,70,70,70,70,70,70,70,70,70,70,70,70,70,70,70,70,70,70],"card_choices":[{"not_picked":["Expertise","Dodge and Roll"],"picked":"Underhanded Strike","floor":1.0},{"not_picked":["Flechettes","Tactician"],"picked":"All Out Attack","floor":2.0},{"not_picked":["Caltrops","Escape Plan"],"picked":"Leg Sweep","floor":8.0},{"not_picked":["Finisher","Acrobatics"],"picked":"Slice","floor":12.0},{"not_picked":["Backflip","Caltrops"],"picked":"All Out Attack","floor":13.0},{"not_picked":["Bane","Dagger Spray"],"picked":"Backstab","floor":14.0},{"not_picked":["Doppelganger","Die Die Die"],"picked":"Venomology","floor":16.0},{"not_picked":["Accuracy","Sucker Punch"],"picked":"Infinite Blades","floor":18.0},{"not_picked":["Acrobatics+1","Underhanded Strike+1"],"picked":"Infinite Blades+1","floor":21.0},{"not_picked":["Sucker Punch","Deflect"],"picked":"Backstab+1","floor":22},{"not_picked":["Expertise","Endless Agony","Deadly Poison"],"picked":"SKIP","floor":23},{"not_picked":["Quick Slash","Terror"],"picked":"PiercingWail","floor":25},{"not_picked":["Dagger Throw","Deadly Poison"],"picked":"Prepared+1","floor":27},{"not_picked":["Flying Knee","Choke+1"],"picked":"Acrobatics+1","floor":29}],"player_experience":342629,"relics_obtained":[{"floor":9.0,"key":"Kunai"},{"floor":23,"key":"Blue Candle"},{"floor":26,"key":"Bronze Scales"},{"floor":29,"key":"Mercury Hourglass"}],"event_choices":[{"cards_removed":["Strike_G"],"damage_healed":0.0,"max_hp_gain":0.0,"max_hp_loss":0.0,"gold_gain":0.0,"event_name":"Living Wall","player_choice":"Forget","floor":3.0,"gold_loss":0.0,"damage_taken":0.0},{"damage_healed":0.0,"max_hp_gain":0.0,"max_hp_loss":0.0,"gold_gain":75.0,"event_name":"World of Goop","player_choice":"Gather Gold","floor":4.0,"gold_loss":0.0,"damage_taken":11.0},{"damage_healed":0.0,"max_hp_gain":0.0,"max_hp_loss":0.0,"gold_gain":0.0,"event_name":"FaceTrader","player_choice":"Trade","floor":19.0,"gold_loss":0.0,"damage_taken":0.0,"relics_obtained":["SsserpentHead"]},{"damage_healed":0,"gold_gain":0,"player_choice":"Got Potions","damage_taken":0,"max_hp_gain":0,"max_hp_loss":0,"event_name":"Lab","floor":24,"gold_loss":0},{"cards_removed":["Clumsy"],"damage_healed":0,"gold_gain":0,"player_choice":"Offered Curse","damage_taken":0,"relics_obtained":["Spirit Poop"],"max_hp_gain":0,"max_hp_loss":0,"event_name":"Bonfire Elementals","floor":28,"gold_loss":0}],"is_beta":false,"boss_relics":[{"not_picked":["Black Star","Runic Dome"],"picked":"Philosopher\u0027s Stone"}],"items_purged_floors":[5,7,20],"is_endless":false,"potions_floor_spawned":[8,12,14,16,18,25,27],"killed_by":"Centurion and Healer","ascension_level":3}