{"gold_per_floor":[116,132,20,20,20,55,55,83,83,101,101,113,132,151,151,253,253,269,269,12,12,32,32,62,62,85,85,85,5,15,29,29,126,126,140,140,22,42,1,33,33,44,94,94,110,126,126,136,136,136],"floor_reached":50,"playtime":4724,"items_purged":["Strike_R","Strike_R"],"score":579,"play_id":"2558d915-c202-4e63-9bc4-8d7ce68dd1db","local_time":"20190630215123","is_ascension_mode":true,"campfire_choices":[{"floor":7,"key":"REST"},{"floor":11,"key":"REST"},{"data":"Searing Blow","floor":15,"key":"SMITH"},{"floor":23,"key":"REST"},{"floor":27,"key":"REST"},{"floor":32,"key":"REST"},{"floor":41,"key":"REST"},{"floor":44,"key":"REST"},{"floor":47,"key":"REST"},{"floor":49,"key":"REST"}],"neow_cost":"NONE","seed_source_timestamp":272512097368150,"circlet_count":0,"master_deck":["Defend_R","Defend_R","Defend_R","Defend_R","Bash+1","Wild Strike","Flame Barrier","Corruption","Twin Strike","Reaper","Reckless Charge","Dropkick","Searing Blow+1","Metallicize","Demon Form","Combust","Burning Pact","Twin Strike","Reckless Charge","Juggernaut","Evolve+1","Searing Blow+1","Shrug It Off","Shockwave","Immolate","Fire Breathing+1"],"relics":["Burning Blood","Blood Vial","Pantograph","The Courier","Juzu Bracelet","Mummified Hand","Orrery","Torii","Frozen Egg 2","Singing Bowl","Regal Pillow","Empty Cage","Red Skull","Centennial Puzzle","Pen Nib"],"potions_floor_usage":[6,16,16,24,25,31,40,42,50,50,50],"damage_taken":[{"damage":6,"enemies":"Cultist","floor":1,"turns":3},{"damage":5,"enemies":"Small Slimes","floor":2,"turns":4},{"damage":61,"enemies":"Gremlin Nob","floor":6,"turns":7},{"damage":36,"enemies":"3 Sentries","floor":8,"turns":8},{"damage":0,"enemies":"Jaw Worm","floor":10,"turns":3},{"damage":21,"enemies":"Blue Slaver","floor":12,"turns":3},{"damage":21,"enemies":"Exordium Thugs","floor":13,"turns":5},{"damage":10,"enemies":"Looter","floor":14,"turns":4},{"damage":40,"enemies":"Hexaghost","floor":16,"turns":10},{"damage":11,"enemies":"3 Byrds","floor":18,"turns":2},{"damage":40,"enemies":"Shell Parasite","floor":22,"turns":5},{"damage":50,"enemies":"Book of Stabbing","floor":24,"turns":5},{"damage":0,"enemies":"3 Cultists","floor":25,"turns":2},{"damage":61,"enemies":"Snake Plant","floor":30,"turns":6},{"damage":23,"enemies":"Cultist and Chosen","floor":31,"turns":6},{"damage":64,"enemies":"Champ","floor":33,"turns":10},{"damage":10,"enemies":"3 Shapes","floor":35,"turns":6},{"damage":9,"enemies":"Orb Walker","floor":38,"turns":4},{"damage":65,"enemies":"Giant Head","floor":40,"turns":7},{"damage":41,"enemies":"Maw","floor":42,"turns":7},{"damage":30,"enemies":"4 Shapes","floor":45,"turns":6},{"damage":43,"enemies":"3 Darklings","floor":46,"turns":4},{"damage":59,"enemies":"Jaw Worm Horde","floor":48,"turns":4},{"damage":102,"enemies":"Donu and Deca","floor":50,"turns":5}],"seed_played":"-2599782946296791347","potions_obtained":[{"floor":1,"key":"Weak Potion"},{"floor":8,"key":"Dexterity Potion"},{"floor":14,"key":"Weak Potion"},{"floor":16,"key":"EssenceOfSteel"},{"floor":18,"key":"SteroidPotion"},{"floor":24,"key":"SmokeBomb"},{"floor":30,"key":"Fire Potion"},{"floor":38,"key":"Block Potion"},{"floor":40,"key":"GamblersBrew"},{"floor":45,"key":"Fire Potion"},{"floor":48,"key":"Explosive Potion"}],"is_trial":false,"path_per_floor":["M","M","$","T","?","E","R","E","T","M","R","M","M","M","R","B",null,"M","?","$","?","M","R","E","M","T","R","?","$","M","M","R","B",null,"M","?","$","M","$","E","R","M","T","R","M","M","R","M","R","B"],"character_chosen":"IRONCLAD","items_purchased":["Corruption","Frozen Egg 2","Evolve+1","Red Skull","FearPotion"],"campfire_rested":9,"item_purchase_floors":[3,20,20,37,39],"current_hp_per_floor":[80,80,80,80,80,25,49,21,21,33,57,48,36,34,34,33,80,75,75,75,75,43,67,31,39,39,78,78,78,25,10,49,22,82,84,86,86,83,83,35,76,48,48,90,68,36,79,30,73,0],"gold":136,"neow_bonus":"RANDOM_COMMON_RELIC","is_prod":false,"is_daily":false,"chose_seed":false,"campfire_upgraded":1,"win_rate":0,"timestamp":1561949483,"path_taken":["M","M","$","?","?","E","R","E","T","M","R","M","M","M","R","BOSS","M","?","?","?","M","R","E","M","T","R","?","$","M","M","R","BOSS","M","?","$","M","$","E","R","M","T","R","M","M","R","M","R","BOSS"],"build_version":"2019-01-23","purchased_purges":2,"victory":false,"max_hp_per_floor":[80,80,80,80,80,80,80,80,80,80,80,80,80,80,80,80,80,80,80,80,80,80,80,82,82,82,82,82,82,82,82,82,82,82,84,86,86,86,86,88,88,90,90,90,92,94,94,96,96,96],"card_choices":[{"not_picked":["Iron Wave","Anger"],"picked":"Wild Strike","floor":1},{"not_picked":["Pommel Strike","Armaments"],"picked":"Flame Barrier","floor":2},{"not_picked":["Rupture","Armaments"],"picked":"Twin Strike","floor":6},{"not_picked":["Brutality","Heavy Blade"],"picked":"Reaper","floor":8},{"not_picked":["Havoc","Warcry"],"picked":"Reckless Charge","floor":10},{"not_picked":["Havoc","Sword Boomerang"],"picked":"Dropkick","floor":12},{"not_picked":["Perfected Strike","Warcry"],"picked":"Searing Blow","floor":13},{"not_picked":["Seeing Red","Blood for Blood"],"picked":"Metallicize","floor":14},{"not_picked":["Brutality","Exhume"],"picked":"Demon Form","floor":16},{"not_picked":["Bloodletting","Ghostly Armor"],"picked":"Combust","floor":17},{"not_picked":["Seeing Red","Warcry"],"picked":"Burning Pact","floor":17},{"not_picked":["Cleave","Pommel Strike"],"picked":"Twin Strike","floor":17},{"not_picked":["Armaments","Uppercut"],"picked":"Reckless Charge","floor":17},{"not_picked":["Combust+1","Anger"],"picked":"Juggernaut","floor":18},{"not_picked":["True Grit","Bloodletting"],"picked":"Searing Blow+1","floor":22},{"not_picked":["Body Slam","Clash","Armaments"],"picked":"Singing Bowl","floor":24},{"not_picked":["Anger","Bloodletting"],"picked":"Shrug It Off","floor":30},{"not_picked":["Body Slam+1","Ghostly Armor"],"picked":"Shockwave","floor":31},{"not_picked":["Double Tap","Exhume"],"picked":"Immolate","floor":33},{"not_picked":["Sword Boomerang","Power Through","Battle Trance"],"picked":"Singing Bowl","floor":35},{"not_picked":["Metamorphosis","Forethought","Flash of Steel"],"picked":"Singing Bowl","floor":36},{"not_picked":["Havoc","Body Slam"],"picked":"Fire Breathing+1","floor":38},{"not_picked":["Demon Form+1","Warcry","Dual Wield"],"picked":"Singing Bowl","floor":40},{"not_picked":["Battle Trance","Havoc+1","Dual Wield"],"picked":"Singing Bowl","floor":42},{"not_picked":["Headbutt+1","Anger","Pummel"],"picked":"Singing Bowl","floor":45},{"not_picked":["Headbutt","Immolate","Pommel Strike+1"],"picked":"Singing Bowl","floor":46},{"not_picked":["Pommel Strike+1","Infernal Blade","Wild Strike+1"],"picked":"Singing Bowl","floor":48}],"player_experience":297999,"relics_obtained":[{"floor":4,"key":"Pantograph"},{"floor":6,"key":"The Courier"},{"floor":8,"key":"Juzu Bracelet"},{"floor":9,"key":"Mummified Hand"},{"floor":24,"key":"Singing Bowl"},{"floor":26,"key":"Regal Pillow"},{"floor":40,"key":"Centennial Puzzle"},{"floor":43,"key":"Pen Nib"}],"event_choices":[{"damage_healed":0,"gold_gain":0,"player_choice":"Grow","damage_taken":0,"max_hp_gain":0,"max_hp_loss":0,"event_name":"Living Wall","floor":5,"gold_loss":0,"cards_upgraded":["Bash"]},{"damage_healed":0,"gold_gain":0,"player_choice":"Gave Potion","damage_taken":0,"relics_obtained":["Torii"],"max_hp_gain":0,"max_hp_loss":0,"event_name":"WeMeetAgain","floor":19,"gold_loss":0},{"cards_removed":["Strike_R"],"damage_healed":0,"gold_gain":0,"player_choice":"Elegance","damage_taken":0,"max_hp_gain":0,"max_hp_loss":0,"event_name":"Back to Basics","floor":28,"gold_loss":0},{"damage_healed":0,"gold_gain":0,"player_choice":"Memory 1","damage_taken":0,"max_hp_gain":0,"max_hp_loss":0,"event_name":"SensoryStone","floor":36,"gold_loss":0}],"is_beta":false,"boss_relics":[{"not_picked":["Runic Cube","Calling Bell"],"picked":"Orrery"},{"not_picked":["Fusion Hammer","Lizard Tail"],"picked":"Empty Cage"}],"items_purged_floors":[3,29],"is_endless":false,"potions_floor_spawned":[1,8,14,16,18,24,30,38,40,45,48],"killed_by":"Donu and Deca","ascension_level":2}