{"gold_per_floor":[117,117,129,129,141,167,186,186,186,196,231,261,271,271],"floor_reached":14,"playtime":422,"items_purged":[],"score":102,"play_id":"5f79965a-17a0-42db-9cc8-b3891bfb0985","local_time":"20190710155842","is_ascension_mode":false,"campfire_choices":[{"floor":8,"key":"REST"}],"neow_cost":"NONE","seed_source_timestamp":12218718376941,"circlet_count":0,"master_deck":["Strike_R","Strike_R","Strike_R","Strike_R","Defend_R","Defend_R+1","Defend_R","Defend_R+1","Bash","Rage","True Grit","Feel No Pain","Offering","Disarm"],"relics":["Burning Blood","NeowsBlessing","Ancient Tea Set","Centennial Puzzle","Kunai"],"potions_floor_usage":[11],"damage_taken":[{"damage":0,"enemies":"2 Louse","floor":1,"turns":1},{"damage":0,"enemies":"Small Slimes","floor":3,"turns":1},{"damage":0,"enemies":"Cultist","floor":5,"turns":1},{"damage":64,"enemies":"Gremlin Nob","floor":6,"turns":7},{"damage":6,"enemies":"Large Slime","floor":7,"turns":8},{"damage":4,"enemies":"Blue Slaver","floor":10,"turns":6},{"damage":42,"enemies":"Lagavulin","floor":11,"turns":8},{"damage":2,"enemies":"Looter","floor":13,"turns":5},{"damage":19,"enemies":"2 Fungi Beasts","floor":14,"turns":2}],"seed_played":"-5805445602991801317","potions_obtained":[{"floor":5,"key":"SpeedPotion"},{"floor":7,"key":"FearPotion"},{"floor":11,"key":"Weak Potion"},{"floor":13,"key":"SpeedPotion"}],"is_trial":false,"path_per_floor":["M","?","M","?","M","E","M","R","T","M","E","?","M","M"],"character_chosen":"IRONCLAD","items_purchased":[],"campfire_rested":1,"item_purchase_floors":[],"current_hp_per_floor":[80,64,70,70,76,18,18,42,42,44,8,8,12,0],"gold":271,"neow_bonus":"THREE_ENEMY_KILL","is_prod":false,"is_daily":false,"chose_seed":false,"campfire_upgraded":0,"win_rate":0,"timestamp":1562767122,"path_taken":["M","?","M","?","M","E","M","R","T","M","E","?","M","M"],"build_version":"2019-07-05","purchased_purges":0,"victory":false,"max_hp_per_floor":[80,80,80,80,80,80,80,80,80,80,80,80,80,80],"card_choices":[{"not_picked":["Flex","Body Slam"],"picked":"Rage","floor":1},{"not_picked":["Twin Strike","Sword Boomerang","Perfected Strike"],"picked":"SKIP","floor":3},{"not_picked":["Thunderclap","Entrench"],"picked":"True Grit","floor":5},{"not_picked":["Burning Pact","Pommel Strike"],"picked":"Feel No Pain","floor":6},{"not_picked":["Clothesline","Infernal Blade"],"picked":"Offering","floor":7},{"not_picked":["Feel No Pain","Perfected Strike","Bloodletting"],"picked":"SKIP","floor":10},{"not_picked":["Clothesline","Havoc"],"picked":"Disarm","floor":11},{"not_picked":["Sword Boomerang","Corruption","Second Wind"],"picked":"SKIP","floor":13}],"player_experience":55122,"relics_obtained":[{"floor":6,"key":"Ancient Tea Set"},{"floor":9,"key":"Centennial Puzzle"},{"floor":11,"key":"Kunai"}],"event_choices":[{"damage_healed":0,"gold_gain":0,"player_choice":"Entered Light","damage_taken":16,"max_hp_gain":0,"max_hp_loss":0,"event_name":"Shining Light","floor":2,"gold_loss":0,"cards_upgraded":["Defend_R","Defend_R"]},{"cards_removed":["Strike_R"],"damage_healed":0,"gold_gain":0,"player_choice":"Forget","damage_taken":0,"max_hp_gain":0,"max_hp_loss":0,"event_name":"Living Wall","floor":4,"gold_loss":0},{"damage_healed":0,"gold_gain":30,"player_choice":"Searched \u00272\u0027 times","damage_taken":0,"max_hp_gain":0,"max_hp_loss":0,"event_name":"Dead Adventurer","floor":12,"gold_loss":0}],"is_beta":false,"boss_relics":[],"items_purged_floors":[],"is_endless":false,"potions_floor_spawned":[5,7,11,13],"killed_by":"2 Fungi Beasts","ascension_level":0}