{"gold_per_floor":[109,124,141,156,156,189,189,189,236,260,260,260,260,305,317,448,460,485,497,528,540,732,744,774,786,798,830,842,854,890,922,934,946],"floor_reached":33,"playtime":1040,"items_purged":[],"score":392,"play_id":"751eeb29-04da-455d-ba2b-80806e42e67b","local_time":"20190713102806","is_ascension_mode":true,"campfire_choices":[{"floor":7,"key":"REST"},{"data":"Regret","floor":12,"key":"PURGE"},{"floor":15,"key":"REST"},{"floor":23,"key":"REST"},{"floor":25,"key":"REST"},{"data":"Fission","floor":32,"key":"SMITH"}],"neow_cost":"CURSE","seed_source_timestamp":8058741190700,"circlet_count":0,"master_deck":["Strike_B","Strike_B","Strike_B","Strike_B","Defend_B","Defend_B","Defend_B","Defend_B","Zap","Dualcast","Tempest","Leap","Rip and Tear","Conserve Battery","Lockon","Ball Lightning","Storm","Fission+1","Heatsinks+1","Loop+1","Ghostly","Ghostly","Ghostly","Ghostly","Ghostly","Darkness+1","BootSequence","Defragment+1"],"relics":["Cracked Core","Peace Pipe","Mercury Hourglass","Smiling Mask","Golden Idol","Omamori","MawBank","Boot","Cursed Key","Singing Bowl"],"potions_floor_usage":[6,14,14,24,31,31],"damage_taken":[{"damage":4,"enemies":"Jaw Worm","floor":1,"turns":3},{"damage":11,"enemies":"2 Louse","floor":2,"turns":3},{"damage":4,"enemies":"Small Slimes","floor":3,"turns":3},{"damage":5,"enemies":"Looter","floor":4,"turns":3},{"damage":25,"enemies":"3 Sentries","floor":6,"turns":4},{"damage":4,"enemies":"Large Slime","floor":10,"turns":3},{"damage":0,"enemies":"Lagavulin","floor":14,"turns":5},{"damage":22,"enemies":"Slime Boss","floor":16,"turns":8},{"damage":5,"enemies":"Chosen","floor":18,"turns":3},{"damage":29,"enemies":"Shell Parasite","floor":20,"turns":5},{"damage":4,"enemies":"Chosen and Byrds","floor":24,"turns":6},{"damage":1,"enemies":"Cultist and Chosen","floor":27,"turns":6},{"damage":1,"enemies":"Snecko","floor":30,"turns":4},{"damage":15,"enemies":"Shelled Parasite and Fungi","floor":31,"turns":3},{"damage":25,"enemies":"Champ","floor":33,"turns":8}],"seed_played":"3395589381163843966","potions_obtained":[{"floor":2,"key":"Explosive Potion"},{"floor":3,"key":"Swift Potion"},{"floor":4,"key":"Weak Potion"},{"floor":16,"key":"Dexterity Potion"},{"floor":27,"key":"Explosive Potion"},{"floor":30,"key":"Explosive Potion"}],"is_trial":false,"path_per_floor":["M","M","M","M","?","E","R","?","T","M","?","R","?","E","R","B",null,"M","$","M","?","?","R","M","R","T","M","$","?","M","M","R","B"],"character_chosen":"DEFECT","items_purchased":[],"campfire_rested":4,"item_purchase_floors":[],"current_hp_per_floor":[64,53,49,44,44,19,41,41,41,37,30,30,12,12,32,10,54,49,49,20,20,2,12,8,18,18,17,17,28,29,14,14,0],"gold":946,"neow_bonus":"ONE_RARE_RELIC","is_prod":false,"is_daily":false,"chose_seed":false,"campfire_upgraded":1,"win_rate":0,"timestamp":1563002886,"path_taken":["M","M","M","M","?","E","R","?","T","M","?","R","?","E","R","BOSS","M","$","M","?","?","R","?","R","T","M","?","?","M","M","R","BOSS"],"build_version":"2019-07-05","purchased_purges":0,"victory":false,"max_hp_per_floor":[75,75,75,75,75,75,75,69,69,69,69,69,69,69,69,69,69,69,69,69,34,34,34,34,34,34,34,34,34,36,36,36,36],"card_choices":[{"not_picked":["Scrape","Stack"],"picked":"Tempest","floor":1},{"not_picked":["Beam Cell","Hologram"],"picked":"Leap","floor":2},{"not_picked":["Beam Cell","Turbo"],"picked":"Rip and Tear","floor":3},{"not_picked":["Cold Snap","Coolheaded"],"picked":"Conserve Battery","floor":4},{"not_picked":["Storm","Meteor Strike"],"picked":"Lockon","floor":6},{"not_picked":["Compile Driver","Hologram"],"picked":"Ball Lightning","floor":10},{"not_picked":["Hologram","Recycle"],"picked":"Storm","floor":14},{"not_picked":["Meteor Strike","Core Surge"],"picked":"Fission","floor":16},{"not_picked":["Consume","Stack+1"],"picked":"Heatsinks+1","floor":18},{"not_picked":["Hologram","Static Discharge+1"],"picked":"Loop+1","floor":20},{"not_picked":["Compile Driver","Ball Lightning"],"picked":"Darkness+1","floor":24},{"not_picked":["Auto Shields","Static Discharge"],"picked":"BootSequence","floor":27},{"not_picked":["Steam+1","Self Repair","Cold Snap"],"picked":"Singing Bowl","floor":30},{"not_picked":["Redo+1","Ball Lightning"],"picked":"Defragment+1","floor":31}],"player_experience":664598,"relics_obtained":[{"floor":6,"key":"Smiling Mask"},{"floor":9,"key":"Omamori"},{"floor":14,"key":"Boot"},{"floor":26,"key":"Singing Bowl"}],"event_choices":[{"damage_healed":0,"gold_gain":0,"player_choice":"Box","damage_taken":0,"relics_obtained":["Mercury Hourglass"],"max_hp_gain":0,"max_hp_loss":0,"event_name":"Big Fish","floor":5,"gold_loss":0,"cards_obtained":["Regret"]},{"damage_healed":0,"gold_gain":0,"player_choice":"Lose Max HP","damage_taken":0,"relics_obtained":["Golden Idol"],"max_hp_gain":0,"max_hp_loss":6,"event_name":"Golden Idol","floor":8,"gold_loss":0},{"cards_removed":["Regret"],"damage_healed":0,"gold_gain":0,"player_choice":"Card Removal","damage_taken":7,"max_hp_gain":0,"max_hp_loss":0,"event_name":"Golden Wing","floor":11,"gold_loss":0},{"damage_healed":0,"gold_gain":0,"player_choice":"Success","damage_taken":18,"relics_obtained":["MawBank"],"max_hp_gain":0,"max_hp_loss":0,"event_name":"Scrap Ooze","floor":13,"gold_loss":0},{"damage_healed":0,"gold_gain":0,"player_choice":"Became a Ghost","damage_taken":0,"max_hp_gain":0,"max_hp_loss":35,"event_name":"Ghosts","floor":21,"gold_loss":0,"cards_obtained":["Ghostly","Ghostly","Ghostly","Ghostly","Ghostly"]},{"damage_healed":0,"gold_gain":180,"player_choice":"GOLD GOLD ","damage_taken":18,"max_hp_gain":0,"max_hp_loss":0,"event_name":"Knowing Skull","floor":22,"potions_obtained":[],"gold_loss":0,"cards_obtained":[]},{"damage_healed":11,"gold_gain":0,"player_choice":"Heal","damage_taken":0,"max_hp_gain":0,"max_hp_loss":0,"event_name":"The Library","floor":29,"gold_loss":0}],"is_beta":false,"boss_relics":[{"not_picked":["Nuclear Battery","Inserter"],"picked":"Cursed Key"}],"items_purged_floors":[],"is_endless":false,"potions_floor_spawned":[2,3,4,16,27,30],"killed_by":"Champ","ascension_level":6}