{"gold_per_floor":[109,109,124,299,326,353,365,377,389,430,442,454],"floor_reached":12,"playtime":228,"items_purged":[],"score":125,"play_id":"03fee575-59e3-479c-84d6-34d331932eec","local_time":"20190406154235","is_ascension_mode":true,"campfire_choices":[{"floor":7,"key":"RECALL"}],"neow_cost":"NONE","seed_source_timestamp":27072738677400,"circlet_count":0,"master_deck":["AscendersBane","Strike_R","Strike_R","Strike_R","Strike_R","Strike_R","Defend_R","Defend_R","Defend_R","Defend_R","Bash","Uppercut","Flame Barrier","Doubt","Iron Wave","Spot Weakness"],"relics":["Burning Blood","NeowsBlessing","MawBank","Magic Flower","Ginger","Letter Opener"],"potions_floor_usage":[10,10],"damage_taken":[{"damage":0,"enemies":"Jaw Worm","floor":1,"turns":1},{"damage":0,"enemies":"Cultist","floor":3,"turns":1},{"damage":0,"enemies":"Small Slimes","floor":6,"turns":1},{"damage":51,"enemies":"Lagavulin","floor":10,"turns":9},{"damage":38,"enemies":"Gremlin Nob","floor":12,"turns":5}],"seed_played":"2089575699877026051","potions_obtained":[{"floor":1,"key":"Explosive Potion"},{"floor":3,"key":"Dexterity Potion"}],"is_trial":false,"path_per_floor":["M","?","M","?","T","M","R","?","T","E","T","E"],"character_chosen":"IRONCLAD","items_purchased":[],"campfire_rested":0,"item_purchase_floors":[],"current_hp_per_floor":[78,78,80,80,80,80,80,73,73,31,31,0],"gold":454,"neow_bonus":"THREE_ENEMY_KILL","is_prod":false,"is_daily":false,"chose_seed":false,"campfire_upgraded":0,"win_rate":0,"timestamp":1554554555,"path_taken":["M","?","?","?","?","M","R","?","T","E","?","E"],"build_version":"2019-01-23","purchased_purges":0,"victory":false,"max_hp_per_floor":[80,80,80,80,80,80,80,80,80,80,80,80],"card_choices":[{"not_picked":["Battle Trance","Havoc"],"picked":"Uppercut","floor":1},{"not_picked":["Hemokinesis","Anger"],"picked":"Flame Barrier","floor":3},{"not_picked":["Wild Strike","Warcry"],"picked":"Iron Wave","floor":6},{"not_picked":["Uppercut","Pommel Strike"],"picked":"Spot Weakness","floor":10}],"player_experience":526809,"relics_obtained":[{"floor":5,"key":"MawBank"},{"floor":10,"key":"Ginger"},{"floor":11,"key":"Letter Opener"}],"event_choices":[{"damage_healed":0,"gold_gain":0,"player_choice":"0 cards matched","damage_taken":0,"max_hp_gain":0,"max_hp_loss":0,"event_name":"Match and Keep!","floor":2,"gold_loss":0,"cards_obtained":[]},{"damage_healed":0,"gold_gain":175,"player_choice":"AGREE","damage_taken":0,"max_hp_gain":0,"max_hp_loss":0,"event_name":"Liars Game","floor":4,"gold_loss":0,"cards_obtained":["Doubt"]},{"damage_healed":0,"gold_gain":0,"player_choice":"Success","damage_taken":7,"relics_obtained":["Magic Flower"],"max_hp_gain":0,"max_hp_loss":0,"event_name":"Scrap Ooze","floor":8,"gold_loss":0}],"is_beta":false,"boss_relics":[],"items_purged_floors":[],"is_endless":false,"potions_floor_spawned":[1,3],"killed_by":"Gremlin Nob","ascension_level":13}