{"gold_per_floor":[116,116,127,144,69,69,80,112,112,112,145,145,161,181,181,279,279,295,311,68,80,80,114,114,114,114,126,126,143,143,154,154,154],"floor_reached":33,"playtime":1298,"items_purged":["Strike_R","Strike_R"],"score":304,"play_id":"2a98e3ba-41c7-4331-b9d0-8730a7a29fcc","local_time":"20190630232746","is_ascension_mode":false,"campfire_choices":[{"data":"Bash","floor":6,"key":"SMITH"},{"data":"1","floor":12,"key":"LIFT"},{"data":"True Grit","floor":15,"key":"SMITH"},{"data":"2","floor":25,"key":"LIFT"},{"data":"3","floor":28,"key":"LIFT"},{"data":"Armaments","floor":30,"key":"PURGE"},{"data":"Armaments","floor":32,"key":"SMITH"}],"neow_cost":"TEN_PERCENT_HP_LOSS","seed_source_timestamp":17785998978603,"circlet_count":0,"master_deck":["Defend_R","Defend_R","Defend_R","Defend_R","Bash+1","Clothesline","Iron Wave","Thunderclap","Armaments+1","Flex","True Grit+1","Impervious","Warcry+1","Pommel Strike+1","Bite","Bite","Bite","Bite","Bite","Shrug It Off+1","Metallicize"],"relics":["Burning Blood","Girya","Paper Frog","Ice Cream","Peace Pipe","Red Skull","Empty Cage","Vajra","Dodecahedron","Darkstone Periapt"],"potions_floor_usage":[11,16,16,23,33,33],"damage_taken":[{"damage":1,"enemies":"2 Louse","floor":1,"turns":4},{"damage":11,"enemies":"Jaw Worm","floor":3,"turns":5},{"damage":0,"enemies":"Cultist","floor":4,"turns":3},{"damage":0,"enemies":"3 Louse","floor":7,"turns":3},{"damage":20,"enemies":"Gremlin Nob","floor":8,"turns":5},{"damage":28,"enemies":"3 Sentries","floor":11,"turns":11},{"damage":2,"enemies":"Blue Slaver","floor":13,"turns":3},{"damage":0,"enemies":"Large Slime","floor":14,"turns":5},{"damage":18,"enemies":"Hexaghost","floor":16,"turns":11},{"damage":17,"enemies":"Spheric Guardian","floor":18,"turns":7},{"damage":12,"enemies":"Chosen","floor":19,"turns":5},{"damage":12,"enemies":"Snake Plant","floor":21,"turns":6},{"damage":37,"enemies":"Book of Stabbing","floor":23,"turns":7},{"damage":20,"enemies":"Cultist and Chosen","floor":27,"turns":9},{"damage":0,"enemies":"Snecko","floor":29,"turns":5},{"damage":9,"enemies":"Snake Plant","floor":31,"turns":5},{"damage":67,"enemies":"Collector","floor":33,"turns":7}],"seed_played":"2073463955824901747","potions_obtained":[{"floor":8,"key":"Regen Potion"},{"floor":11,"key":"Swift Potion"},{"floor":13,"key":"Dexterity Potion"},{"floor":14,"key":"Strength Potion"},{"floor":16,"key":"Poison Potion"},{"floor":19,"key":"SkillPotion"},{"floor":29,"key":"Energy Potion"}],"is_trial":false,"path_per_floor":["M","?","M","M","$","R","M","E","T","?","E","R","M","M","R","B",null,"M","M","$","M","?","E","$","R","T","M","R","M","R","M","R","B"],"character_chosen":"IRONCLAD","items_purchased":["Vajra"],"campfire_rested":0,"item_purchase_floors":[20],"current_hp_per_floor":[72,65,60,66,66,66,72,58,58,58,51,51,55,61,61,49,72,61,55,55,49,49,25,25,25,25,23,23,40,40,43,43,0],"gold":154,"neow_bonus":"ONE_RARE_RELIC","is_prod":false,"is_daily":false,"chose_seed":false,"campfire_upgraded":3,"win_rate":0,"timestamp":1561930066,"path_taken":["M","?","M","M","?","R","M","E","T","?","E","R","?","M","R","BOSS","M","M","$","M","?","E","$","R","T","M","R","M","R","M","R","BOSS"],"build_version":"2019-01-23","purchased_purges":2,"victory":false,"max_hp_per_floor":[72,72,72,72,72,72,72,72,72,72,72,72,72,72,72,72,72,72,72,72,72,50,50,50,50,50,50,50,50,50,50,50,50],"card_choices":[{"not_picked":["Pommel Strike","Whirlwind"],"picked":"Armaments","floor":1},{"not_picked":["Headbutt","Sword Boomerang"],"picked":"Clothesline","floor":3},{"not_picked":["Sword Boomerang","Bloodletting","Second Wind"],"picked":"SKIP","floor":4},{"not_picked":["Flex","Reckless Charge"],"picked":"Iron Wave","floor":7},{"not_picked":["Iron Wave","Rupture"],"picked":"Thunderclap","floor":8},{"not_picked":["Armaments","Corruption","Sword Boomerang"],"picked":"SKIP","floor":11},{"not_picked":["Body Slam","Reckless Charge"],"picked":"Flex","floor":13},{"not_picked":["Feed","Armaments"],"picked":"True Grit","floor":14},{"not_picked":["Juggernaut","Bludgeon"],"picked":"Impervious","floor":16},{"not_picked":["Feel No Pain","Battle Trance"],"picked":"Warcry+1","floor":18},{"not_picked":["Cleave+1","Clothesline+1"],"picked":"Pommel Strike+1","floor":19},{"not_picked":["True Grit+1","Thunderclap","Feel No Pain+1"],"picked":"SKIP","floor":21},{"not_picked":["Dual Wield","Flex+1"],"picked":"Shrug It Off+1","floor":23},{"not_picked":["Twin Strike","Cleave","Armaments"],"picked":"SKIP","floor":27},{"not_picked":["Headbutt","Second Wind"],"picked":"Metallicize","floor":29},{"not_picked":["Shrug It Off","Clothesline","Twin Strike+1"],"picked":"SKIP","floor":31}],"player_experience":22562,"relics_obtained":[{"floor":8,"key":"Ice Cream"},{"floor":9,"key":"Peace Pipe"},{"floor":11,"key":"Red Skull"},{"floor":23,"key":"Dodecahedron"},{"floor":26,"key":"Darkstone Periapt"}],"event_choices":[{"damage_healed":0,"gold_gain":0,"player_choice":"Success","damage_taken":7,"relics_obtained":["Paper Frog"],"max_hp_gain":0,"max_hp_loss":0,"event_name":"Scrap Ooze","floor":2,"gold_loss":0},{"damage_healed":0,"gold_gain":0,"cards_transformed":["Strike_R"],"player_choice":"Transformed","damage_taken":0,"max_hp_gain":0,"max_hp_loss":0,"event_name":"Transmorgrifier","floor":10,"gold_loss":0,"cards_obtained":["Armaments"]},{"damage_healed":0,"gold_gain":0,"player_choice":"Became a vampire","damage_taken":0,"max_hp_gain":0,"max_hp_loss":22,"event_name":"Vampires","floor":22,"gold_loss":0,"cards_obtained":["Bite","Bite","Bite","Bite","Bite"]}],"is_beta":false,"boss_relics":[{"not_picked":["Ectoplasm","Lizard Tail"],"picked":"Empty Cage"}],"items_purged_floors":[5,20],"is_endless":false,"potions_floor_spawned":[8,11,13,14,16,19,21,29,31],"killed_by":"Collector","ascension_level":0}