{"path_per_floor":["M","?","$","?","M","E","R","E","T","R","?","M","E","T","R","B",null,"M","$","?","$","?"],"character_chosen":"DEFECT","items_purchased":["Sunder","Anchor","Melter"],"gold_per_floor":[117,117,5,5,19,46,46,77,77,77,27,43,73,73,73,177,177,194,50,50,11,11,11],"floor_reached":23,"campfire_rested":3,"playtime":586,"item_purchase_floors":[3,19,21],"current_hp_per_floor":[75,60,60,60,51,30,52,26,26,48,48,48,32,32,54,13,75,25,25,25,25,25,0],"items_purged":["Strike_B"],"gold":11,"score":223,"play_id":"fe4ce322-3e1f-4db3-a54b-8eed167b3f17","local_time":"20180620164813","is_prod":false,"is_daily":false,"chose_seed":false,"is_ascension_mode":true,"campfire_upgraded":0,"win_rate":0,"timestamp":1529502493,"campfire_choices":[{"floor":7,"key":"REST"},{"floor":10,"key":"REST"},{"floor":15,"key":"REST"}],"path_taken":["M","?","?","?","M","E","R","E","T","R","?","?","E","?","R","BOSS","M","$","?","$","?","E"],"build_version":"2018-06-14v2","seed_source_timestamp":466973315915650,"purchased_purges":1,"victory":false,"master_deck":["Strike_B","Strike_B+1","Defend_B","Defend_B+1","Defend_B","Defend_B","Zap","Dualcast","Rip and Tear","Sunder","Regret","Streamline","Sunder","Fission","Doom and Gloom","Multi-Cast","Fusion","Melter","Multi-Cast"],"max_hp_per_floor":[75,75,75,75,75,75,75,75,75,75,75,75,75,75,75,75,75,75,75,75,75,75,75],"relics":["Cracked Core","Emotion Chip","Ginger","Bottled Flame","Symbiotic Virus","Girya","Question Card","Cursed Key","Anchor"],"card_choices":[{"not_picked":["Conserve Battery","Undo"],"picked":"Rip and Tear","floor":1},{"not_picked":["Hologram","Barrage"],"picked":"Streamline","floor":5},{"not_picked":["Barrage","Streamline"],"picked":"Sunder","floor":6},{"not_picked":["Blizzard","Coolheaded"],"picked":"Fission","floor":8},{"not_picked":["Recycle","Gash","Storm"],"picked":"SKIP","floor":12},{"not_picked":["Capacitor","Turbo"],"picked":"Doom and Gloom","floor":13},{"not_picked":["Reboot","Amplify","Electrodynamics"],"picked":"Multi-Cast","floor":16},{"not_picked":["Heatsinks","Compile Driver","Ball Lightning"],"picked":"Fusion","floor":18}],"player_experience":280657,"potions_floor_usage":[6,8],"damage_taken":[{"damage":0,"enemies":"2 Louse","floor":1,"turns":2},{"damage":9,"enemies":"Small Slimes","floor":5,"turns":2},{"damage":21,"enemies":"Gremlin Nob","floor":6,"turns":3},{"damage":26,"enemies":"Lagavulin","floor":8,"turns":5},{"damage":0,"enemies":"Cultist","floor":12,"turns":2},{"damage":16,"enemies":"3 Sentries","floor":13,"turns":4},{"damage":41,"enemies":"Slime Boss","floor":16,"turns":8},{"damage":50,"enemies":"3 Byrds","floor":18,"turns":4},{"damage":29,"enemies":"Gremlin Leader","floor":23,"turns":5}],"relics_obtained":[{"floor":6,"key":"Ginger"},{"floor":8,"key":"Bottled Flame"},{"floor":9,"key":"Symbiotic Virus"},{"floor":13,"key":"Girya"},{"floor":14,"key":"Question Card"}],"event_choices":[{"event_name":"Shining Light","player_choice":"Entered Light","floor":2,"damage_taken":0},{"event_name":"Big Fish","player_choice":"Box","floor":4,"damage_taken":0},{"event_name":"The Cleric","player_choice":"Card Removal","floor":11,"damage_taken":0},{"event_name":"Drug Dealer","player_choice":"Ignored","floor":20,"damage_taken":0},{"event_name":"Duplicator","player_choice":"One dupe","floor":22,"damage_taken":0}],"boss_relics":[{"not_picked":["Astrolabe","Eternal Feather"],"picked":"Cursed Key"}],"items_purged_floors":[3],"is_endless":false,"potions_floor_spawned":[1,6],"seed_played":"-820853511978073917","killed_by":"Gremlin Leader","ascension_level":2,"potions_obtained":[{"floor":1,"key":"FearPotion"},{"floor":6,"key":"EssenceOfSteel"}],"is_trial":false}