{"gold_per_floor":[110,110,110,159,169,199,199,214,282,282,295,295,325,337,337,337],"floor_reached":16,"playtime":533,"items_purged":[],"score":169,"play_id":"26c01720-decd-4cb4-86bb-0aee2dae0322","local_time":"20190711195742","is_ascension_mode":true,"campfire_choices":[{"data":"Skewer","floor":7,"key":"SMITH"},{"data":"Venomology","floor":15,"key":"SMITH"}],"neow_cost":"NONE","seed_source_timestamp":45023400605700,"circlet_count":0,"master_deck":["Strike_G","Strike_G","Strike_G","Strike_G","Strike_G","Defend_G","Defend_G","Defend_G","Defend_G","Survivor","Neutralize","Terror+1","Skewer+1","Backflip","Well Laid Plans","Backstab","Backflip","Venomology+1","Expertise"],"relics":["Ring of the Snake","NeowsBlessing","PreservedInsect","Bag of Marbles","Frozen Egg 2","Mango","Dream Catcher"],"potions_floor_usage":[14,16,16,16],"damage_taken":[{"damage":0,"enemies":"Small Slimes","floor":1,"turns":1},{"damage":0,"enemies":"Cultist","floor":5,"turns":1},{"damage":0,"enemies":"Lagavulin","floor":6,"turns":1},{"damage":4,"enemies":"Jaw Worm","floor":8,"turns":2},{"damage":2,"enemies":"Red Slaver","floor":11,"turns":2},{"damage":2,"enemies":"3 Sentries","floor":13,"turns":6},{"damage":5,"enemies":"Exordium Wildlife","floor":14,"turns":3},{"damage":73,"enemies":"Slime Boss","floor":16,"turns":13}],"seed_played":"-4641235671480036988","potions_obtained":[{"floor":6,"key":"SpeedPotion"},{"floor":8,"key":"SmokeBomb"},{"floor":13,"key":"Weak Potion"}],"is_trial":false,"path_per_floor":["M","?","$","T","M","E","R","M","T","?","M","T","E","M","R","B"],"character_chosen":"THE_SILENT","items_purchased":[],"campfire_rested":0,"item_purchase_floors":[],"current_hp_per_floor":[70,70,70,70,70,70,70,66,66,66,64,78,76,71,71,0],"gold":337,"neow_bonus":"THREE_ENEMY_KILL","is_prod":false,"is_daily":false,"chose_seed":false,"campfire_upgraded":2,"win_rate":0,"timestamp":1562864262,"path_taken":["M","?","$","?","?","E","R","M","T","?","?","?","E","M","R","BOSS"],"build_version":"2019-07-05","purchased_purges":0,"victory":false,"max_hp_per_floor":[70,70,70,70,70,70,70,70,70,70,70,84,84,84,84,84],"card_choices":[{"not_picked":["Deflect","Distraction"],"picked":"Terror","floor":1},{"not_picked":["Poisoned Stab","Prepared"],"picked":"Backflip","floor":5},{"not_picked":["Prepared","Reflex"],"picked":"Well Laid Plans","floor":6},{"not_picked":["Infinite Blades","Dodge and Roll"],"picked":"Backstab","floor":8},{"not_picked":["Dagger Spray","Choke"],"picked":"Backflip","floor":11},{"not_picked":["Dagger Throw","Predator"],"picked":"Venomology","floor":13},{"not_picked":["Dagger Throw","Flying Knee"],"picked":"Expertise","floor":14}],"player_experience":659728,"relics_obtained":[{"floor":4,"key":"PreservedInsect"},{"floor":6,"key":"Bag of Marbles"},{"floor":9,"key":"Frozen Egg 2"},{"floor":12,"key":"Mango"},{"floor":13,"key":"Dream Catcher"}],"event_choices":[{"damage_healed":0,"gold_gain":0,"cards_transformed":["Defend_G"],"player_choice":"Transformed","damage_taken":0,"max_hp_gain":0,"max_hp_loss":0,"event_name":"Transmorgrifier","floor":2,"gold_loss":0,"cards_obtained":["Skewer"]},{"damage_healed":0,"gold_gain":0,"player_choice":"Forge","damage_taken":0,"max_hp_gain":0,"max_hp_loss":0,"event_name":"Accursed Blacksmith","floor":10,"gold_loss":0,"cards_upgraded":["Terror"]}],"is_beta":false,"boss_relics":[],"items_purged_floors":[],"is_endless":false,"potions_floor_spawned":[6,8,13],"killed_by":"Slime Boss","ascension_level":5}