{"gold_per_floor":[117,117,117,130,142,142,142,174,174,174,187,207,266,32,32,106,106,120,120,10,10,10,36,36,63,63,13,26,26],"floor_reached":29,"playtime":1025,"items_purged":["Regret"],"score":453,"play_id":"69100248-0e77-4a5a-91ea-19869969c975","local_time":"20190622224250","is_ascension_mode":true,"campfire_choices":[{"data":"Berserk","floor":6,"key":"SMITH"},{"floor":10,"key":"RECALL"},{"floor":15,"key":"REST"},{"floor":24,"key":"REST"}],"neow_cost":"NONE","seed_source_timestamp":50416849294600,"circlet_count":0,"master_deck":["AscendersBane","Strike_R+1","Strike_R+1","Strike_R+1","Strike_R+1","Defend_R+1","Defend_R+1","Defend_R+1","Defend_R+1","Bash","Spot Weakness","Twin Strike","Berserk+1","Metallicize","Warcry+1","Thunderclap","Dark Embrace+1","Dramatic Entrance","Impervious+1","Ghostly Armor+1","Feel No Pain","Twin Strike","Evolve","Wild Strike","Pommel Strike","Shrug It Off+1","Bandage Up+1","Metallicize","Juggernaut","Seeing Red+1"],"relics":["Burning Blood","NeowsBlessing","Mummified Hand","Mercury Hourglass","Juzu Bracelet","Toxic Egg 2","Pear","Orrery","Darkstone Periapt","Ginger","Pantograph","Calipers"],"potions_floor_usage":[8,11,16,18,23,28,29],"damage_taken":[{"damage":0,"enemies":"2 Louse","floor":1,"turns":1},{"damage":0,"enemies":"Jaw Worm","floor":4,"turns":2},{"damage":0,"enemies":"Small Slimes","floor":5,"turns":2},{"damage":36,"enemies":"Lagavulin","floor":8,"turns":4},{"damage":3,"enemies":"Looter","floor":11,"turns":2},{"damage":10,"enemies":"Exordium Wildlife","floor":12,"turns":3},{"damage":18,"enemies":"3 Sentries","floor":13,"turns":6},{"damage":58,"enemies":"Hexaghost","floor":16,"turns":9},{"damage":19,"enemies":"Spheric Guardian","floor":18,"turns":6},{"damage":34,"enemies":"Slavers","floor":23,"turns":6},{"damage":61,"enemies":"Book of Stabbing","floor":25,"turns":7},{"damage":0,"enemies":"3 Byrds","floor":28,"turns":4},{"damage":35,"enemies":"Shelled Parasite and Fungi","floor":29,"turns":2}],"seed_played":"-5509216982017134951","potions_obtained":[{"floor":1,"key":"FearPotion"},{"floor":8,"key":"Fire Potion"},{"floor":16,"key":"Block Potion"},{"floor":18,"key":"Ancient Potion"},{"floor":25,"key":"Energy Potion"},{"floor":28,"key":"Poison Potion"}],"is_trial":false,"path_per_floor":["M","?","?","M","M","R","?","E","T","R","M","M","?","$","R","B",null,"M","?","$","?","?","E","R","E","T","?","M","M"],"character_chosen":"IRONCLAD","items_purchased":["Dramatic Entrance","Regen Potion","Shrug It Off+1","Bandage Up+1"],"campfire_rested":2,"item_purchase_floors":[14,14,20,20],"current_hp_per_floor":[74,63,56,62,68,68,68,38,38,38,41,37,35,35,60,23,70,57,57,57,57,57,35,60,11,11,11,23,0],"gold":26,"neow_bonus":"THREE_ENEMY_KILL","is_prod":false,"is_daily":false,"chose_seed":false,"campfire_upgraded":1,"win_rate":0,"timestamp":1561232570,"path_taken":["M","?","?","M","M","R","?","E","T","R","M","M","?","$","R","BOSS","M","?","$","?","?","E","R","E","T","?","M","M"],"build_version":"2019-01-23","purchased_purges":1,"victory":false,"max_hp_per_floor":[75,75,75,75,75,75,75,75,75,75,75,75,85,85,85,85,85,85,85,85,85,85,85,85,85,85,85,85,85],"card_choices":[{"not_picked":["Sword Boomerang","Heavy Blade"],"picked":"Spot Weakness","floor":1},{"not_picked":["Warcry","Sword Boomerang"],"picked":"Twin Strike","floor":4},{"not_picked":["Heavy Blade","Pommel Strike"],"picked":"Berserk","floor":5},{"not_picked":["Bloodletting","Entrench"],"picked":"Metallicize","floor":8},{"not_picked":["Thunderclap","Wild Strike"],"picked":"Warcry+1","floor":11},{"not_picked":["Havoc+1","Body Slam"],"picked":"Thunderclap","floor":12},{"not_picked":["Warcry+1","Entrench+1"],"picked":"Dark Embrace","floor":13},{"not_picked":["Immolate","Brutality"],"picked":"Impervious+1","floor":16},{"not_picked":["Uppercut","Perfected Strike"],"picked":"Ghostly Armor+1","floor":17},{"not_picked":["Second Wind+1","Anger"],"picked":"Feel No Pain","floor":17},{"not_picked":["Entrench+1","Havoc+1"],"picked":"Twin Strike","floor":17},{"not_picked":["Whirlwind","Spot Weakness+1"],"picked":"Evolve","floor":17},{"not_picked":["Dual Wield+1","Perfected Strike"],"picked":"Wild Strike","floor":17},{"not_picked":["Sentinel+1","Whirlwind"],"picked":"Pommel Strike","floor":18},{"not_picked":["Clash","Warcry+1","Armaments+1"],"picked":"SKIP","floor":23},{"not_picked":["Dual Wield+1","Disarm+1"],"picked":"Juggernaut","floor":25},{"not_picked":["Battle Trance+1","Wild Strike"],"picked":"Seeing Red+1","floor":28}],"player_experience":623198,"relics_obtained":[{"floor":8,"key":"Juzu Bracelet"},{"floor":9,"key":"Toxic Egg 2"},{"floor":13,"key":"Pear"},{"floor":23,"key":"Darkstone Periapt"},{"floor":25,"key":"Ginger"},{"floor":26,"key":"Pantograph"}],"event_choices":[{"damage_healed":0,"gold_gain":0,"player_choice":"Success","damage_taken":11,"relics_obtained":["Mummified Hand"],"max_hp_gain":0,"max_hp_loss":0,"event_name":"Scrap Ooze","floor":2,"gold_loss":0},{"cards_removed":["Strike_R"],"damage_healed":0,"gold_gain":0,"player_choice":"Card Removal","damage_taken":7,"max_hp_gain":0,"max_hp_loss":0,"event_name":"Golden Wing","floor":3,"gold_loss":0},{"damage_healed":0,"gold_gain":0,"player_choice":"Box","damage_taken":0,"relics_obtained":["Mercury Hourglass"],"max_hp_gain":0,"max_hp_loss":0,"event_name":"Big Fish","floor":7,"gold_loss":0,"cards_obtained":["Regret"]},{"damage_healed":0,"gold_gain":0,"player_choice":"Searched \u00272\u0027 times","damage_taken":0,"max_hp_gain":0,"max_hp_loss":0,"event_name":"Dead Adventurer","floor":13,"gold_loss":0},{"damage_healed":0,"gold_gain":0,"player_choice":"Forge","damage_taken":0,"max_hp_gain":0,"max_hp_loss":0,"event_name":"Accursed Blacksmith","floor":19,"gold_loss":0,"cards_upgraded":["Dark Embrace"]},{"damage_healed":0,"gold_gain":0,"player_choice":"Read","damage_taken":0,"max_hp_gain":0,"max_hp_loss":0,"event_name":"The Library","floor":21,"gold_loss":0,"cards_obtained":["Metallicize"]},{"damage_healed":0,"gold_gain":0,"player_choice":"Simplicity","damage_taken":0,"max_hp_gain":0,"max_hp_loss":0,"event_name":"Back to Basics","floor":22,"gold_loss":0,"cards_upgraded":["Strike_R","Strike_R","Strike_R","Strike_R","Defend_R","Defend_R","Defend_R","Defend_R"]},{"damage_healed":0,"gold_gain":0,"player_choice":"Paid Gold","damage_taken":0,"relics_obtained":["Calipers"],"max_hp_gain":0,"max_hp_loss":0,"event_name":"WeMeetAgain","floor":27,"gold_loss":50}],"is_beta":false,"boss_relics":[{"not_picked":["Lizard Tail","Eternal Feather"],"picked":"Orrery"}],"items_purged_floors":[14],"is_endless":false,"potions_floor_spawned":[1,8,16,18,25,28],"killed_by":"Shelled Parasite and Fungi","ascension_level":15}