{"gold_per_floor":[112,164,180,180,195,221,296,296,296,296,311,339,339],"floor_reached":13,"playtime":299,"items_purged":[],"score":153,"play_id":"097584db-c547-4571-9f34-4d34690a49b0","local_time":"20190406155328","is_ascension_mode":true,"campfire_choices":[{"floor":8,"key":"REST"},{"floor":10,"key":"RECALL"}],"neow_cost":"NONE","seed_source_timestamp":27655047468700,"circlet_count":0,"master_deck":["AscendersBane","Strike_R","Strike_R","Strike_R","Strike_R","Strike_R","Defend_R","Defend_R","Defend_R","Defend_R","Bash","Flame Barrier","Spot Weakness","Inflame","Ghostly Armor+1"],"relics":["Burning Blood","NeowsBlessing","Blood Vial","Singing Bowl","Toxic Egg 2"],"potions_floor_usage":[6,6,12,12],"damage_taken":[{"damage":0,"enemies":"Cultist","floor":1,"turns":1},{"damage":0,"enemies":"Small Slimes","floor":3,"turns":1},{"damage":0,"enemies":"2 Louse","floor":5,"turns":1},{"damage":44,"enemies":"Gremlin Nob","floor":6,"turns":5},{"damage":17,"enemies":"Blue Slaver","floor":11,"turns":6},{"damage":33,"enemies":"3 Sentries","floor":12,"turns":7},{"damage":37,"enemies":"Exordium Wildlife","floor":13,"turns":5}],"seed_played":"-4490040933491872809","potions_obtained":[{"floor":1,"key":"PowerPotion"},{"floor":4,"key":"SkillPotion"},{"floor":6,"key":"AttackPotion"},{"floor":11,"key":"Fire Potion"}],"is_trial":false,"path_per_floor":["M","T","M","?","M","E","?","R","T","R","M","E","M"],"character_chosen":"IRONCLAD","items_purchased":[],"campfire_rested":1,"item_purchase_floors":[],"current_hp_per_floor":[78,78,80,80,80,44,33,57,57,57,50,25,0],"gold":339,"neow_bonus":"THREE_ENEMY_KILL","is_prod":false,"is_daily":false,"chose_seed":false,"campfire_upgraded":0,"win_rate":0,"timestamp":1554555208,"path_taken":["M","?","M","?","?","E","?","R","T","R","M","E","M"],"build_version":"2019-01-23","purchased_purges":0,"victory":false,"max_hp_per_floor":[80,80,80,80,80,82,82,82,82,82,84,84,84],"card_choices":[{"not_picked":["Headbutt","Shockwave"],"picked":"Flame Barrier","floor":1},{"not_picked":["Havoc","Blood for Blood"],"picked":"Spot Weakness","floor":3},{"not_picked":["Headbutt","Pommel Strike"],"picked":"Inflame","floor":5},{"not_picked":["Spot Weakness","Fiend Fire","Twin Strike"],"picked":"Singing Bowl","floor":6},{"not_picked":["Rage","Evolve","Rupture"],"picked":"Singing Bowl","floor":11},{"not_picked":["Power Through","Intimidate"],"picked":"Ghostly Armor","floor":12}],"player_experience":527373,"relics_obtained":[{"floor":2,"key":"Blood Vial"},{"floor":6,"key":"Singing Bowl"},{"floor":12,"key":"Toxic Egg 2"}],"event_choices":[{"damage_healed":0,"gold_gain":0,"player_choice":"Got Potions","damage_taken":0,"max_hp_gain":0,"max_hp_loss":0,"event_name":"Lab","floor":4,"gold_loss":0},{"damage_healed":0,"gold_gain":75,"player_choice":"Gather Gold","damage_taken":11,"max_hp_gain":0,"max_hp_loss":0,"event_name":"World of Goop","floor":7,"gold_loss":0}],"is_beta":false,"boss_relics":[],"items_purged_floors":[],"is_endless":false,"potions_floor_spawned":[1,6,11],"killed_by":"Exordium Wildlife","ascension_level":13}