{"gold_per_floor":[13,27,42,42,42,42,75,87,87,8,8,35,68,13,13,87,87,105,122,122,8,8,8,8,19,19,19,33,43,43,58,58,130,130,141,441,454,12,32,63,63,76,76,76,107,141,141,0,0,0,0],"floor_reached":52,"playtime":4260,"items_purged":["Strike_G+1"],"score":1821,"play_id":"842c2b4c-8942-47ac-ad70-831793741703","local_time":"20190718162401","is_ascension_mode":true,"campfire_choices":[{"floor":6.0,"key":"REST"},{"data":"Calculated Gamble","floor":11.0,"key":"SMITH"},{"floor":15.0,"key":"REST"},{"data":"After Image","floor":23.0,"key":"SMITH"},{"data":"Noxious Fumes","floor":27.0,"key":"SMITH"},{"floor":30.0,"key":"REST"},{"data":"Noxious Fumes","floor":32.0,"key":"SMITH"},{"floor":41.0,"key":"REST"},{"data":"Footwork","floor":44.0,"key":"SMITH"},{"floor":49.0,"key":"REST"}],"neow_cost":"NO_GOLD","seed_source_timestamp":0,"circlet_count":0,"master_deck":["AscendersBane","Strike_G+1","Strike_G+1","Strike_G+1","Strike_G+1","Defend_G+1","Defend_G+1","Defend_G+1","Defend_G+1","Defend_G+1","Survivor","Neutralize","Infinite Blades","Infinite Blades","Calculated Gamble+1","Dodge and Roll+1","Acrobatics+1","Infinite Blades","Escape Plan+1","Outmaneuver+1","After Image+1","Escape Plan+1","Backflip+1","Deadly Poison+1","Caltrops","Noxious Fumes+1","Noxious Fumes+1","Blade Dance+1","Calculated Gamble+1","Venomology+1","Calculated Gamble+1","Footwork+1","Blade Dance+1","Acrobatics+1","Cloak And Dagger+1","Concentrate+1","Escape Plan+1","Accuracy+1","Catalyst+1","Crippling Poison+1","PiercingWail+1"],"special_seed":0,"relics":["Ring of the Snake","Bird Faced Urn","Pear","Toxic Egg 2","Question Card","Omamori","Pen Nib","Eternal Feather","Smiling Mask","WingedGreaves","WristBlade","HandDrill","Happy Flower","Pantograph","Dream Catcher","Sundial"],"potions_floor_usage":[51],"damage_taken":[{"damage":5.0,"enemies":"Cultist","floor":1.0,"turns":6.0},{"damage":2.0,"enemies":"2 Louse","floor":2.0,"turns":5.0},{"damage":4.0,"enemies":"Small Slimes","floor":3.0,"turns":4.0},{"damage":29.0,"enemies":"Lagavulin","floor":7.0,"turns":8.0},{"damage":2.0,"enemies":"Blue Slaver","floor":8.0,"turns":5.0},{"damage":31.0,"enemies":"3 Sentries","floor":13.0,"turns":9.0},{"damage":31.0,"enemies":"The Guardian","floor":16.0,"turns":18.0},{"damage":19.0,"enemies":"Shell Parasite","floor":18.0,"turns":7.0},{"damage":12.0,"enemies":"Chosen","floor":19.0,"turns":8.0},{"damage":50.0,"enemies":"Centurion and Healer","floor":25.0,"turns":7.0},{"damage":26.0,"enemies":"Shelled Parasite and Fungi","floor":28.0,"turns":5.0},{"damage":24.0,"enemies":"Sentry and Sphere","floor":29.0,"turns":8.0},{"damage":12.0,"enemies":"Snake Plant","floor":31.0,"turns":6.0},{"damage":39.0,"enemies":"Automaton","floor":33.0,"turns":9.0},{"damage":5.0,"enemies":"Orb Walker","floor":35.0,"turns":5.0},{"damage":6.0,"enemies":"3 Shapes","floor":37.0,"turns":5.0},{"damage":44.0,"enemies":"Jaw Worm Horde","floor":39.0,"turns":6.0},{"damage":50.0,"enemies":"Giant Head","floor":40.0,"turns":10.0},{"damage":28.0,"enemies":"4 Shapes","floor":42.0,"turns":7.0},{"damage":19.0,"enemies":"Nemesis","floor":45.0,"turns":9.0},{"damage":77.0,"enemies":"Reptomancer","floor":46.0,"turns":7.0},{"damage":76.0,"enemies":"Time Eater","floor":50.0,"turns":12.0},{"damage":50,"enemies":"Donu and Deca","floor":51,"turns":9}],"seed_played":"9071441089807268703","potions_obtained":[{"floor":1.0,"key":"PowerPotion"},{"floor":8.0,"key":"Poison Potion"},{"floor":16.0,"key":"SteroidPotion"},{"floor":28.0,"key":"LiquidBronze"},{"floor":33.0,"key":"GhostInAJar"},{"floor":35.0,"key":"FearPotion"},{"floor":37.0,"key":"PowerPotion"},{"floor":39.0,"key":"Weak Potion"},{"floor":45.0,"key":"SteroidPotion"}],"is_trial":false,"path_per_floor":["M","M","M","?","?","R","E","M","T","$","R","T","E","$","R","B",null,"M","M","?","$","?","R","?","M","T","R","M","M","R","M","R","B",null,"M","?","M","$","M","E","R","M","T","R","E","E","?","$","R","B","B",null],"character_chosen":"THE_SILENT","items_purchased":["Infinite Blades","Outmaneuver+1","Deadly Poison+1","Caltrops","HandDrill","Footwork","Blade Dance+1","Acrobatics+1","Strength Potion","Crippling Poison+1"],"campfire_rested":5,"item_purchase_floors":[10,14,21,21,38,38,38,38,48,48],"current_hp_per_floor":[54,54,54,53,30,52,29,31,31,31,31,31,6,6,28,3,58,47,43,43,43,43,58,58,18,18,33,17,3,40,40,58,33,65,72,72,76,76,42,8,51,54,54,75,65,4,4,4,50,10,3],"gold":0,"neow_bonus":"ONE_RARE_RELIC","is_prod":false,"is_daily":false,"chose_seed":false,"campfire_upgraded":5,"win_rate":0,"timestamp":1563459841,"path_taken":["M","?","M","?","?","R","E","M","T","$","R","?","E","$","R","BOSS","M","M","?","$","?","R","?","M","T","R","M","M","R","M","R","BOSS","M","?","M","$","M","E","R","?","T","R","E","E","?","$","R","BOSS","BOSS"],"build_version":"2019-07-17","purchased_purges":1,"victory":true,"max_hp_per_floor":[66,66,66,76,76,76,76,76,76,76,76,76,76,76,76,76,76,76,76,76,76,76,76,76,76,76,76,76,76,76,76,76,76,76,76,76,76,76,76,76,76,76,76,76,76,76,76,76,76,76,76],"card_choices":[{"not_picked":["Well Laid Plans","Blade Dance"],"picked":"Infinite Blades","floor":1.0},{"not_picked":["Quick Slash","Crippling Poison"],"picked":"Infinite Blades","floor":2.0},{"not_picked":["Eviscerate","Prepared"],"picked":"Calculated Gamble","floor":3.0},{"not_picked":["Burst","Choke"],"picked":"Dodge and Roll","floor":7.0},{"not_picked":["Dash","Prepared+1"],"picked":"Acrobatics+1","floor":8.0},{"not_picked":["Underhanded Strike","Catalyst+1","Flying Knee"],"picked":"Escape Plan+1","floor":13.0},{"not_picked":["Envenom","Wraith Form v2","Grand Finale"],"picked":"After Image","floor":16.0},{"not_picked":["Prepared+1","Slice+1","Skewer"],"picked":"Escape Plan+1","floor":18.0},{"not_picked":["Eviscerate","Underhanded Strike","Quick Slash"],"picked":"Backflip+1","floor":19.0},{"not_picked":["Quick Slash","Expertise+1","All Out Attack"],"picked":"Noxious Fumes","floor":25.0},{"not_picked":["Acrobatics+1","Escape Plan+1","Quick Slash"],"picked":"Noxious Fumes","floor":28.0},{"not_picked":["Dash","Poisoned Stab+1","Prepared+1"],"picked":"Blade Dance+1","floor":29.0},{"not_picked":["Storm of Steel+1","Deflect+1","Flying Knee"],"picked":"Calculated Gamble+1","floor":31.0},{"not_picked":["Grand Finale","Bullet Time+1","Storm of Steel+1"],"picked":"Venomology+1","floor":33.0},{"not_picked":["Dash","Underhanded Strike","Bouncing Flask+1","Heel Hook+1"],"picked":"SKIP","floor":35.0},{"not_picked":["Quick Slash","Catalyst+1","Terror+1"],"picked":"Calculated Gamble+1","floor":37.0},{"not_picked":["Blade Dance+1","Deflect+1","Distraction+1"],"picked":"Cloak And Dagger+1","floor":39.0},{"not_picked":["Slice+1","Calculated Gamble+1","Underhanded Strike+1"],"picked":"Concentrate+1","floor":40.0},{"not_picked":["Poisoned Stab","Backstab+1","Flying Knee"],"picked":"Escape Plan+1","floor":42.0},{"not_picked":["Infinite Blades","Heel Hook","Acrobatics+1"],"picked":"Accuracy+1","floor":45.0},{"not_picked":["Unload","Skewer","Backstab"],"picked":"Catalyst+1","floor":46.0},{"not_picked":["Slice","Terror+1","Dagger Throw+1"],"picked":"PiercingWail+1","floor":49.0}],"player_experience":2253020,"relics_obtained":[{"floor":7.0,"key":"Toxic Egg 2"},{"floor":9.0,"key":"Question Card"},{"floor":12.0,"key":"Omamori"},{"floor":13.0,"key":"Pen Nib"},{"floor":26.0,"key":"WingedGreaves"},{"floor":40.0,"key":"Happy Flower"},{"floor":43.0,"key":"Pantograph"},{"floor":45.0,"key":"Dream Catcher"},{"floor":46.0,"key":"Sundial"}],"event_choices":[{"damage_healed":0.0,"max_hp_gain":0.0,"max_hp_loss":0.0,"gold_gain":0.0,"event_name":"Scrap Ooze","player_choice":"Success","floor":4.0,"gold_loss":0.0,"damage_taken":11.0,"relics_obtained":["Pear"]},{"damage_healed":0.0,"max_hp_gain":0.0,"max_hp_loss":0.0,"gold_gain":0.0,"event_name":"Shining Light","player_choice":"Entered Light","floor":5.0,"gold_loss":0.0,"damage_taken":23.0,"cards_upgraded":["Strike_G","Defend_G"]},{"damage_healed":0.0,"max_hp_gain":0.0,"max_hp_loss":0.0,"gold_gain":0.0,"event_name":"Cursed Tome","player_choice":"Ignored","floor":20.0,"gold_loss":0.0,"damage_taken":0.0},{"damage_healed":0.0,"max_hp_gain":0.0,"max_hp_loss":0.0,"gold_gain":0.0,"event_name":"The Mausoleum","player_choice":"Opened","floor":22.0,"gold_loss":0.0,"damage_taken":0.0,"relics_obtained":["Smiling Mask"],"cards_obtained":["Writhe"]},{"damage_healed":0.0,"max_hp_gain":0.0,"max_hp_loss":0.0,"gold_gain":0.0,"event_name":"Back to Basics","player_choice":"Simplicity","floor":24.0,"gold_loss":0.0,"damage_taken":0.0,"cards_upgraded":["Strike_G","Strike_G","Strike_G","Strike_G","Defend_G","Defend_G","Defend_G","Defend_G"]},{"damage_healed":0.0,"max_hp_gain":0.0,"max_hp_loss":0.0,"gold_gain":300.0,"event_name":"Wheel of Change","player_choice":"Gold","floor":36.0,"gold_loss":0.0,"damage_taken":0.0},{"damage_healed":0.0,"max_hp_gain":0.0,"max_hp_loss":0.0,"gold_gain":0.0,"event_name":"The Moai Head","player_choice":"Ignored","floor":47.0,"gold_loss":0.0,"damage_taken":0.0}],"is_beta":false,"boss_relics":[{"not_picked":["Orrery","Black Star"],"picked":"Eternal Feather"},{"not_picked":["Sozu","Busted Crown"],"picked":"WristBlade"}],"items_purged_floors":[38],"is_endless":false,"potions_floor_spawned":[1,8,16,28,33,35,37,39,45],"ascension_level":20}