{"gold_per_floor":[115,115,115,40,50,50,82,82,82,82,92,107,121,121],"floor_reached":14,"playtime":546,"items_purged":["Regret"],"score":126,"play_id":"88347de3-de67-484e-bddd-3d504d67b94e","local_time":"20180830221207","is_ascension_mode":true,"campfire_choices":[{"data":"Intimidate","floor":6,"key":"SMITH"},{"floor":8,"key":"REST"},{"data":"Bash","floor":10,"key":"SMITH"}],"neow_cost":"NONE","seed_source_timestamp":314947181827828,"circlet_count":0,"master_deck":["Strike_R","Strike_R","Strike_R","Strike_R","Strike_R","Defend_R","Defend_R","Defend_R","Defend_R","Bash+1","Intimidate+1","Dropkick","Shrug It Off","Barricade","Cleave"],"relics":["Burning Blood","Ornamental Fan","Kunai","Regal Pillow","Bottled Lightning"],"potions_floor_usage":[1,1,13,14,14],"damage_taken":[{"damage":1,"enemies":"2 Louse","floor":1,"turns":2},{"damage":4,"enemies":"Small Slimes","floor":5,"turns":4},{"damage":43,"enemies":"Lagavulin","floor":7,"turns":6},{"damage":4,"enemies":"Jaw Worm","floor":11,"turns":3},{"damage":0,"enemies":"Exordium Wildlife","floor":12,"turns":4},{"damage":62,"enemies":"Exordium Thugs","floor":13,"turns":9},{"damage":27,"enemies":"3 Sentries","floor":14,"turns":7}],"seed_played":"-599869658189021049","potions_obtained":[{"floor":0,"key":"Fruit Juice"},{"floor":0,"key":"Fire Potion"},{"floor":0,"key":"Ancient Potion"},{"floor":7,"key":"SpeedPotion"},{"floor":12,"key":"Block Potion"}],"is_trial":false,"path_per_floor":["M","?","?","$","M","R","E","R","T","R","M","M","M"],"character_chosen":"IRONCLAD","items_purchased":[],"campfire_rested":1,"item_purchase_floors":[],"current_hp_per_floor":[82,64,64,64,66,66,29,69,69,69,71,77,21,0],"gold":121,"neow_bonus":"THREE_SMALL_POTIONS","is_prod":false,"is_daily":false,"chose_seed":false,"campfire_upgraded":2,"win_rate":0,"timestamp":1535656327,"path_taken":["M","?","?","$","?","R","E","R","T","R","M","M","M","E"],"build_version":"2018-08-23v2","purchased_purges":1,"victory":false,"max_hp_per_floor":[85,85,85,85,85,85,85,85,85,85,85,85,85,85],"card_choices":[{"not_picked":["Uppercut","Anger"],"picked":"Intimidate","floor":1},{"not_picked":["Pommel Strike","Anger"],"picked":"Dropkick","floor":5},{"not_picked":["Pommel Strike","Entrench","Warcry"],"picked":"SKIP","floor":7},{"not_picked":["Thunderclap","Headbutt"],"picked":"Shrug It Off","floor":11},{"not_picked":["Anger","Clothesline"],"picked":"Barricade","floor":12},{"not_picked":["Dual Wield","Sword Boomerang"],"picked":"Cleave","floor":13}],"player_experience":352323,"relics_obtained":[{"floor":7,"key":"Regal Pillow"},{"floor":9,"key":"Bottled Lightning"}],"event_choices":[{"event_name":"Scrap Ooze","player_choice":"success","floor":2,"damage_taken":18},{"event_name":"Big Fish","player_choice":"Box","floor":3,"damage_taken":0}],"is_beta":false,"boss_relics":[],"items_purged_floors":[4],"is_endless":false,"potions_floor_spawned":[7,12],"killed_by":"3 Sentries","ascension_level":8}