{"path_per_floor":["M","?","$","M","M","R","?","E","T","R","M","R","?","M","R","B",null,"M","$","?","M","M","E","?","R","T","$","?","E","R","M","R","B",null,"M","$","M","?","M"],"character_chosen":"IRONCLAD","items_purchased":["Bronze Scales"],"gold_per_floor":[111,111,36,55,72,72,72,103,172,172,182,182,182,200,200,299,299,315,65,65,78,95,121,121,121,148,23,23,58,58,69,69,171,201,215,65,82,82,96,96],"floor_reached":40,"campfire_rested":4,"playtime":1693,"current_hp_per_floor":[34,34,34,39,44,68,68,45,45,45,47,47,52,51,76,79,85,67,67,67,58,60,53,53,53,53,53,53,35,60,56,81,68,90,83,83,59,48,45,0],"items_purged":["Defend_R","Defend_R","Defend_R","Strike_R"],"gold":96,"score":466,"play_id":"14949d4b-c797-4588-9690-0cd66617a247","local_time":"20180403104804","is_prod":false,"is_daily":false,"is_ascension_mode":true,"campfire_upgraded":3,"timestamp":1522741684,"path_taken":["M","?","$","M","M","R","?","E","T","R","?","R","?","M","R","BOSS","M","$","?","M","M","E","?","R","T","?","?","E","R","M","R","BOSS","M","$","M","?","M","E"],"build_version":"2018-03-29v2","purchased_purges":4,"victory":false,"master_deck":["Defend_R","Bash","Shrug It Off+1","Demon Form+1","Double Tap+1","Pummel+1","Cleave+1","Dual Wield","Pommel Strike+1","Reaper+1","Heavy Blade+1","Madness","Madness"],"max_hp_per_floor":[80,80,80,80,80,80,80,80,80,80,80,80,85,85,85,85,85,85,85,85,85,85,85,85,85,85,85,85,85,85,85,85,85,90,90,90,90,90,90,90],"relics":["Burning Blood","Unceasing Top","Meat on the Bone","Ornamental Fan","Mark of Pain","Bronze Scales","Lantern","Juzu Bracelet","Molten Egg 2","Tiny House"],"card_choices":[{"not_picked":["Bloodletting","Second Wind"],"picked":"Shrug It Off","floor":4},{"not_picked":["Battle Trance","Corruption"],"picked":"Demon Form","floor":8},{"not_picked":["Berserk","Demon Form"],"picked":"Double Tap","floor":16},{"not_picked":["Rampage","Dual Wield"],"picked":"Pummel","floor":22},{"not_picked":["Burning Pact","Armaments"],"picked":"Pommel Strike","floor":31},{"not_picked":["Immolate","Feed"],"picked":"Reaper","floor":33},{"not_picked":["Blood for Blood","Intimidate"],"picked":"Heavy Blade","floor":35}],"player_experience":173926,"potions_floor_usage":[16,16,21,29,35,35,37],"damage_taken":[{"damage":12,"enemies":"Small Slimes","floor":1,"turns":4},{"damage":1,"enemies":"Cultist","floor":4,"turns":4},{"damage":1,"enemies":"2 Louse","floor":5,"turns":3},{"damage":29,"enemies":"3 Sentries","floor":8,"turns":14},{"damage":4,"enemies":"2 Fungi Beasts","floor":11,"turns":5},{"damage":19,"enemies":"Lots of Slimes","floor":14,"turns":6},{"damage":3,"enemies":"The Guardian","floor":16,"turns":10},{"damage":24,"enemies":"Spheric Guardian","floor":18,"turns":5},{"damage":15,"enemies":"Chosen","floor":21,"turns":7},{"damage":4,"enemies":"Centurion and Healer","floor":22,"turns":4},{"damage":25,"enemies":"Gremlin Leader","floor":23,"turns":7},{"damage":36,"enemies":"Slavers","floor":29,"turns":4},{"damage":10,"enemies":"3 Cultists","floor":31,"turns":4},{"damage":19,"enemies":"Automaton","floor":33,"turns":6},{"damage":13,"enemies":"3 Shapes","floor":35,"turns":3},{"damage":30,"enemies":"Orb Walker","floor":37,"turns":3},{"damage":41,"enemies":"Sphere and 2 Shapes","floor":39,"turns":5},{"damage":56,"enemies":"Nemesis","floor":40,"turns":6}],"event_choices":[{"event_name":"Purifier","player_choice":"One Purge","floor":2,"damage_taken":0},{"event_name":"Wheel of Change","player_choice":"Relic","floor":7,"damage_taken":0},{"event_name":"Big Fish","player_choice":"Donut","floor":13,"damage_taken":0},{"event_name":"Ghosts","player_choice":"Ignored","floor":20,"damage_taken":0},{"event_name":"The Library","player_choice":"Read","floor":24,"damage_taken":0},{"event_name":"Transmorgrifier","player_choice":"Transform","floor":28,"damage_taken":0},{"event_name":"Winding Halls","player_choice":"Embrace Madness","floor":38,"damage_taken":0}],"boss_relics":[{"not_picked":["Pandora\u0027s Box","Snecko Eye"],"picked":"Mark of Pain"},{"not_picked":["Calling Bell","Runic Pyramid"],"picked":"Tiny House"}],"potions_floor_spawned":[11,14,18,23,33,35],"seed_played":"8114165895660087635","killed_by":"Nemesis","ascension_level":2,"is_trial":false}