{"gold_per_floor":[111,111,36,111,125,153,166,166,166,177,177,77,90,105,105,105],"floor_reached":16,"playtime":552,"items_purged":["Strike_G","Defend_G"],"score":127,"play_id":"b990d584-09cd-476c-a246-ba0d911d7eb2","local_time":"20190711185434","is_ascension_mode":false,"campfire_choices":[{"data":"Neutralize","floor":8,"key":"SMITH"},{"floor":11,"key":"RECALL"},{"data":"Prepared","floor":15,"key":"SMITH"}],"neow_cost":"NONE","seed_source_timestamp":17816178055741,"circlet_count":0,"master_deck":["Strike_G+1","Strike_G","Strike_G","Strike_G","Defend_G","Defend_G","Defend_G","Defend_G+1","Survivor","Neutralize+1","Backflip","Prepared+1","Acrobatics"],"relics":["Ring of the Snake","NeowsBlessing","Nunchaku"],"potions_floor_usage":[16,16,16],"damage_taken":[{"damage":0,"enemies":"Jaw Worm","floor":1,"turns":1},{"damage":0,"enemies":"Cultist","floor":5,"turns":1},{"damage":0,"enemies":"Gremlin Nob","floor":6,"turns":1},{"damage":0,"enemies":"Small Slimes","floor":7,"turns":3},{"damage":9,"enemies":"Exordium Thugs","floor":10,"turns":6},{"damage":0,"enemies":"Blue Slaver","floor":13,"turns":5},{"damage":5,"enemies":"2 Fungi Beasts","floor":14,"turns":4},{"damage":50,"enemies":"Hexaghost","floor":16,"turns":14}],"seed_played":"-451552494425819072","potions_obtained":[{"floor":7,"key":"Poison Potion"},{"floor":10,"key":"Strength Potion"},{"floor":13,"key":"Regen Potion"}],"is_trial":false,"path_per_floor":["M","?","$","?","M","E","M","R","T","M","R","$","M","M","R","B"],"character_chosen":"THE_SILENT","items_purchased":[],"campfire_rested":0,"item_purchase_floors":[],"current_hp_per_floor":[70,56,56,45,45,45,45,45,45,36,36,36,36,31,31,0],"gold":105,"neow_bonus":"THREE_ENEMY_KILL","is_prod":false,"is_daily":false,"chose_seed":false,"campfire_upgraded":2,"win_rate":0,"timestamp":1562864074,"path_taken":["M","?","$","?","M","E","M","R","T","M","R","?","M","M","R","BOSS"],"build_version":"2019-07-05","purchased_purges":2,"victory":false,"max_hp_per_floor":[70,70,70,70,70,70,70,70,70,70,70,70,70,70,70,70],"card_choices":[{"not_picked":["Slice","Dagger Spray"],"picked":"Backflip","floor":1},{"not_picked":["Dash","Masterful Stab","Endless Agony"],"picked":"SKIP","floor":5},{"not_picked":["Dodge and Roll","Quick Slash"],"picked":"Prepared","floor":6},{"not_picked":["Caltrops","PiercingWail","Blade Dance"],"picked":"SKIP","floor":7},{"not_picked":["Riddle With Holes","Die Die Die","All Out Attack"],"picked":"SKIP","floor":10},{"not_picked":["Underhanded Strike","Deflect"],"picked":"Acrobatics","floor":13},{"not_picked":["Slice","Dagger Spray","Sucker Punch"],"picked":"SKIP","floor":14}],"player_experience":83812,"relics_obtained":[{"floor":6,"key":"Nunchaku"}],"event_choices":[{"damage_healed":0,"gold_gain":0,"player_choice":"Entered Light","damage_taken":14,"max_hp_gain":0,"max_hp_loss":0,"event_name":"Shining Light","floor":2,"gold_loss":0,"cards_upgraded":["Strike_G","Defend_G"]},{"damage_healed":0,"gold_gain":75,"player_choice":"Gather Gold","damage_taken":11,"max_hp_gain":0,"max_hp_loss":0,"event_name":"World of Goop","floor":4,"gold_loss":0}],"is_beta":false,"boss_relics":[],"items_purged_floors":[3,12],"is_endless":false,"potions_floor_spawned":[7,10,13,14],"killed_by":"Hexaghost","ascension_level":0}