{"gold_per_floor":[217,231,243,268,268,268,302,321,392,418,432,449,468,468],"floor_reached":14,"playtime":556,"items_purged":[],"score":120,"play_id":"f6e35e8b-239b-406b-9834-8e6f31912804","local_time":"20180801212140","is_ascension_mode":true,"campfire_choices":[{"data":"Chaos","floor":6,"key":"SMITH"}],"neow_cost":"NONE","seed_source_timestamp":354666888046762,"circlet_count":0,"master_deck":["Strike_B","Strike_B","Strike_B","Strike_B","Defend_B","Defend_B","Defend_B","Zap","Dualcast","Chaos+1","Conserve Battery","Thunder Strike","Streamline","Echo Form","Steam"],"relics":["Cracked Core","Bag of Preparation","Unceasing Top","Pantograph","Ancient Tea Set"],"potions_floor_usage":[7,8,12,13],"damage_taken":[{"damage":1,"enemies":"Cultist","floor":1,"turns":3},{"damage":0,"enemies":"Small Slimes","floor":2,"turns":3},{"damage":9,"enemies":"Jaw Worm","floor":3,"turns":4},{"damage":12,"enemies":"Gremlin Nob","floor":7,"turns":3},{"damage":0,"enemies":"3 Louse","floor":8,"turns":1},{"damage":18,"enemies":"Lagavulin","floor":10,"turns":5},{"damage":1,"enemies":"Looter","floor":11,"turns":3},{"damage":14,"enemies":"Lots of Slimes","floor":12,"turns":3},{"damage":0,"enemies":"2 Fungi Beasts","floor":13,"turns":3},{"damage":19,"enemies":"3 Louse","floor":14,"turns":2}],"seed_played":"5737474063098919804","potions_obtained":[{"floor":1,"key":"Swift Potion"},{"floor":7,"key":"Explosive Potion"},{"floor":10,"key":"SpeedPotion"},{"floor":11,"key":"Fire Potion"}],"is_trial":false,"path_per_floor":["M","M","M","T","?","R","E","M","T","E","M","M","M"],"character_chosen":"DEFECT","items_purchased":[],"campfire_rested":0,"item_purchase_floors":[],"current_hp_per_floor":[74,74,65,65,58,58,46,46,46,28,27,13,13,0],"gold":468,"neow_bonus":"HUNDRED_GOLD","is_prod":false,"is_daily":false,"chose_seed":false,"campfire_upgraded":1,"win_rate":0,"timestamp":1533147700,"path_taken":["M","?","M","?","?","R","E","?","T","E","M","M","M","M"],"build_version":"2018-07-26","purchased_purges":0,"victory":false,"max_hp_per_floor":[75,75,75,75,75,75,75,75,75,75,75,75,75,75],"card_choices":[{"not_picked":["Lockon","Barrage","Blizzard"],"picked":"SKIP","floor":1},{"not_picked":["Steam","Go for the Eyes"],"picked":"Chaos","floor":2},{"not_picked":["Steam Power","Rebound"],"picked":"Conserve Battery","floor":3},{"not_picked":["Self Repair","Hologram"],"picked":"Thunder Strike","floor":7},{"not_picked":["Gash","Fusion","Barrage"],"picked":"SKIP","floor":8},{"not_picked":["Cold Snap","Steam Power"],"picked":"Streamline","floor":10},{"not_picked":["Go for the Eyes","Turbo"],"picked":"Echo Form","floor":11},{"not_picked":["Redo","Stack"],"picked":"Steam","floor":12},{"not_picked":["Turbo","Stack","Leap"],"picked":"SKIP","floor":13}],"player_experience":323796,"relics_obtained":[{"floor":4,"key":"Bag of Preparation"},{"floor":7,"key":"Unceasing Top"},{"floor":9,"key":"Pantograph"},{"floor":10,"key":"Ancient Tea Set"}],"event_choices":[{"event_name":"Golden Wing","player_choice":"Card Removal","floor":5,"damage_taken":0}],"is_beta":false,"boss_relics":[],"items_purged_floors":[],"is_endless":false,"potions_floor_spawned":[1,7,10,11],"killed_by":"3 Louse","ascension_level":3}