{"gold_per_floor":[118,43,62,337,337,366,366,384,384,384,398,398,408,117,117,218,218,230,230],"floor_reached":19,"playtime":595,"items_purged":["Strike_R","Regret"],"score":169,"play_id":"360145e3-c713-406e-aeca-fa34a2ec53da","local_time":"20190710170115","is_ascension_mode":false,"campfire_choices":[{"data":"Bash","floor":7,"key":"SMITH"},{"floor":15,"key":"REST"}],"neow_cost":"NONE","seed_source_timestamp":15798411567121,"circlet_count":0,"master_deck":["Bash+1","True Grit","Evolve","Parasite","Ghostly Armor","Feed","Fiend Fire","Heavy Blade","Twin Strike","Havoc","Shrug It Off","Rupture","Offering","Feed","Flame Barrier"],"relics":["Burning Blood","NeowsBlessing","Sundial","Matryoshka","OrangePellets","Pandora\u0027s Box"],"potions_floor_usage":[6,13,16,18],"damage_taken":[{"damage":0,"enemies":"Small Slimes","floor":1,"turns":2},{"damage":0,"enemies":"Cultist","floor":3,"turns":1},{"damage":0,"enemies":"Jaw Worm","floor":5,"turns":1},{"damage":45,"enemies":"Gremlin Nob","floor":6,"turns":6},{"damage":24,"enemies":"3 Louse","floor":8,"turns":7},{"damage":22,"enemies":"Lots of Slimes","floor":11,"turns":7},{"damage":7,"enemies":"Looter","floor":13,"turns":4},{"damage":26,"enemies":"The Guardian","floor":16,"turns":9},{"damage":6,"enemies":"3 Byrds","floor":18,"turns":3},{"damage":46,"enemies":"Spheric Guardian","floor":19,"turns":9}],"seed_played":"4255680695495271569","potions_obtained":[{"floor":1,"key":"SteroidPotion"},{"floor":8,"key":"SteroidPotion"},{"floor":12,"key":"PowerPotion"},{"floor":12,"key":"SmokeBomb"},{"floor":12,"key":"Explosive Potion"},{"floor":13,"key":"GamblersBrew"},{"floor":18,"key":"Explosive Potion"}],"is_trial":false,"path_per_floor":["M","$","M","?","M","E","R","M","T","?","M","?","M","$","R","B",null,"M","M"],"character_chosen":"IRONCLAD","items_purchased":["OrangePellets"],"campfire_rested":1,"item_purchase_floors":[14],"current_hp_per_floor":[80,80,80,80,80,41,41,23,23,43,27,27,26,26,50,33,83,83,37],"gold":230,"neow_bonus":"THREE_ENEMY_KILL","is_prod":false,"is_daily":false,"chose_seed":false,"campfire_upgraded":1,"win_rate":0,"timestamp":1562770875,"path_taken":["M","$","M","?","?","E","R","M","T","?","M","?","M","$","R","BOSS","M","M"],"build_version":"2019-07-05","purchased_purges":2,"victory":false,"max_hp_per_floor":[80,80,80,80,80,80,80,80,80,80,80,80,80,80,80,83,83,83,83],"card_choices":[{"not_picked":["Dual Wield","Iron Wave","Wild Strike"],"picked":"SKIP","floor":1},{"not_picked":["Thunderclap","Havoc","Pommel Strike"],"picked":"SKIP","floor":3},{"not_picked":["Clash","Second Wind"],"picked":"True Grit","floor":5},{"not_picked":["Anger","Combust","Warcry"],"picked":"SKIP","floor":6},{"not_picked":["Twin Strike","Blood for Blood"],"picked":"Evolve","floor":8},{"not_picked":["Clothesline","Headbutt"],"picked":"Ghostly Armor","floor":11},{"not_picked":["Clash","Rampage"],"picked":"Feed","floor":13},{"not_picked":["Demon Form","Berserk"],"picked":"Fiend Fire","floor":16},{"not_picked":["Ghostly Armor","Havoc","Heavy Blade"],"picked":"SKIP","floor":18}],"player_experience":57988,"relics_obtained":[{"floor":6,"key":"Sundial"},{"floor":9,"key":"Matryoshka"}],"event_choices":[{"damage_healed":0,"gold_gain":275,"player_choice":"Desecrate","damage_taken":0,"max_hp_gain":0,"max_hp_loss":0,"event_name":"Golden Shrine","floor":4,"gold_loss":0,"cards_obtained":["Regret"]},{"damage_healed":20,"gold_gain":0,"player_choice":"Healed and dodged fight","damage_taken":0,"max_hp_gain":0,"max_hp_loss":0,"event_name":"Mushrooms","floor":10,"gold_loss":0,"cards_obtained":["Parasite"]},{"damage_healed":0,"gold_gain":0,"player_choice":"Got Potions","damage_taken":0,"max_hp_gain":0,"max_hp_loss":0,"event_name":"Lab","floor":12,"gold_loss":0}],"is_beta":false,"boss_relics":[{"not_picked":["Lizard Tail","Velvet Choker"],"picked":"Pandora\u0027s Box"}],"items_purged_floors":[2,14],"is_endless":false,"potions_floor_spawned":[1,8,13,18],"killed_by":"Spheric Guardian","ascension_level":0}