{"path_per_floor":["M","M","?","M","?","R","E","?","T","$","M","R","M","M","R","B",null,"M","$","?","M","T"],"character_chosen":"IRONCLAD","items_purchased":["Gremlin Horn","Whirlwind"],"gold_per_floor":[116,136,136,149,324,324,354,354,354,34,51,51,69,87,87,192,192,207,28,28,46,71,71],"floor_reached":23,"campfire_rested":3,"playtime":889,"current_hp_per_floor":[41,41,34,39,39,67,50,31,31,31,28,56,42,44,72,87,94,96,96,96,91,98,0],"items_purged":["Doubt","Strike_R"],"gold":71,"score":273,"play_id":"d16d3dae-c252-4f5b-bc97-252248fe5f2f","local_time":"20180429165303","is_prod":false,"is_daily":false,"chose_seed":false,"is_ascension_mode":true,"campfire_upgraded":0,"timestamp":1525009983,"path_taken":["M","M","?","?","?","R","E","?","T","$","M","R","?","M","R","BOSS","M","?","?","M","?","E"],"build_version":"2018-04-28v2","seed_source_timestamp":275563933700137,"purchased_purges":2,"victory":false,"master_deck":["Strike_R","Strike_R","Strike_R+1","Strike_R","Defend_R+1","Defend_R","Defend_R","Bash","Armaments","Flex","Shockwave","Shrug It Off","Cleave","Pommel Strike","Combust","Bludgeon","Whirlwind","Shockwave"],"max_hp_per_floor":[96,96,96,96,96,96,96,96,96,96,96,96,96,96,96,96,96,96,96,96,96,103,103],"relics":["Burning Blood","Pantograph","Centennial Puzzle","Gremlin Horn","Runic Cube","Strawberry"],"card_choices":[{"not_picked":["Anger","Reckless Charge"],"picked":"Armaments","floor":1},{"not_picked":["Blood for Blood","Warcry"],"picked":"Flex","floor":2},{"not_picked":["Body Slam","Havoc"],"picked":"Shockwave","floor":4},{"not_picked":["Uppercut","Pommel Strike"],"picked":"Shrug It Off","floor":7},{"not_picked":["Shrug It Off","Brutality"],"picked":"Cleave","floor":11},{"not_picked":["Anger","Sword Boomerang"],"picked":"Pommel Strike","floor":13},{"not_picked":["Entrench","Cleave"],"picked":"Combust","floor":14},{"not_picked":["Brutality","Feed"],"picked":"Bludgeon","floor":16}],"player_experience":224725,"potions_floor_usage":[7,7,16,21,21,23],"damage_taken":[{"damage":9,"enemies":"Jaw Worm","floor":1,"turns":4},{"damage":6,"enemies":"2 Louse","floor":2,"turns":3},{"damage":1,"enemies":"Cultist","floor":4,"turns":3},{"damage":23,"enemies":"Gremlin Nob","floor":7,"turns":4},{"damage":9,"enemies":"Red Slaver","floor":11,"turns":3},{"damage":20,"enemies":"Large Slime","floor":13,"turns":6},{"damage":4,"enemies":"Exordium Wildlife","floor":14,"turns":2},{"damage":15,"enemies":"Slime Boss","floor":16,"turns":8},{"damage":4,"enemies":"Chosen","floor":18,"turns":4},{"damage":11,"enemies":"Shell Parasite","floor":21,"turns":3},{"damage":100,"enemies":"Book of Stabbing","floor":23,"turns":8}],"event_choices":[{"event_name":"Golden Wing","player_choice":"Card Removal","floor":3,"damage_taken":0},{"event_name":"Liars Game","player_choice":"agreed","floor":5,"damage_taken":0},{"event_name":"Shining Light","player_choice":"Entered Light","floor":8,"damage_taken":0},{"event_name":"Duplicator","player_choice":"One dupe","floor":20,"damage_taken":0}],"boss_relics":[{"not_picked":["Black Star","Runic Dome"],"picked":"Runic Cube"}],"potions_floor_spawned":[2,4,11,14,16,18],"seed_played":"1756376557778469458","killed_by":"Book of Stabbing","ascension_level":6,"is_trial":false}