{"gold_per_floor":[117,133,148,167,12,40,40,72,72,72,147,159,171,171,171,171],"floor_reached":16,"playtime":630,"items_purged":[],"score":140,"play_id":"346e53e3-a9b9-4d5b-b0b6-faa763e4ded6","local_time":"20190331201720","is_ascension_mode":true,"campfire_choices":[{"floor":7,"key":"REST"},{"floor":10,"key":"REST"},{"floor":15,"key":"REST"}],"neow_cost":"TEN_PERCENT_HP_LOSS","seed_source_timestamp":34686119308700,"circlet_count":0,"master_deck":["Strike_B","Strike_B","Strike_B","Defend_B","Defend_B","Defend_B","Defend_B","Zap","Dualcast","Finesse","Secret Technique","Cold Snap","Glacier","Coolheaded","Conserve Battery","Go for the Eyes","White Noise","Melter","FTL"],"relics":["Cracked Core","Omamori","Lantern","Pen Nib"],"potions_floor_usage":[12,12,13],"damage_taken":[{"damage":10,"enemies":"Small Slimes","floor":1,"turns":2},{"damage":5,"enemies":"2 Louse","floor":2,"turns":3},{"damage":0,"enemies":"Cultist","floor":3,"turns":3},{"damage":9,"enemies":"Blue Slaver","floor":4,"turns":3},{"damage":26,"enemies":"Lagavulin","floor":6,"turns":11},{"damage":25,"enemies":"3 Sentries","floor":8,"turns":8},{"damage":0,"enemies":"Exordium Thugs","floor":12,"turns":5},{"damage":7,"enemies":"Gremlin Gang","floor":13,"turns":5},{"damage":50,"enemies":"Slime Boss","floor":16,"turns":13}],"seed_played":"-8028701865398170394","potions_obtained":[{"floor":1,"key":"Dexterity Potion"},{"floor":4,"key":"Weak Potion"},{"floor":8,"key":"Fruit Juice"}],"is_trial":false,"path_per_floor":["M","M","M","M","$","E","R","E","T","R","?","M","M","?","R","B"],"character_chosen":"DEFECT","items_purchased":["Omamori"],"campfire_rested":3,"item_purchase_floors":[5],"current_hp_per_floor":[58,53,53,44,44,18,38,13,13,33,22,27,20,20,41,0],"gold":171,"neow_bonus":"RANDOM_COLORLESS_2","is_prod":false,"is_daily":false,"chose_seed":false,"campfire_upgraded":0,"win_rate":0,"timestamp":1554052640,"path_taken":["M","M","M","M","$","E","R","E","T","R","?","M","M","?","R","BOSS"],"build_version":"2019-01-23","purchased_purges":0,"victory":false,"max_hp_per_floor":[68,68,68,68,68,68,68,68,68,68,68,73,73,73,73,73],"card_choices":[{"not_picked":["Hologram","Go for the Eyes"],"picked":"Cold Snap","floor":1},{"not_picked":["Beam Cell","Steam"],"picked":"Glacier","floor":2},{"not_picked":["Hello World","Chaos"],"picked":"Coolheaded","floor":3},{"not_picked":["Streamline","Hologram"],"picked":"Conserve Battery","floor":4},{"not_picked":["Buffer","Hologram"],"picked":"Go for the Eyes","floor":6},{"not_picked":["Lockon","Stack"],"picked":"White Noise","floor":8},{"not_picked":["Conserve Battery","Thunder Strike"],"picked":"Melter","floor":12},{"not_picked":["Stack","Streamline"],"picked":"FTL","floor":13}],"player_experience":510194,"relics_obtained":[{"floor":6,"key":"Lantern"},{"floor":8,"key":"Pen Nib"}],"event_choices":[{"damage_healed":0,"gold_gain":75,"player_choice":"Gather Gold","damage_taken":11,"max_hp_gain":0,"max_hp_loss":0,"event_name":"World of Goop","floor":11,"gold_loss":0},{"cards_removed":["Strike_B"],"damage_healed":0,"gold_gain":0,"player_choice":"Purged","damage_taken":0,"max_hp_gain":0,"max_hp_loss":0,"event_name":"Purifier","floor":14,"gold_loss":0}],"is_beta":false,"boss_relics":[],"items_purged_floors":[],"is_endless":false,"potions_floor_spawned":[1,4,8],"killed_by":"Slime Boss","ascension_level":5}