{"gold_per_floor":[110,122,122,122,87,114,131,165,219,219,219,236,296,18,18,95,95,107,107,125,125,125,160,175,175,201,201,212,212,230,250,250,250],"floor_reached":33,"playtime":897,"items_purged":["Regret"],"score":543,"play_id":"fad5a3a0-324b-42d5-aebd-641f9aad2d92","local_time":"20190624183255","is_ascension_mode":true,"campfire_choices":[{"floor":10,"key":"RECALL"},{"floor":15,"key":"REST"},{"floor":25,"key":"REST"},{"floor":27,"key":"REST"},{"data":"Bludgeon","floor":29,"key":"SMITH"},{"data":"Rampage","floor":32,"key":"SMITH"}],"neow_cost":"NONE","seed_source_timestamp":36904651740800,"circlet_count":0,"master_deck":["AscendersBane","Strike_R","Strike_R","Strike_R","Strike_R","Strike_R+1","Defend_R+1","Defend_R+1","Defend_R+1","Defend_R","Bash","Uppercut","Shrug It Off","Rampage+1","Ghostly Armor","Fiend Fire","Cleave","Bludgeon+1","Metallicize","Pummel","Intimidate","Spot Weakness","Twin Strike"],"relics":["Burning Blood","NeowsBlessing","Bottled Lightning","Potion Belt","Pen Nib","Ornamental Fan","Tiny Chest","Omamori","Cursed Key","MutagenicStrength","The Courier","War Paint"],"potions_floor_usage":[7,8,13,16,23,23,31],"damage_taken":[{"damage":0,"enemies":"Jaw Worm","floor":1,"turns":1},{"damage":0,"enemies":"Small Slimes","floor":2,"turns":2},{"damage":0,"enemies":"Lagavulin","floor":6,"turns":1},{"damage":0,"enemies":"2 Louse","floor":7,"turns":2},{"damage":26,"enemies":"Gremlin Nob","floor":8,"turns":4},{"damage":7,"enemies":"Blue Slaver","floor":12,"turns":5},{"damage":27,"enemies":"Lagavulin","floor":13,"turns":5},{"damage":22,"enemies":"Slime Boss","floor":16,"turns":7},{"damage":16,"enemies":"Chosen","floor":18,"turns":4},{"damage":5,"enemies":"Shell Parasite","floor":20,"turns":2},{"damage":42,"enemies":"Gremlin Leader","floor":23,"turns":5},{"damage":5,"enemies":"Centurion and Healer","floor":24,"turns":5},{"damage":15,"enemies":"Snake Plant","floor":28,"turns":4},{"damage":7,"enemies":"Cultist and Chosen","floor":30,"turns":5},{"damage":0,"enemies":"Snecko","floor":31,"turns":3},{"damage":64,"enemies":"Champ","floor":33,"turns":10}],"seed_played":"6076115606124695297","potions_obtained":[{"floor":1,"key":"Energy Potion"},{"floor":7,"key":"SteroidPotion"},{"floor":12,"key":"Strength Potion"},{"floor":18,"key":"SpeedPotion"},{"floor":20,"key":"SpeedPotion"},{"floor":28,"key":"Weak Potion"}],"is_trial":false,"path_per_floor":["M","M","?","$","?","E","M","E","T","R","?","M","E","$","R","B",null,"M","?","M","?","T","E","M","R","T","R","M","R","M","M","R","B"],"character_chosen":"IRONCLAD","items_purchased":["Omamori","Poison Potion"],"campfire_rested":3,"item_purchase_floors":[14,14],"current_hp_per_floor":[74,75,52,52,70,75,75,55,55,55,55,54,33,33,55,39,66,56,56,57,57,57,21,22,44,44,66,57,57,56,62,62,0],"gold":250,"neow_bonus":"THREE_ENEMY_KILL","is_prod":false,"is_daily":false,"chose_seed":false,"campfire_upgraded":2,"win_rate":0,"timestamp":1561390375,"path_taken":["M","M","?","$","?","E","M","E","T","R","?","M","E","$","R","BOSS","M","?","M","?","?","E","M","R","T","R","M","R","M","?","R","BOSS"],"build_version":"2019-01-23","purchased_purges":1,"victory":false,"max_hp_per_floor":[75,75,75,75,75,75,75,75,75,75,75,75,75,75,75,75,75,75,75,75,75,75,75,75,75,75,75,75,75,75,75,75,75],"card_choices":[{"not_picked":["Ghostly Armor","Heavy Blade"],"picked":"Uppercut","floor":1},{"not_picked":["Heavy Blade","Clothesline"],"picked":"Shrug It Off","floor":2},{"not_picked":["Headbutt","Sword Boomerang"],"picked":"Rampage","floor":6},{"not_picked":["Clash","Evolve","Heavy Blade"],"picked":"SKIP","floor":7},{"not_picked":["Warcry","Clash"],"picked":"Ghostly Armor","floor":8},{"not_picked":["Rage","Rupture"],"picked":"Fiend Fire","floor":12},{"not_picked":["Anger","Power Through"],"picked":"Cleave","floor":13},{"not_picked":["Brutality","Exhume"],"picked":"Bludgeon","floor":16},{"not_picked":["Body Slam","Havoc"],"picked":"Metallicize","floor":18},{"not_picked":["Evolve","Clash","Heavy Blade"],"picked":"SKIP","floor":20},{"not_picked":["Limit Break","Armaments"],"picked":"Pummel","floor":23},{"not_picked":["Cleave","Sword Boomerang"],"picked":"Intimidate","floor":24},{"not_picked":["Perfected Strike","Havoc"],"picked":"Spot Weakness","floor":28},{"not_picked":["Combust","Iron Wave+1"],"picked":"Twin Strike","floor":30},{"not_picked":["Power Through","Clothesline","Anger+1"],"picked":"SKIP","floor":31}],"player_experience":624302,"relics_obtained":[{"floor":6,"key":"Bottled Lightning"},{"floor":8,"key":"Potion Belt"},{"floor":9,"key":"Pen Nib"},{"floor":13,"key":"Tiny Chest"},{"floor":23,"key":"The Courier"},{"floor":26,"key":"War Paint"}],"event_choices":[{"damage_healed":0,"gold_gain":0,"player_choice":"Entered Light","damage_taken":23,"max_hp_gain":0,"max_hp_loss":0,"event_name":"Shining Light","floor":3,"gold_loss":0,"cards_upgraded":["Defend_R","Strike_R"]},{"damage_healed":18,"gold_gain":0,"player_choice":"Healed","damage_taken":0,"max_hp_gain":0,"max_hp_loss":0,"event_name":"The Cleric","floor":5,"gold_loss":35},{"damage_healed":0,"gold_gain":0,"player_choice":"Box","damage_taken":0,"relics_obtained":["Ornamental Fan"],"max_hp_gain":0,"max_hp_loss":0,"event_name":"Big Fish","floor":11,"gold_loss":0,"cards_obtained":["Regret"]},{"damage_healed":0,"gold_gain":0,"player_choice":"Ignored","damage_taken":0,"max_hp_gain":0,"max_hp_loss":0,"event_name":"Ghosts","floor":19,"gold_loss":0},{"damage_healed":0,"gold_gain":0,"player_choice":"Inject Mutagens","damage_taken":0,"relics_obtained":["MutagenicStrength"],"max_hp_gain":0,"max_hp_loss":0,"event_name":"Drug Dealer","floor":21,"gold_loss":0}],"is_beta":false,"boss_relics":[{"not_picked":["Black Blood","Busted Crown"],"picked":"Cursed Key"}],"items_purged_floors":[14],"is_endless":false,"potions_floor_spawned":[1,7,12,18,20,28],"killed_by":"Champ","ascension_level":15}