{"path_per_floor":["M","?","?","?","?","E","R","M","T","R","M","?","?","?","R","B",null,"M","$","M","?","?","R","M","R","T","R","?","M","E","$","R"],"character_chosen":"IRONCLAD","items_purchased":["Letter Opener","Metallicize","Disarm"],"gold_per_floor":[119,194,194,194,194,222,222,239,239,239,254,277,277,277,277,396,396,414,79,104,104,104,104,125,125,148,148,63,79,114,0,0,0],"floor_reached":33,"campfire_rested":2,"playtime":778,"current_hp_per_floor":[78,67,67,67,67,73,73,79,79,79,80,67,47,47,47,36,69,73,73,66,66,66,66,29,53,53,53,53,38,25,25,49,0],"items_purged":["Decay"],"gold":0,"score":369,"play_id":"8773a9ee-0314-4933-8b9f-3b87fb8e5a14","local_time":"20180506214931","is_prod":false,"is_daily":false,"chose_seed":false,"is_ascension_mode":true,"campfire_upgraded":2,"timestamp":1525632571,"path_taken":["M","?","?","?","?","E","R","M","T","R","?","?","?","?","R","BOSS","M","$","M","?","?","R","M","R","T","R","?","M","E","?","R","BOSS"],"build_version":"2018-05-03","seed_source_timestamp":202990108755424,"purchased_purges":1,"victory":false,"master_deck":["Strike_R+1","Strike_R+1","Strike_R+1","Strike_R+1","Strike_R+1","Defend_R+1","Defend_R+1","Defend_R+1","Bash","Flex","Shrug It Off","Seeing Red+1","Pommel Strike+1","Juggernaut","Combust+1","Flex+1","Writhe","Disarm","Metallicize","Disarm"],"max_hp_per_floor":[80,80,80,80,80,80,80,80,80,80,80,80,80,80,80,80,80,80,80,80,80,80,80,80,80,80,80,80,80,80,80,80,80],"relics":["Burning Blood","NeowsBlessing","Girya","Ginger","Odd Mushroom","Golden Idol","Velvet Choker","Letter Opener","Calipers","Pen Nib","Molten Egg 2","Omamori"],"card_choices":[{"not_picked":["Body Slam","Clash"],"picked":"Flex","floor":1},{"not_picked":["Body Slam","Armaments"],"picked":"Shrug It Off","floor":6},{"not_picked":["Perfected Strike","Pommel Strike"],"picked":"Seeing Red","floor":8},{"not_picked":["True Grit","Heavy Blade"],"picked":"Pommel Strike","floor":11},{"not_picked":["Feed","Exhume"],"picked":"Juggernaut","floor":16},{"not_picked":["Havoc","Thunderclap"],"picked":"Combust","floor":18},{"not_picked":["Shrug It Off","Thunderclap"],"picked":"Flex","floor":20},{"not_picked":["Anger","Blood for Blood"],"picked":"Disarm","floor":29}],"player_experience":239107,"potions_floor_usage":[12,16,16,16,24,30,33],"damage_taken":[{"damage":0,"enemies":"Small Slimes","floor":1,"turns":1},{"damage":0,"enemies":"3 Sentries","floor":6,"turns":1},{"damage":0,"enemies":"Jaw Worm","floor":8,"turns":1},{"damage":0,"enemies":"Cultist","floor":11,"turns":3},{"damage":19,"enemies":"The Mushroom Lair","floor":12,"turns":3},{"damage":41,"enemies":"Slime Boss","floor":16,"turns":9},{"damage":2,"enemies":"Chosen","floor":18,"turns":3},{"damage":13,"enemies":"Spheric Guardian","floor":20,"turns":3},{"damage":43,"enemies":"Slaver and Parasite","floor":24,"turns":3},{"damage":21,"enemies":"3 Cultists","floor":29,"turns":4},{"damage":19,"enemies":"Book of Stabbing","floor":30,"turns":5},{"damage":63,"enemies":"Champ","floor":33,"turns":7}],"event_choices":[{"event_name":"World of Goop","player_choice":"Gather Gold","floor":2,"damage_taken":0},{"event_name":"The Lab","player_choice":"Got Potions","floor":3,"damage_taken":0},{"event_name":"Match and Keep!","player_choice":"0 cards matched","floor":4,"damage_taken":0},{"event_name":"Purifier","player_choice":"One Purge","floor":5,"damage_taken":0},{"event_name":"Mushrooms","player_choice":"Fought Mushrooms","floor":12,"damage_taken":0},{"event_name":"Golden Idol","player_choice":"Take Damage","floor":13,"damage_taken":0},{"event_name":"Wheel of Change","player_choice":"Curse","floor":14,"damage_taken":0},{"event_name":"Back to Basics","player_choice":"Simplicity","floor":21,"damage_taken":0},{"event_name":"The Mausoleum","player_choice":"Yes","floor":22,"damage_taken":0},{"event_name":"Addict","player_choice":"Obtained Relic","floor":28,"damage_taken":0}],"boss_relics":[{"not_picked":["Eternal Feather","Runic Cube"],"picked":"Velvet Choker"}],"potions_floor_spawned":[12,16,29,30],"seed_played":"4873578164282490635","killed_by":"Champ","ascension_level":6,"is_trial":false}