{"path_per_floor":["?","?","?","?","?","?","?","?","?","?","?","?","?"],"character_chosen":"THE_SILENT","items_purchased":[],"gold_per_floor":[114,129,144,159,174,174,204,229,254,269,269,299,314],"floor_reached":14,"campfire_rested":0,"playtime":1799,"current_hp_per_floor":[79,70,62,54,49,49,25,25,25,21,21,5,5],"items_purged":[],"gold":314,"score":104,"play_id":"8ece7627-861d-4c6e-9131-aa86b4575693","local_time":"20180306195547","daily_mods":[{"name":"Heirloom","description":"Start with 1 Rare relic.","modID":"Heirloom","img":{"data":{"file":{"file":{"path":"images\\ui\\run_mods\\heirloom.png"},"type":"Internal"},"width":64,"height":64,"format":"RGBA8888","useMipMaps":false,"isPrepared":false},"glTarget":3553,"glHandle":683,"minFilter":"Linear","magFilter":"Linear","uWrap":"ClampToEdge","vWrap":"ClampToEdge"},"positive":true},{"name":"Lethal Enemies","description":"All enemies start with +3 Strength.","modID":"Lethal Enemies","img":{"data":{"file":{"file":{"path":"images\\ui\\run_mods\\lethal_enemies.png"},"type":"Internal"},"width":64,"height":64,"format":"RGBA8888","useMipMaps":false,"isPrepared":false},"glTarget":3553,"glHandle":675,"minFilter":"Linear","magFilter":"Linear","uWrap":"ClampToEdge","vWrap":"ClampToEdge"},"positive":false},{"name":"Cursed Run","description":"Whenever you defeat a Boss, become Cursed.","modID":"Cursed Run","img":{"data":{"file":{"file":{"path":"images\\ui\\run_mods\\cursed_run.png"},"type":"Internal"},"width":64,"height":64,"format":"RGBA8888","useMipMaps":false,"isPrepared":false},"glTarget":3553,"glHandle":673,"minFilter":"Linear","magFilter":"Linear","uWrap":"ClampToEdge","vWrap":"ClampToEdge"},"positive":false},{"name":"Uncertain Future","description":"The map shows only ?.","modID":"Uncertain Future","img":{"data":{"file":{"file":{"path":"images\\ui\\run_mods\\uncertain_future.png"},"type":"Internal"},"width":64,"height":64,"format":"RGBA8888","useMipMaps":false,"isPrepared":false},"glTarget":3553,"glHandle":679,"minFilter":"Linear","magFilter":"Linear","uWrap":"ClampToEdge","vWrap":"ClampToEdge"},"positive":false}],"is_prod":false,"is_daily":true,"is_ascension_mode":false,"campfire_upgraded":1,"timestamp":1520358947,"path_taken":["?","?","?","?","?","?","?","?","?","?","?","?","?","?"],"build_version":"2018-03-01-PROD1","purchased_purges":0,"victory":false,"master_deck":["Defend_G","Defend_G","Defend_G","Defend_G","Defend_G","Strike_G","Strike_G","Strike_G","Strike_G","Strike_G","Survivor","Neutralize","Cloak And Dagger","Dagger Spray","Endless Agony","Distraction+1","Blur","Outmaneuver","Wraith Form","Footwork","Cloak And Dagger"],"max_hp_per_floor":[84,84,84,84,84,84,84,84,84,84,84,84,84],"relics":["Ring of the Snake","Mango","Bottled Lightning","Pen Nib","Orichalcum","Ornamental Fan"],"card_choices":[{"not_picked":["Reflex","Flechettes"],"picked":"Cloak And Dagger"},{"not_picked":["Accuracy","Skewer"],"picked":"Dagger Spray"},{"not_picked":["Well Laid Plans","Accuracy"],"picked":"Endless Agony"},{"not_picked":["Slice","Deflect"],"picked":"Distraction"},{"not_picked":["PiercingWail","Slice"],"picked":"Blur"},{"not_picked":["Malaise","Backflip"],"picked":"Outmaneuver"},{"not_picked":["Finisher","Skewer"],"picked":"Wraith Form"},{"not_picked":["Noxious Fumes","Dagger Spray"],"picked":"Footwork"},{"not_picked":["Sucker Punch","Bane"],"picked":"Cloak And Dagger"}],"player_experience":3726,"potions_floor_usage":[7,7,12],"damage_taken":[{"damage":5,"enemies":"Cultist","floor":1,"turns":6},{"damage":9,"enemies":"Small Slimes","floor":2,"turns":6},{"damage":8,"enemies":"2 Louse","floor":3,"turns":2},{"damage":8,"enemies":"2 Fungi Beasts","floor":4,"turns":3},{"damage":5,"enemies":"Blue Slaver","floor":5,"turns":5},{"damage":24,"enemies":"Gremlin Nob","floor":7,"turns":5},{"damage":4,"enemies":"Exordium Thugs","floor":10,"turns":7},{"damage":16,"enemies":"3 Sentries","floor":12,"turns":5},{"damage":0,"enemies":"2 Fungi Beasts","floor":13,"turns":4},{"damage":5,"enemies":"Gremlin Gang","floor":14,"turns":1}],"event_choices":[{"event_name":"Liars Game","player_choice":"disagreed","floor":11,"damage_taken":0}],"boss_relics":[],"potions_floor_spawned":[1,2,10],"seed_played":"-348954196553452531","killed_by":"Gremlin Gang","ascension_level":0,"is_trial":false}