{"path_per_floor":["M","$","?","$","M","E","R","M","T","?","M","?","R","M","R","B",null,"M","?","?","?","M","R","M","R","T","E","M","E","T","M","R","B",null,"M","?","$","?","M","E","R","M","T","$","R","M","?","M","R"],"character_chosen":"IRONCLAD","items_purchased":["Calipers","Self Forming Clay","Blood Vial","Red Skull"],"gold_per_floor":[111,111,111,111,123,148,148,159,159,159,174,174,174,192,192,315,315,338,338,338,338,354,354,375,375,375,409,429,472,472,495,495,625,625,648,981,198,198,214,246,246,260,309,17,17,31,31,44,44],"floor_reached":50,"campfire_rested":2,"playtime":4230,"current_hp_per_floor":[80,80,80,80,80,80,80,80,80,80,80,60,60,65,65,46,80,80,80,80,56,56,56,48,48,48,31,56,56,56,48,48,19,56,56,56,56,49,56,14,30,41,41,41,41,21,21,24,40],"items_purged":["Normality"],"gold":44,"score":686,"play_id":"1520b374-5694-4ad3-8b94-1918f2bbdd75","local_time":"20180311232919","is_prod":false,"is_daily":false,"is_ascension_mode":false,"campfire_upgraded":7,"timestamp":1520803759,"path_taken":["M","$","?","$","?","E","R","M","T","?","?","?","R","M","R","BOSS","M","?","?","?","M","R","?","R","T","E","M","E","?","?","R","BOSS","M","?","$","?","M","E","R","M","T","$","R","?","?","M","R","BOSS"],"build_version":"2018-03-09","purchased_purges":1,"victory":false,"master_deck":["Defend_R+1","Defend_R","Defend_R+1","Defend_R","Bash","Shrug It Off+1","Metallicize+1","Shrug It Off+1","Blood for Blood+1","Inflame","Fiend Fire+1","Blood for Blood+1","Metallicize+1","Bite","Bite","Bite","Bite","Bite","Uppercut+1","Flex","Sword Boomerang+1","Iron Wave+1","Whirlwind","Headbutt","Juggernaut","Regret","Cleave+1","Madness","Madness","Carnage","Dropkick+1","Sword Boomerang","Seeing Red+1","Body Slam","Thunderclap","Intimidate+1","Ghostly Armor+1"],"max_hp_per_floor":[80,80,80,80,80,80,80,80,80,80,80,80,80,80,80,80,80,80,80,80,56,56,56,56,56,56,56,56,56,56,56,56,56,56,56,56,56,56,56,56,56,56,56,56,56,56,56,56,56],"relics":["Burning Blood","NeowsBlessing","Matryoshka","Bird Faced Urn","Anchor","Black Star","Mummified Hand","Magic Flower","Prayer Wheel","Happy Flower","Oddly Smooth Stone","Omamori","War Paint","Frozen Eye","Calling Bell","Unceasing Top","Orichalcum","Pen Nib","Calipers","Self Forming Clay","Blood Vial","Lantern","Dream Catcher","Vajra","Red Skull"],"card_choices":[{"not_picked":["Body Slam","Thunderclap"],"picked":"Shrug It Off"},{"not_picked":["Sword Boomerang","Second Wind"],"picked":"Metallicize"},{"not_picked":["True Grit","Spot Weakness"],"picked":"Shrug It Off"},{"not_picked":["Blood for Blood","Shrug It Off"],"picked":"Ghostly Armor"},{"not_picked":["Thunderclap","Sever Soul"],"picked":"Blood for Blood"},{"not_picked":["Combust","True Grit"],"picked":"Inflame"},{"not_picked":["Brutality","Dark Embrace"],"picked":"Fiend Fire"},{"not_picked":["Seeing Red","Sword Boomerang"],"picked":"Blood for Blood"},{"not_picked":["Bloodletting","Combust"],"picked":"Uppercut"},{"not_picked":["Combust","Hemokinesis"],"picked":"Flex"},{"not_picked":["Burning Pact","Inflame"],"picked":"Sword Boomerang"},{"not_picked":["True Grit","Wild Strike"],"picked":"Iron Wave"},{"not_picked":["Wild Strike","Battle Trance"],"picked":"Whirlwind"},{"not_picked":["Clash","Bloodletting"],"picked":"Headbutt"},{"not_picked":["Perfected Strike","Shrug It Off"],"picked":"Clothesline"},{"not_picked":["Bludgeon","Double Tap"],"picked":"Juggernaut"},{"not_picked":["Thunderclap","Dropkick"],"picked":"Cleave"},{"not_picked":["Rupture","Wild Strike"],"picked":"Carnage"},{"not_picked":["Shrug It Off","Heavy Blade"],"picked":"Dropkick"},{"not_picked":["Iron Wave","Headbutt"],"picked":"Sword Boomerang"},{"not_picked":["Blood for Blood","Shrug It Off"],"picked":"Seeing Red"},{"not_picked":["Twin Strike","Thunderclap"],"picked":"Body Slam"},{"not_picked":["Perfected Strike","Sever Soul"],"picked":"Thunderclap"},{"not_picked":["Rage","True Grit"],"picked":"Intimidate"},{"not_picked":["Body Slam","Shrug It Off"],"picked":"Ghostly Armor"}],"player_experience":71860,"potions_floor_usage":[],"damage_taken":[{"damage":0.0,"enemies":"Small Slimes","floor":1.0,"turns":1.0},{"damage":0.0,"enemies":"2 Louse","floor":5.0,"turns":1.0},{"damage":0.0,"enemies":"Gremlin Nob","floor":6.0,"turns":1.0},{"damage":2.0,"enemies":"Jaw Worm","floor":8.0,"turns":4.0},{"damage":1.0,"enemies":"Lots of Slimes","floor":11.0,"turns":7.0},{"damage":3.0,"enemies":"Blue Slaver","floor":14.0,"turns":5.0},{"damage":29.0,"enemies":"Hexaghost","floor":16.0,"turns":12.0},{"damage":5.0,"enemies":"Shell Parasite","floor":18.0,"turns":6.0},{"damage":13.0,"enemies":"3 Byrds","floor":22.0,"turns":7.0},{"damage":18.0,"enemies":"Snake Plant","floor":24.0,"turns":6.0},{"damage":48.0,"enemies":"Gremlin Leader","floor":27.0,"turns":9.0},{"damage":0.0,"enemies":"Chosen and Byrds","floor":28.0,"turns":8.0},{"damage":51.0,"enemies":"Slavers","floor":29.0,"turns":8.0},{"damage":20.0,"enemies":"Cultist and Chosen","floor":31.0,"turns":7.0},{"damage":62.0,"enemies":"Champ","floor":33.0,"turns":18.0},{"damage":1.0,"enemies":"Orb Walker","floor":35.0,"turns":3.0},{"damage":15.0,"enemies":"3 Darklings","floor":39.0,"turns":5.0},{"damage":62.0,"enemies":"Giant Head","floor":40.0,"turns":11.0},{"damage":31.0,"enemies":"Maw","floor":42.0,"turns":9.0},{"damage":47.0,"enemies":"4 Shapes","floor":46.0,"turns":4.0},{"damage":21.0,"enemies":"3 Darklings","floor":48.0,"turns":4.0},{"damage":73,"enemies":"Awakened One","floor":50,"turns":9}],"event_choices":[{"event_name":"Living Wall","player_choice":"Grow","floor":3.0,"damage_taken":0.0},{"event_name":"Bonfire Elementals","player_choice":"UNCOMMON","floor":10.0,"damage_taken":0.0},{"event_name":"Golden Idol","player_choice":"Take Damage","floor":12.0,"damage_taken":0.0},{"event_name":"Accursed Blacksmith","player_choice":"Rummage","floor":19.0,"damage_taken":0.0},{"event_name":"Duplicator","player_choice":"One dupe","floor":20.0,"damage_taken":0.0},{"event_name":"Vampires","player_choice":"Became a vampire","floor":21.0,"damage_taken":0.0},{"event_name":"The Moai Head","player_choice":"Gave Idol","floor":36.0,"damage_taken":0.0},{"event_name":"Winding Halls","player_choice":"Embrace Madness","floor":38.0,"damage_taken":0.0}],"boss_relics":[],"potions_floor_spawned":[5,8,14,16,24,27,28,31,35,39,40],"seed_played":"-5465972297151134711","killed_by":"Awakened One","ascension_level":0,"is_trial":false}