{"path_per_floor":["M","M","?","M","?","E","R","$","T","E","R","E","?","M","R"],"character_chosen":"DEFECT","items_purchased":["Ball Lightning"],"gold_per_floor":[111,123,198,210,210,238,238,137,137,169,169,203,203,217,217,217],"floor_reached":16,"campfire_rested":2,"playtime":664,"item_purchase_floors":[8],"current_hp_per_floor":[75,69,58,57,50,42,42,42,42,21,43,40,40,26,48,0],"items_purged":["Strike_B"],"gold":217,"score":130,"play_id":"0f716694-b5ba-4fff-be12-478ae0ba5fd5","local_time":"20180620083954","is_prod":false,"is_daily":false,"chose_seed":false,"is_ascension_mode":true,"campfire_upgraded":1,"win_rate":0,"timestamp":1529473194,"campfire_choices":[{"data":"Loop","floor":7,"key":"SMITH"},{"floor":11,"key":"REST"},{"floor":15,"key":"REST"}],"path_taken":["M","M","?","M","?","E","R","?","T","E","R","E","?","?","R","BOSS"],"build_version":"2018-06-14v2","seed_source_timestamp":437596032878518,"purchased_purges":1,"victory":false,"master_deck":["Strike_B","Strike_B","Strike_B","Defend_B","Defend_B","Defend_B","Defend_B","Zap","Dualcast","Defragment","Loop+1","Sweeping Beam","Ball Lightning","Creative AI","Regret","Defragment","Ball Lightning"],"max_hp_per_floor":[75,75,75,75,75,75,75,75,75,75,75,75,75,75,75,75],"relics":["Cracked Core","Boot","Prayer Wheel","Cables","Matryoshka","Calipers","Orichalcum","Bronze Scales"],"card_choices":[{"not_picked":["Barrage","Recycle"],"picked":"Defragment","floor":1},{"not_picked":["Auto Shields","Rebound"],"picked":"Loop","floor":2},{"not_picked":["Chaos","Conserve Battery"],"picked":"Sweeping Beam","floor":4},{"not_picked":["Steam","Compile Driver","Redo"],"picked":"SKIP","floor":6},{"not_picked":["Reinforced Body","Genetic Algorithm"],"picked":"Creative AI","floor":10},{"not_picked":["Creative AI","Gash","Turbo"],"picked":"SKIP","floor":12},{"not_picked":["Beam Cell","Rebound"],"picked":"Defragment","floor":14},{"not_picked":["Turbo","Meteor Strike"],"picked":"Ball Lightning","floor":14}],"player_experience":278769,"potions_floor_usage":[6,6,6,6,10,12],"damage_taken":[{"damage":0,"enemies":"Small Slimes","floor":1,"turns":3},{"damage":6,"enemies":"2 Louse","floor":2,"turns":3},{"damage":1,"enemies":"Cultist","floor":4,"turns":3},{"damage":8,"enemies":"Gremlin Nob","floor":6,"turns":3},{"damage":21,"enemies":"Lagavulin","floor":10,"turns":4},{"damage":3,"enemies":"Gremlin Nob","floor":12,"turns":3},{"damage":14,"enemies":"Large Slime","floor":14,"turns":3},{"damage":49,"enemies":"The Guardian","floor":16,"turns":8}],"relics_obtained":[{"floor":6,"key":"Cables"},{"floor":9,"key":"Matryoshka"},{"floor":10,"key":"Calipers"},{"floor":12,"key":"Orichalcum"}],"event_choices":[{"event_name":"World of Goop","player_choice":"Gather Gold","floor":3,"damage_taken":0},{"event_name":"Scrap Ooze","player_choice":"success","floor":5,"damage_taken":7},{"event_name":"Big Fish","player_choice":"Box","floor":13,"damage_taken":0}],"boss_relics":[],"items_purged_floors":[8],"is_endless":false,"potions_floor_spawned":[1,2,10],"seed_played":"-6088334873529561412","killed_by":"The Guardian","ascension_level":2,"potions_obtained":[{"floor":1,"key":"Swift Potion"},{"floor":2,"key":"EntropicBrew"},{"floor":10,"key":"PowerPotion"}],"is_trial":false}