{"gold_per_floor":[13,13,188,263,188,188,215,235,235,28,53,67,83,102,102,102],"floor_reached":16,"playtime":551,"items_purged":["Doubt"],"score":171,"play_id":"b481f7ee-28ca-43f7-a46e-3da8251ece90","local_time":"20181024090103","is_ascension_mode":true,"campfire_choices":[{"floor":6,"key":"REST"},{"data":"Apotheosis","floor":15,"key":"SMITH"}],"neow_cost":"NO_GOLD","seed_source_timestamp":175556217401800,"circlet_count":0,"master_deck":["Strike_R","Strike_R","Strike_R+1","Strike_R","Strike_R+1","Defend_R","Defend_R","Defend_R","Defend_R","Bash","AscendersBane","Forethought","Apotheosis+1","Cleave","Flex","Whirlwind","Seeing Red"],"relics":["Burning Blood","Bottled Lightning","Singing Bowl","PreservedInsect","Kunai"],"potions_floor_usage":[8,11,16],"damage_taken":[{"damage":12,"enemies":"Jaw Worm","floor":1,"turns":3},{"damage":34,"enemies":"Gremlin Nob","floor":7,"turns":5},{"damage":0,"enemies":"Small Slimes","floor":8,"turns":3},{"damage":6,"enemies":"3 Sentries","floor":11,"turns":5},{"damage":6,"enemies":"Cultist","floor":12,"turns":3},{"damage":9,"enemies":"3 Louse","floor":13,"turns":4},{"damage":11,"enemies":"Blue Slaver","floor":14,"turns":3},{"damage":64,"enemies":"Slime Boss","floor":16,"turns":6}],"seed_played":"4643158023698900459","potions_obtained":[{"floor":7,"key":"AttackPotion"},{"floor":11,"key":"FairyPotion"},{"floor":13,"key":"BloodPotion"}],"is_trial":false,"path_per_floor":["M","?","?","?","$","R","E","M","T","$","E","M","M","M","R"],"character_chosen":"IRONCLAD","items_purchased":["PreservedInsect","Fire Potion"],"campfire_rested":1,"item_purchase_floors":[10,10],"current_hp_per_floor":[66,50,50,39,39,63,35,41,41,41,43,45,42,37,37,0],"gold":102,"neow_bonus":"RANDOM_COLORLESS_2","is_prod":false,"is_daily":false,"chose_seed":false,"campfire_upgraded":1,"win_rate":0,"timestamp":1540360863,"path_taken":["M","?","?","?","$","R","E","M","T","?","E","M","?","M","R","BOSS"],"build_version":"2018-10-18","purchased_purges":1,"victory":false,"max_hp_per_floor":[80,80,80,80,80,80,80,80,80,80,82,84,84,84,84,84],"card_choices":[{"not_picked":["Warcry","Thunderclap"],"picked":"Cleave","floor":1},{"not_picked":["Intimidate","Sword Boomerang"],"picked":"Flex","floor":7},{"not_picked":["Corruption","Sever Soul","Iron Wave"],"picked":"SKIP","floor":8},{"not_picked":["Body Slam","Barricade","Pommel Strike"],"picked":"Singing Bowl","floor":11},{"not_picked":["Twin Strike","Entrench","Feel No Pain"],"picked":"Singing Bowl","floor":12},{"not_picked":["Perfected Strike","Sever Soul"],"picked":"Whirlwind","floor":13},{"not_picked":["Pommel Strike","Spot Weakness"],"picked":"Seeing Red","floor":14}],"player_experience":448235,"relics_obtained":[{"floor":7,"key":"Bottled Lightning"},{"floor":9,"key":"Singing Bowl"},{"floor":11,"key":"Kunai"}],"event_choices":[{"damage_healed":0,"gold_gain":0,"player_choice":"Entered Light","damage_taken":16,"max_hp_gain":0,"max_hp_loss":0,"event_name":"Shining Light","floor":2,"gold_loss":0,"cards_upgraded":["Strike_R","Strike_R"]},{"damage_healed":0,"gold_gain":175,"player_choice":"AGREE","damage_taken":0,"max_hp_gain":0,"max_hp_loss":0,"event_name":"Liars Game","floor":3,"gold_loss":0,"cards_obtained":["Doubt"]},{"damage_healed":0,"gold_gain":75,"player_choice":"Gather Gold","damage_taken":11,"max_hp_gain":0,"max_hp_loss":0,"event_name":"World of Goop","floor":4,"gold_loss":0}],"is_beta":false,"boss_relics":[],"items_purged_floors":[5],"is_endless":false,"potions_floor_spawned":[7,11,13,14],"killed_by":"Slime Boss","ascension_level":11}