{"gold_per_floor":[109,59,78,78,3,30,30,48,48,67,79,91,91,110,110,211,211,225,225,248,173,188,215,215,228,228,128,128,146,174,187,187,187],"floor_reached":33,"playtime":1787,"items_purged":["Strike_B","Strike_B"],"score":364,"play_id":"e091a903-81b1-4b63-b16f-eab51bedb138","local_time":"20190718230101","is_ascension_mode":false,"campfire_choices":[{"data":"Electrodynamics","floor":7,"key":"SMITH"},{"data":"Zap","floor":13,"key":"SMITH"},{"data":"Hologram","floor":15,"key":"SMITH"},{"floor":24,"key":"RECALL"},{"data":"Reinforced Body","floor":32,"key":"SMITH"}],"neow_cost":"NONE","seed_source_timestamp":47380319783711,"circlet_count":0,"master_deck":["Strike_B","Defend_B","Defend_B","Defend_B","Defend_B","Zap+1","Dualcast","Reinforced Body+1","Chill","Core Surge","Electrodynamics+1","Compile Driver","Coolheaded","FTL","Hologram+1","Echo Form","Ghostly","Ghostly","Ghostly","Ghostly","Ghostly","BootSequence","Chill+1","Loop","Chaos+1","Skim"],"relics":["Cracked Core","Bird Faced Urn","Ornamental Fan","Coffee Dripper","Bottled Flame","Matryoshka","Mercury Hourglass"],"potions_floor_usage":[6,6,6,29,30],"damage_taken":[{"damage":7,"enemies":"2 Louse","floor":1,"turns":3},{"damage":2,"enemies":"Small Slimes","floor":3,"turns":4},{"damage":0,"enemies":"Gremlin Nob","floor":6,"turns":3},{"damage":0,"enemies":"Cultist","floor":8,"turns":3},{"damage":0,"enemies":"Gremlin Gang","floor":10,"turns":3},{"damage":2,"enemies":"Looter","floor":11,"turns":4},{"damage":3,"enemies":"Exordium Thugs","floor":12,"turns":4},{"damage":0,"enemies":"2 Fungi Beasts","floor":14,"turns":3},{"damage":8,"enemies":"The Guardian","floor":16,"turns":13},{"damage":3,"enemies":"Spheric Guardian","floor":18,"turns":5},{"damage":0,"enemies":"2 Thieves","floor":22,"turns":4},{"damage":0,"enemies":"Gremlin Leader","floor":23,"turns":8},{"damage":1,"enemies":"Snake Plant","floor":25,"turns":6},{"damage":0,"enemies":"Centurion and Healer","floor":29,"turns":5},{"damage":2,"enemies":"Slavers","floor":30,"turns":4},{"damage":1,"enemies":"Shelled Parasite and Fungi","floor":31,"turns":5},{"damage":43,"enemies":"Champ","floor":33,"turns":15}],"seed_played":"-2089921691041014798","potions_obtained":[{"floor":0,"key":"SkillPotion"},{"floor":0,"key":"PowerPotion"},{"floor":0,"key":"Dexterity Potion"},{"floor":4,"key":"Fire Potion"},{"floor":10,"key":"SpeedPotion"},{"floor":11,"key":"Fire Potion"},{"floor":14,"key":"Swift Potion"},{"floor":18,"key":"Dexterity Potion"},{"floor":30,"key":"Fire Potion"}],"is_trial":false,"path_per_floor":["M","?","M","?","$","E","R","M","T","M","M","M","R","M","R","B",null,"M","?","T","$","M","E","R","M","T","$","?","M","E","M","R","B"],"character_chosen":"DEFECT","items_purchased":["Core Surge"],"campfire_rested":0,"item_purchase_floors":[5],"current_hp_per_floor":[68,68,66,66,66,66,66,68,68,70,68,67,67,69,69,63,75,75,37,37,37,37,37,37,37,37,37,37,37,37,36,36,0],"gold":187,"neow_bonus":"THREE_SMALL_POTIONS","is_prod":false,"is_daily":false,"chose_seed":false,"campfire_upgraded":4,"win_rate":0,"timestamp":1563483661,"path_taken":["M","?","M","?","$","E","R","?","T","M","?","M","R","?","R","BOSS","M","?","?","$","M","E","R","M","T","$","?","M","E","M","R","BOSS"],"build_version":"2019-07-17","purchased_purges":2,"victory":false,"max_hp_per_floor":[75,75,75,75,75,75,75,75,75,75,75,75,75,75,75,75,75,75,37,37,37,37,37,37,37,37,37,37,37,37,37,37,37],"card_choices":[{"not_picked":["Beam Cell","Consume"],"picked":"Reinforced Body","floor":1},{"not_picked":["Redo","Gash"],"picked":"Chill","floor":3},{"not_picked":["Genetic Algorithm","Coolheaded"],"picked":"Electrodynamics","floor":6},{"not_picked":["Blizzard","Streamline"],"picked":"Compile Driver","floor":8},{"not_picked":["Barrage","Redo"],"picked":"Coolheaded","floor":10},{"not_picked":["Steam","Cold Snap"],"picked":"FTL","floor":11},{"not_picked":["Gash","Turbo","Cold Snap"],"picked":"SKIP","floor":12},{"not_picked":["Rip and Tear","Go for the Eyes"],"picked":"Hologram","floor":14},{"not_picked":["Meteor Strike","Reboot"],"picked":"Echo Form","floor":16},{"not_picked":["Consume","Leap+1","Conserve Battery"],"picked":"SKIP","floor":18},{"not_picked":["Sunder","Compile Driver"],"picked":"BootSequence","floor":22},{"not_picked":["Consume","Ball Lightning"],"picked":"Chill+1","floor":23},{"not_picked":["Sweeping Beam+1","Redo","Streamline+1"],"picked":"SKIP","floor":25},{"not_picked":["Self Repair","Thunder Strike"],"picked":"Loop","floor":29},{"not_picked":["Stack","Rebound"],"picked":"Chaos+1","floor":30},{"not_picked":["Melter","Aggregate"],"picked":"Skim","floor":31}],"player_experience":124701,"relics_obtained":[{"floor":6,"key":"Bird Faced Urn"},{"floor":9,"key":"Ornamental Fan"},{"floor":23,"key":"Bottled Flame"},{"floor":26,"key":"Matryoshka"},{"floor":30,"key":"Mercury Hourglass"}],"event_choices":[{"cards_removed":["Strike_B"],"damage_healed":0,"gold_gain":0,"player_choice":"Card Removal","damage_taken":0,"max_hp_gain":0,"max_hp_loss":0,"event_name":"The Cleric","floor":2,"gold_loss":50},{"damage_healed":0,"gold_gain":0,"player_choice":"Got Potions","damage_taken":0,"max_hp_gain":0,"max_hp_loss":0,"event_name":"Lab","floor":4,"gold_loss":0},{"damage_healed":0,"gold_gain":0,"player_choice":"Became a Ghost","damage_taken":0,"max_hp_gain":0,"max_hp_loss":38,"event_name":"Ghosts","floor":19,"gold_loss":0,"cards_obtained":["Ghostly","Ghostly","Ghostly","Ghostly","Ghostly"]},{"damage_healed":0,"gold_gain":0,"player_choice":"Ignored","damage_taken":0,"max_hp_gain":0,"max_hp_loss":0,"event_name":"Vampires","floor":28,"gold_loss":0}],"is_beta":false,"boss_relics":[{"not_picked":["Snecko Eye","Fusion Hammer"],"picked":"Coffee Dripper"}],"items_purged_floors":[21,27],"is_endless":false,"potions_floor_spawned":[3,10,11,14,18,30],"killed_by":"Champ","ascension_level":0}