{"gold_per_floor":[114,131,131,206,221,221,252,252,252,262,212,212,212,224,224,325,325,345,255,4,4,274,274,306,324,324,340,359,359,274,293,293,389,389,405,405,416,430,53,53,53,71,71,22,56,73,85,118,118,118],"floor_reached":51,"playtime":1576,"items_purged":["Strike_R"],"score":1191,"play_id":"68a1523a-9dd4-429f-bc24-6802af7688b9","local_time":"20180930203902","is_ascension_mode":true,"campfire_choices":[{"data":"Heavy Blade","floor":6,"key":"SMITH"},{"floor":8,"key":"REST"},{"data":"Inflame","floor":12,"key":"SMITH"},{"floor":15,"key":"REST"},{"floor":23,"key":"REST"},{"floor":29,"key":"REST"},{"floor":32,"key":"REST"},{"floor":40,"key":"REST"},{"floor":49,"key":"REST"}],"neow_cost":"NONE","seed_source_timestamp":44264026295651,"circlet_count":0,"master_deck":["Strike_R+1","Defend_R","Defend_R","Defend_R","Defend_R","Bash","AscendersBane","Heavy Blade+1","Inflame+1","Intimidate","Immolate+1","Offering","Cleave+1","Thunderclap+1","Exhume+1","Offering+1","Shrug It Off+1","Inflame+1","Pommel Strike+1","Infernal Blade+1","Shrug It Off+1","Shrug It Off+1","Double Tap+1","Flex+1","Demon Form"],"relics":["Burning Blood","Gremlin Horn","FaceOfCleric","Mark of Pain","Shuriken","Nloth\u0027s Gift","PreservedInsect","Toxic Egg 2","Thread and Needle","Fusion Hammer","Blood Vial","Orichalcum","Pantograph","Letter Opener"],"potions_floor_usage":[2,7,16,16,24,27,28,31,45,46,50,50,50],"damage_taken":[{"damage":10,"enemies":"Small Slimes","floor":1,"turns":4},{"damage":1,"enemies":"Cultist","floor":2,"turns":3},{"damage":13,"enemies":"2 Louse","floor":5,"turns":3},{"damage":30,"enemies":"Lagavulin","floor":7,"turns":5},{"damage":22,"enemies":"Blue Slaver","floor":10,"turns":3},{"damage":11,"enemies":"Looter","floor":14,"turns":3},{"damage":45,"enemies":"Slime Boss","floor":16,"turns":9},{"damage":9,"enemies":"Chosen","floor":18,"turns":3},{"damage":21,"enemies":"Slavers","floor":24,"turns":4},{"damage":25,"enemies":"Shell Parasite","floor":25,"turns":4},{"damage":8,"enemies":"Centurion and Healer","floor":27,"turns":4},{"damage":6,"enemies":"Sentry and Sphere","floor":28,"turns":3},{"damage":14,"enemies":"3 Cultists","floor":31,"turns":3},{"damage":85,"enemies":"Automaton","floor":33,"turns":8},{"damage":12,"enemies":"Orb Walker","floor":35,"turns":1},{"damage":6,"enemies":"3 Darklings","floor":37,"turns":1},{"damage":31,"enemies":"Reptomancer","floor":38,"turns":3},{"damage":12,"enemies":"Maw","floor":42,"turns":4},{"damage":6,"enemies":"2 Orb Walkers","floor":45,"turns":2},{"damage":12,"enemies":"4 Shapes","floor":46,"turns":1},{"damage":6,"enemies":"Spire Growth","floor":47,"turns":3},{"damage":18,"enemies":"Nemesis","floor":48,"turns":3},{"damage":31,"enemies":"Donu and Deca","floor":50,"turns":4}],"seed_played":"3549916698462047527","potions_obtained":[{"floor":0,"key":"Energy Potion"},{"floor":0,"key":"Poison Potion"},{"floor":0,"key":"Ancient Potion"},{"floor":2,"key":"Ancient Potion"},{"floor":14,"key":"Poison Potion"},{"floor":25,"key":"Block Potion"},{"floor":27,"key":"SteroidPotion"},{"floor":28,"key":"Swift Potion"},{"floor":38,"key":"FearPotion"},{"floor":46,"key":"EssenceOfSteel"},{"floor":48,"key":"LiquidBronze"}],"is_trial":false,"path_per_floor":["M","M","?","?","M","R","E","R","T","M","?","R","?","M","R","B",null,"M","?","$","?","?","R","E","M","T","M","M","R","?","M","R","B",null,"M","?","M","M","$","R","?","M","T","$","E","M","M","E","R","B"],"character_chosen":"IRONCLAD","items_purchased":["Shuriken","Infernal Blade+1","Blood Vial","EssenceOfSteel","Block Potion","Shrug It Off+1"],"campfire_rested":7,"item_purchase_floors":[20,39,39,39,39,44],"current_hp_per_floor":[68,73,73,62,55,55,31,55,65,49,49,49,49,45,72,34,78,76,76,76,76,40,67,53,35,35,34,35,64,64,57,86,8,76,71,71,72,48,48,78,78,75,75,75,78,99,102,93,107,83],"gold":118,"neow_bonus":"THREE_SMALL_POTIONS","is_prod":false,"is_daily":false,"chose_seed":false,"campfire_upgraded":2,"win_rate":0,"timestamp":1538329142,"path_taken":["M","M","?","?","?","R","E","R","T","M","?","R","?","?","R","BOSS","M","?","$","?","?","R","E","M","T","M","?","R","?","M","R","BOSS","M","?","M","M","$","R","?","?","T","?","E","M","M","E","R","BOSS"],"build_version":"2018-09-27","purchased_purges":1,"victory":true,"max_hp_per_floor":[80,80,80,80,80,80,80,80,90,90,90,90,90,91,91,92,92,93,93,93,93,93,93,94,95,95,96,97,97,97,98,98,99,99,100,100,101,102,102,102,102,103,103,103,104,105,106,107,107,108],"card_choices":[{"not_picked":["True Grit","Body Slam"],"picked":"Heavy Blade","floor":1},{"not_picked":["Body Slam","Heavy Blade"],"picked":"Inflame","floor":2},{"not_picked":["Sword Boomerang","Heavy Blade"],"picked":"Intimidate","floor":5},{"not_picked":["Anger","Headbutt","Armaments"],"picked":"SKIP","floor":7},{"not_picked":["Uppercut","Thunderclap"],"picked":"Immolate","floor":10},{"not_picked":["Clothesline","Sword Boomerang","Blood for Blood"],"picked":"SKIP","floor":14},{"not_picked":["Berserk","Immolate"],"picked":"Offering","floor":16},{"not_picked":["Perfected Strike+1","Uppercut","True Grit"],"picked":"SKIP","floor":18},{"not_picked":["Thunderclap+1","Pummel"],"picked":"Cleave+1","floor":24},{"not_picked":["Havoc","Bloodletting"],"picked":"Thunderclap+1","floor":25},{"not_picked":["Heavy Blade","Uppercut+1","Dropkick"],"picked":"SKIP","floor":27},{"not_picked":["Perfected Strike+1","Clothesline"],"picked":"Exhume+1","floor":28},{"not_picked":["Power Through+1","Clothesline","Carnage+1"],"picked":"SKIP","floor":31},{"not_picked":["Fiend Fire","Exhume+1"],"picked":"Offering+1","floor":33},{"not_picked":["Headbutt+1","Armaments+1"],"picked":"Shrug It Off+1","floor":35},{"not_picked":["Uppercut","Havoc+1"],"picked":"Inflame+1","floor":37},{"not_picked":["Thunderclap","Dropkick+1"],"picked":"Pommel Strike+1","floor":38},{"not_picked":["Anger","Iron Wave+1"],"picked":"Shrug It Off+1","floor":42},{"not_picked":["Pommel Strike","Offering+1"],"picked":"Double Tap+1","floor":45},{"not_picked":["Dropkick+1","Juggernaut"],"picked":"Flex+1","floor":46},{"not_picked":["Iron Wave","Body Slam","Thunderclap"],"picked":"SKIP","floor":47},{"not_picked":["Cleave+1","Wild Strike"],"picked":"Demon Form","floor":48}],"player_experience":405601,"relics_obtained":[{"floor":7,"key":"Gremlin Horn"},{"floor":9,"key":"Pear"},{"floor":24,"key":"PreservedInsect"},{"floor":26,"key":"Toxic Egg 2"},{"floor":43,"key":"Orichalcum"},{"floor":45,"key":"Pantograph"},{"floor":48,"key":"Letter Opener"}],"event_choices":[{"event_name":"The Woman in Blue","player_choice":"Bought 0 Potions","floor":3,"damage_taken":0},{"event_name":"World of Goop","player_choice":"Gather Gold","floor":4,"damage_taken":0},{"event_name":"The Cleric","player_choice":"Card Removal","floor":11,"damage_taken":0},{"event_name":"FaceTrader","player_choice":"Trade","floor":13,"damage_taken":0},{"event_name":"Designer","player_choice":"Full Service","floor":19,"damage_taken":0},{"event_name":"N\u0027loth","player_choice":"Traded a Pear","floor":21,"damage_taken":0},{"event_name":"Knowing Skull","player_choice":"GOLD GOLD GOLD ","floor":22,"damage_taken":0},{"event_name":"Addict","player_choice":"Obtained Relic","floor":30,"damage_taken":0},{"event_name":"Purifier","player_choice":"One Purge","floor":36,"damage_taken":0},{"event_name":"Upgrade Shrine","player_choice":"Upgraded","floor":41,"damage_taken":0}],"is_beta":false,"boss_relics":[{"not_picked":["Black Star","White Beast Statue"],"picked":"Mark of Pain"},{"not_picked":["Snecko Eye","Sozu"],"picked":"Fusion Hammer"}],"items_purged_floors":[39],"is_endless":false,"potions_floor_spawned":[2,14,25,27,28,38,46,48],"ascension_level":10}