{"gold_per_floor":[110,130,130,130,130,130,144,144,144,157,190,209,242,267,267,393,393,413,433,240,260,175,219,219,262,289,289,305,305,305,305,305,305],"floor_reached":33,"playtime":1333,"items_purged":[],"score":384,"play_id":"6639ee58-91e6-4b57-bd2c-37792b8d886b","local_time":"20190302214351","is_ascension_mode":true,"campfire_choices":[{"data":"Cloak And Dagger","floor":6,"key":"SMITH"},{"data":"Adrenaline","floor":8,"key":"SMITH"},{"data":"Terror","floor":15,"key":"SMITH"},{"data":"A Thousand Cuts","floor":24,"key":"SMITH"},{"floor":27,"key":"REST"},{"data":"Neutralize","floor":29,"key":"SMITH"},{"floor":32,"key":"REST"}],"neow_cost":"NONE","seed_source_timestamp":46794168157000,"circlet_count":0,"master_deck":["Defend_G","Defend_G","Defend_G","Defend_G","Defend_G","Strike_G","Strike_G","Strike_G","Strike_G","Strike_G","Survivor","Neutralize+1","Cloak And Dagger+1","Slice","Adrenaline+1","Acrobatics","Terror+1","Noxious Fumes","PiercingWail","A Thousand Cuts+1","Caltrops","PiercingWail","Noxious Fumes","Slice+1","Distraction+1","Accuracy+1","Prepared"],"relics":["Ring of the Snake","NeowsBlessing","Golden Idol","FossilizedHelix","Ninja Scroll","PreservedInsect","Calipers","White Beast Statue","Tiny Chest","Strawberry","Oddly Smooth Stone","The Courier","Bag of Marbles"],"potions_floor_usage":[11,11,13,19,21,23,25,28,28,28,33],"damage_taken":[{"damage":0,"enemies":"Cultist","floor":1,"turns":1},{"damage":0,"enemies":"Small Slimes","floor":2,"turns":1},{"damage":0,"enemies":"2 Louse","floor":7,"turns":1},{"damage":0,"enemies":"Looter","floor":10,"turns":2},{"damage":7,"enemies":"Lagavulin","floor":11,"turns":4},{"damage":0,"enemies":"Exordium Wildlife","floor":12,"turns":3},{"damage":0,"enemies":"Gremlin Nob","floor":13,"turns":3},{"damage":0,"enemies":"Blue Slaver","floor":14,"turns":4},{"damage":50,"enemies":"The Guardian","floor":16,"turns":14},{"damage":12,"enemies":"3 Byrds","floor":18,"turns":6},{"damage":11,"enemies":"Spheric Guardian","floor":19,"turns":4},{"damage":0,"enemies":"Centurion and Healer","floor":21,"turns":6},{"damage":4,"enemies":"Slavers","floor":23,"turns":5},{"damage":25,"enemies":"Book of Stabbing","floor":25,"turns":4},{"damage":5,"enemies":"Cultist and Chosen","floor":28,"turns":4},{"damage":66,"enemies":"Champ","floor":33,"turns":9}],"seed_played":"-8322486068724000721","potions_obtained":[{"floor":1,"key":"Regen Potion"},{"floor":2,"key":"Strength Potion"},{"floor":10,"key":"Ancient Potion"},{"floor":11,"key":"GamblersBrew"},{"floor":12,"key":"Ancient Potion"},{"floor":18,"key":"Dexterity Potion"},{"floor":19,"key":"Swift Potion"},{"floor":21,"key":"Strength Potion"},{"floor":23,"key":"SpeedPotion"},{"floor":25,"key":"SkillPotion"},{"floor":28,"key":"Explosive Potion"}],"is_trial":false,"path_per_floor":["M","M","?","?","?","R","M","R","T","M","E","M","E","M","R","B",null,"M","M","$","M","?","E","R","E","T","R","M","R","?","?","R","B"],"character_chosen":"THE_SILENT","items_purchased":["Tiny Chest","Noxious Fumes"],"campfire_rested":2,"item_purchase_floors":[20,20],"current_hp_per_floor":[70,70,70,63,56,56,56,56,56,56,61,61,61,61,61,11,70,58,47,47,47,54,50,50,25,25,48,43,43,43,43,66,0],"gold":305,"neow_bonus":"THREE_ENEMY_KILL","is_prod":false,"is_daily":false,"chose_seed":false,"campfire_upgraded":5,"win_rate":0,"timestamp":1551555831,"path_taken":["M","?","?","?","?","R","M","R","T","M","E","M","E","M","R","BOSS","M","M","$","M","?","E","R","E","T","R","M","R","?","?","R","BOSS"],"build_version":"2019-01-23","purchased_purges":0,"victory":false,"max_hp_per_floor":[70,70,70,70,70,70,70,70,70,70,70,70,70,70,70,70,70,70,70,70,70,77,77,77,77,77,77,77,77,77,77,77,77],"card_choices":[{"not_picked":["Predator","Deflect"],"picked":"Cloak And Dagger","floor":1},{"not_picked":["Bane","Reflex"],"picked":"Slice","floor":2},{"not_picked":["Dagger Throw","Poisoned Stab"],"picked":"Adrenaline","floor":7},{"not_picked":["Flechettes","Dagger Spray"],"picked":"Acrobatics","floor":10},{"not_picked":["Deflect","Footwork"],"picked":"Terror","floor":11},{"not_picked":["Calculated Gamble","Backflip"],"picked":"Noxious Fumes","floor":12},{"not_picked":["Bouncing Flask","Tactician"],"picked":"PiercingWail","floor":13},{"not_picked":["Concentrate","Dagger Throw","Dagger Spray"],"picked":"SKIP","floor":14},{"not_picked":["Wraith Form v2","Night Terror"],"picked":"A Thousand Cuts","floor":16},{"not_picked":["Poisoned Stab","Underhanded Strike+1"],"picked":"Caltrops","floor":18},{"not_picked":["Riddle With Holes","Dagger Throw"],"picked":"PiercingWail","floor":19},{"not_picked":["Tactician+1","Eviscerate"],"picked":"Slice+1","floor":21},{"not_picked":["Leg Sweep","Slice"],"picked":"Distraction+1","floor":23},{"not_picked":["Terror+1","Poisoned Stab"],"picked":"Accuracy+1","floor":25},{"not_picked":["Poisoned Stab","Quick Slash"],"picked":"Prepared","floor":28}],"player_experience":487084,"relics_obtained":[{"floor":9,"key":"Ninja Scroll"},{"floor":11,"key":"PreservedInsect"},{"floor":13,"key":"Calipers"},{"floor":23,"key":"Oddly Smooth Stone"},{"floor":25,"key":"The Courier"},{"floor":26,"key":"Bag of Marbles"}],"event_choices":[{"damage_healed":0,"gold_gain":0,"player_choice":"Take Wound","damage_taken":0,"relics_obtained":["Golden Idol"],"max_hp_gain":0,"max_hp_loss":0,"event_name":"Golden Idol","floor":3,"gold_loss":0,"cards_obtained":["Injury"]},{"cards_removed":["Injury"],"damage_healed":0,"gold_gain":0,"player_choice":"Card Removal","damage_taken":7,"max_hp_gain":0,"max_hp_loss":0,"event_name":"Golden Wing","floor":4,"gold_loss":0},{"damage_healed":0,"gold_gain":0,"player_choice":"Success","damage_taken":7,"relics_obtained":["FossilizedHelix"],"max_hp_gain":0,"max_hp_loss":0,"event_name":"Scrap Ooze","floor":5,"gold_loss":0},{"damage_healed":0,"gold_gain":0,"player_choice":"Obtained Relic","damage_taken":0,"relics_obtained":["Strawberry"],"max_hp_gain":0,"max_hp_loss":0,"event_name":"Addict","floor":22,"gold_loss":85},{"damage_healed":0,"gold_gain":0,"player_choice":"Ignored","damage_taken":0,"max_hp_gain":0,"max_hp_loss":0,"event_name":"Vampires","floor":30,"gold_loss":0},{"damage_healed":0,"gold_gain":0,"player_choice":"Ignored","damage_taken":0,"max_hp_gain":0,"max_hp_loss":0,"event_name":"Beggar","floor":31,"gold_loss":0}],"is_beta":false,"boss_relics":[{"not_picked":["Runic Dome","Empty Cage"],"picked":"White Beast Statue"}],"items_purged_floors":[],"is_endless":false,"potions_floor_spawned":[1,2,10,11,12,18,19,21,23,25,28],"killed_by":"Champ","ascension_level":4}