{"path_per_floor":["M","?","M","M","M","R","M","E","T","M","M","R","M","E","R","B",null,"M","?","M","?","M","R","E","R","T","?","M","M"],"character_chosen":"THE_SILENT","items_purchased":[],"gold_per_floor":[114,114,128,146,161,161,172,197,197,207,221,221,237,265,265,364,394,410,410,430,430,443,443,471,471,771,771,785,795],"floor_reached":30,"campfire_rested":3,"playtime":1954,"current_hp_per_floor":[70,70,70,64,63,63,52,31,31,24,14,35,23,5,26,17,75,61,85,72,72,42,42,8,33,33,33,18,3],"items_purged":[],"gold":795,"score":317,"play_id":"b77983ee-9bda-4464-beaf-47a8aa2795dd","local_time":"20180321114543","is_prod":false,"is_daily":false,"is_ascension_mode":false,"campfire_upgraded":2,"timestamp":1521625543,"path_taken":["M","?","?","M","M","R","?","E","T","M","M","R","M","E","R","BOSS","M","?","M","?","M","R","E","R","T","?","M","M","?"],"build_version":"2018-03-15v3","purchased_purges":0,"victory":false,"master_deck":["Defend_G+1","Defend_G+1","Defend_G+1","Defend_G+1","Defend_G+1","Strike_G+1","Strike_G+1","Strike_G+1","Strike_G+1","Strike_G+1","Survivor","Neutralize","Deadly Poison","Noxious Fumes+1","Poisoned Stab","Bane","Poisoned Stab","Adrenaline+1","Backstab","Backflip","Dash","Deadly Poison","Poisoned Stab","Venomology","Poisoned Stab","Riddle With Holes+1","Prepared","Writhe","All Out Attack","Bouncing Flask","Malaise+1","Storm of Steel","Dash+1"],"max_hp_per_floor":[70,70,70,70,70,70,70,70,70,70,70,70,70,70,70,70,75,75,85,85,85,85,85,85,85,85,85,85,85],"relics":["Ring of the Snake","Bronze Scales","Dream Catcher","Kunai","Tiny House","Toolbox","The Courier","Old Coin"],"card_choices":[{"not_picked":["Quick Slash","Outmaneuver"],"picked":"Deadly Poison"},{"not_picked":["Calculated Gamble","Flying Knee"],"picked":"Noxious Fumes"},{"not_picked":["Slice","Deflect"],"picked":"Poisoned Stab"},{"not_picked":["Concentrate","Blade Dance"],"picked":"Bane"},{"not_picked":["Infinite Blades","Escape Plan"],"picked":"Poisoned Stab"},{"not_picked":["Underhanded Strike","Flying Knee"],"picked":"Adrenaline"},{"not_picked":["Bane","Flying Knee"],"picked":"Backstab"},{"not_picked":["PiercingWail","Underhanded Strike"],"picked":"Backflip"},{"not_picked":["Bane","Cloak And Dagger"],"picked":"Burst"},{"not_picked":["Riddle With Holes","Malaise"],"picked":"Dash"},{"not_picked":["Masterful Stab","Bane"],"picked":"Deadly Poison"},{"not_picked":["Dagger Throw","Underhanded Strike"],"picked":"Poisoned Stab"},{"not_picked":["Grand Finale","Storm of Steel"],"picked":"Venomology"},{"not_picked":["Masterful Stab","PiercingWail"],"picked":"Poisoned Stab"},{"not_picked":["Quick Slash","Slice"],"picked":"Riddle With Holes"},{"not_picked":["Masterful Stab","Deflect"],"picked":"Prepared"},{"not_picked":["Cloak And Dagger","Deflect"],"picked":"All Out Attack"},{"not_picked":["Finisher","Terror"],"picked":"Bouncing Flask"},{"not_picked":["Backflip","Dagger Throw"],"picked":"Malaise"},{"not_picked":["Cloak And Dagger","Prepared"],"picked":"Storm of Steel"},{"not_picked":["Bane","Calculated Gamble"],"picked":"Dash"}],"player_experience":112480,"potions_floor_usage":[7,14,14,16,20,20,22,24,28,28,28,29,29,30],"damage_taken":[{"damage":0,"enemies":"Small Slimes","floor":1,"turns":4},{"damage":0,"enemies":"Cultist","floor":3,"turns":4},{"damage":6,"enemies":"2 Louse","floor":4,"turns":3},{"damage":1,"enemies":"Red Slaver","floor":5,"turns":5},{"damage":11,"enemies":"Lots of Slimes","floor":7,"turns":4},{"damage":21,"enemies":"Gremlin Nob","floor":8,"turns":4},{"damage":7,"enemies":"Looter","floor":10,"turns":2},{"damage":10,"enemies":"Exordium Wildlife","floor":11,"turns":3},{"damage":12,"enemies":"Blue Slaver","floor":13,"turns":2},{"damage":18,"enemies":"Lagavulin","floor":14,"turns":4},{"damage":9,"enemies":"Slime Boss","floor":16,"turns":8},{"damage":14,"enemies":"3 Byrds","floor":18,"turns":3},{"damage":13,"enemies":"2 Thieves","floor":20,"turns":3},{"damage":30,"enemies":"Centurion and Healer","floor":22,"turns":5},{"damage":34,"enemies":"Slavers","floor":24,"turns":5},{"damage":15,"enemies":"Cultist and Chosen","floor":28,"turns":6},{"damage":15,"enemies":"Sentry and Sphere","floor":29,"turns":4},{"damage":11,"enemies":"Centurion and Healer","floor":30,"turns":1}],"event_choices":[{"event_name":"Purifier","player_choice":"Skipped","floor":2,"damage_taken":0},{"event_name":"Bonfire Elementals","player_choice":"RARE","floor":19,"damage_taken":0},{"event_name":"The Mausoleum","player_choice":"Yes","floor":21,"damage_taken":0},{"event_name":"Back to Basics","player_choice":"Simplicity","floor":27,"damage_taken":0}],"boss_relics":[{"not_picked":["Cursed Key","Ectoplasm"],"picked":"Tiny House"}],"potions_floor_spawned":[4,5,11,14,16,24,28,29],"seed_played":"5437918865291405942","killed_by":"Centurion and Healer","ascension_level":0,"is_trial":false}