{"gold_per_floor":[113,363,363,538,552,583,583,593,593,620,620,640,183,196,196,291,291,301,312,66,66,79,108,37,37],"floor_reached":25,"playtime":737,"items_purged":["Regret","Regret"],"score":283,"play_id":"7edf6ec6-78aa-4656-8086-462d5bec1ea3","local_time":"20180728205541","is_ascension_mode":true,"campfire_choices":[{"data":"Fusion","floor":7,"key":"SMITH"},{"data":"Rip and Tear","floor":11,"key":"SMITH"},{"data":"Tempest","floor":15,"key":"SMITH"}],"neow_cost":"NONE","seed_source_timestamp":7333550459607,"circlet_count":0,"master_deck":["Strike_B","Strike_B+1","Strike_B+1","Strike_B","Defend_B","Defend_B","Defend_B","Defend_B","Zap","Dualcast","Fusion+1","Doubt","Steam","Turbo","Rip and Tear+1","Tempest+1","Sweeping Beam","Echo Form","Double Energy+1","BootSequence","Streamline+1","Steam"],"relics":["Cracked Core","NeowsBlessing","Calipers","Omamori","Pantograph","Strawberry","Mummified Hand","Regal Pillow","Nuclear Battery","Lantern","Whetstone"],"potions_floor_usage":[12,16,16,19,22,22,22,22,25],"damage_taken":[{"damage":0,"enemies":"2 Louse","floor":1,"turns":1},{"damage":0,"enemies":"Cultist","floor":5,"turns":1},{"damage":0,"enemies":"Lagavulin","floor":6,"turns":1},{"damage":10,"enemies":"Jaw Worm","floor":8,"turns":4},{"damage":8,"enemies":"Blue Slaver","floor":12,"turns":4},{"damage":10,"enemies":"Red Slaver","floor":14,"turns":2},{"damage":55,"enemies":"The Guardian","floor":16,"turns":13},{"damage":26,"enemies":"Spheric Guardian","floor":18,"turns":4},{"damage":12,"enemies":"Chosen","floor":19,"turns":2},{"damage":8,"enemies":"Snecko","floor":22,"turns":3},{"damage":44,"enemies":"Gremlin Leader","floor":23,"turns":5},{"damage":18,"enemies":"Book of Stabbing","floor":25,"turns":3}],"seed_played":"-7006053580594849408","potions_obtained":[{"floor":1,"key":"Swift Potion"},{"floor":5,"key":"Energy Potion"},{"floor":8,"key":"Weak Potion"},{"floor":18,"key":"Poison Potion"},{"floor":19,"key":"EntropicBrew"}],"is_trial":false,"path_per_floor":["M","?","?","?","M","E","R","M","T","T","R","M","$","M","R","B",null,"M","M","$","?","M","E","$"],"character_chosen":"DEFECT","items_purchased":["Mummified Hand","Regal Pillow","Lantern","Steam","Weak Potion"],"campfire_rested":0,"item_purchase_floors":[13,13,20,24,24],"current_hp_per_floor":[75,75,75,75,75,75,75,65,65,72,72,64,64,54,54,24,82,56,44,44,44,45,1,1,0],"gold":37,"neow_bonus":"THREE_ENEMY_KILL","is_prod":false,"is_daily":false,"chose_seed":false,"campfire_upgraded":3,"win_rate":0,"timestamp":1532800541,"path_taken":["M","?","?","?","?","E","R","M","T","?","R","?","$","M","R","BOSS","M","M","$","?","?","E","?","E"],"build_version":"2018-07-26","purchased_purges":2,"victory":false,"max_hp_per_floor":[75,75,75,75,75,75,75,75,75,82,82,82,82,82,82,82,82,82,82,82,82,82,82,82,82],"card_choices":[{"not_picked":["Skim","Reprogram"],"picked":"Fusion","floor":1},{"not_picked":["Scrape","Cold Snap"],"picked":"Steam","floor":5},{"not_picked":["Gash","Fission"],"picked":"Turbo","floor":6},{"not_picked":["Coolheaded","Skim"],"picked":"Rip and Tear","floor":8},{"not_picked":["Scrape","Turbo"],"picked":"Tempest","floor":12},{"not_picked":["Consume","Hologram"],"picked":"Sweeping Beam","floor":14},{"not_picked":["Meteor Strike","Buffer"],"picked":"Echo Form","floor":16},{"not_picked":["Storm","Conserve Battery+1"],"picked":"Double Energy+1","floor":18},{"not_picked":["Capacitor+1","Sweeping Beam+1"],"picked":"BootSequence","floor":19},{"not_picked":["Turbo","Stack+1","Coolheaded"],"picked":"SKIP","floor":22},{"not_picked":["Beam Cell+1","Self Repair"],"picked":"Streamline+1","floor":23}],"player_experience":314811,"relics_obtained":[{"floor":6,"key":"Omamori"},{"floor":9,"key":"Pantograph"},{"floor":10,"key":"Strawberry"},{"floor":23,"key":"Whetstone"}],"event_choices":[{"event_name":"Golden Shrine","player_choice":"Desecrate","floor":2,"damage_taken":0},{"event_name":"Big Fish","player_choice":"Box","floor":3,"damage_taken":0},{"event_name":"Liars Game","player_choice":"agreed","floor":4,"damage_taken":0},{"event_name":"Drug Dealer","player_choice":"Ignored","floor":21,"damage_taken":0}],"is_beta":false,"boss_relics":[{"not_picked":["Lizard Tail","Black Star"],"picked":"Nuclear Battery"}],"items_purged_floors":[13,20],"is_endless":false,"potions_floor_spawned":[1,5,8,18,19],"killed_by":"Book of Stabbing","ascension_level":3}