{"path_per_floor":["M","$","?","M","?","R","M","R","T","M","E","T"],"character_chosen":"DEFECT","items_purchased":["DataDisk","Sweeping Beam"],"gold_per_floor":[410,128,128,148,148,148,169,169,169,192,230,257,257],"floor_reached":13,"campfire_rested":0,"playtime":317,"item_purchase_floors":[2,2],"current_hp_per_floor":[67,67,49,49,49,49,54,54,54,51,12,12,0],"items_purged":["Strike_B"],"gold":257,"score":91,"play_id":"e96f4b03-1ccd-4245-9a43-fa027fc05691","local_time":"20180622192330","is_prod":false,"is_daily":false,"chose_seed":false,"is_ascension_mode":true,"campfire_upgraded":2,"win_rate":0,"timestamp":1529684610,"campfire_choices":[{"data":"Dualcast","floor":6,"key":"SMITH"},{"data":"Zap","floor":8,"key":"SMITH"}],"path_taken":["M","$","?","?","?","R","M","R","T","M","E","?","E"],"build_version":"2018-06-21","seed_source_timestamp":36983126692360,"purchased_purges":1,"circlet_count":0,"victory":false,"master_deck":["Strike_B","Strike_B","Strike_B","Defend_B","Defend_B","Defend_B","Defend_B","Zap+1","Dualcast+1","Pain","Self Repair","Sweeping Beam","Conserve Battery","Genetic Algorithm"],"max_hp_per_floor":[75,75,75,75,75,75,75,75,75,75,75,75,75],"relics":["Cracked Core","Old Coin","DataDisk","Golden Idol","Du-Vu Doll","Ornamental Fan","Bag of Preparation","Ancient Tea Set"],"card_choices":[{"not_picked":["Rebound","Chill"],"picked":"Self Repair","floor":1},{"not_picked":["Sunder","Rebound"],"picked":"Conserve Battery","floor":4},{"not_picked":["Sweeping Beam","Stack","Leap"],"picked":"SKIP","floor":7},{"not_picked":["Reinforced Body","All For One"],"picked":"Genetic Algorithm","floor":10},{"not_picked":["Cold Snap","Heatsinks","Coolheaded"],"picked":"SKIP","floor":11}],"player_experience":291437,"potions_floor_usage":[7],"damage_taken":[{"damage":8,"enemies":"2 Louse","floor":1,"turns":2},{"damage":7,"enemies":"Jaw Worm","floor":4,"turns":3},{"damage":2,"enemies":"Small Slimes","floor":7,"turns":2},{"damage":10,"enemies":"Red Slaver","floor":10,"turns":3},{"damage":46,"enemies":"Gremlin Nob","floor":11,"turns":5},{"damage":12,"enemies":"Lagavulin","floor":13,"turns":5}],"relics_obtained":[{"floor":9,"key":"Ornamental Fan"},{"floor":11,"key":"Bag of Preparation"},{"floor":12,"key":"Ancient Tea Set"}],"event_choices":[{"event_name":"Golden Idol","player_choice":"Take Damage","floor":3,"damage_taken":0},{"event_name":"Wheel of Change","player_choice":"Relic","floor":5,"damage_taken":0}],"boss_relics":[],"items_purged_floors":[2],"is_endless":false,"potions_floor_spawned":[4,10],"seed_played":"7717123469470472145","killed_by":"Lagavulin","ascension_level":2,"potions_obtained":[{"floor":4,"key":"Block Potion"},{"floor":10,"key":"Explosive Potion"}],"is_trial":false}