{"gold_per_floor":[110,110,11,64,77,109,109,120,120,120,146,146,156,168,168,266,266,277,71,89,109,109,109,174,193,193,47,57,156,156,171,171,267,267,283,283,283,293,306,306,306,321,321,35,53,53],"floor_reached":46,"playtime":3642,"items_purged":["Strike_B","Strike_B","Blizzard"],"score":452,"play_id":"d31ad392-8893-4021-bbd4-a027d840f616","local_time":"20190430162712","is_ascension_mode":false,"campfire_choices":[{"data":"Melter","floor":7,"key":"SMITH"},{"floor":10,"key":"REST"},{"floor":15,"key":"REST"},{"floor":23,"key":"REST"},{"floor":30,"key":"REST"},{"floor":32,"key":"REST"},{"floor":40,"key":"REST"}],"neow_cost":"NONE","seed_source_timestamp":433981570980286,"circlet_count":0,"master_deck":["Zap","Dualcast","Panacea+1","Gash","Sweeping Beam","Rebound","Melter+1","Skim","Reinforced Body","Sunder","Redo","Reboot","Conserve Battery","Undo+1","Streamline","Echo Form","White Noise","Compile Driver","Darkness","BootSequence","Melter","Sunder","Writhe","Electrodynamics","Sunder","Tempest+1","Parasite"],"relics":["Cracked Core","Bronze Scales","Dodecahedron","Smiling Mask","Snecko Eye","Oddly Smooth Stone","Nloth\u0027s Gift","Tiny Chest","Sundial","Pandora\u0027s Box","Toxic Egg 2","Frozen Egg 2","Blood Vial"],"potions_floor_usage":[6,6,11,14,16,16,16,16,16,20,24,25,33,33,42,45],"damage_taken":[{"damage":7,"enemies":"Jaw Worm","floor":1,"turns":4},{"damage":1,"enemies":"Cultist","floor":5,"turns":3},{"damage":21,"enemies":"Lagavulin","floor":6,"turns":5},{"damage":0,"enemies":"Small Slimes","floor":8,"turns":2},{"damage":22,"enemies":"Gremlin Nob","floor":11,"turns":4},{"damage":5,"enemies":"Exordium Thugs","floor":13,"turns":4},{"damage":0,"enemies":"Lots of Slimes","floor":14,"turns":1},{"damage":33,"enemies":"Slime Boss","floor":16,"turns":9},{"damage":5,"enemies":"Chosen","floor":18,"turns":3},{"damage":5,"enemies":"3 Byrds","floor":20,"turns":4},{"damage":8,"enemies":"Shelled Parasite and Fungi","floor":21,"turns":4},{"damage":35,"enemies":"Gremlin Leader","floor":24,"turns":8},{"damage":2,"enemies":"Cultist and Chosen","floor":25,"turns":4},{"damage":18,"enemies":"Centurion and Healer","floor":28,"turns":4},{"damage":20,"enemies":"Snake Plant","floor":31,"turns":5},{"damage":26,"enemies":"Champ","floor":33,"turns":10},{"damage":29,"enemies":"3 Darklings","floor":35,"turns":4},{"damage":9,"enemies":"Orb Walker","floor":38,"turns":3},{"damage":24,"enemies":"Spire Growth","floor":39,"turns":6},{"damage":17,"enemies":"Sphere and 2 Shapes","floor":42,"turns":4},{"damage":31,"enemies":"3 Darklings","floor":45,"turns":4},{"damage":12,"enemies":"Writhing Mass","floor":46,"turns":4}],"seed_played":"-5075892637804306653","potions_obtained":[{"floor":1,"key":"Explosive Potion"},{"floor":5,"key":"SpeedPotion"},{"floor":12,"key":"Weak Potion"},{"floor":12,"key":"EntropicBrew"},{"floor":12,"key":"Explosive Potion"},{"floor":14,"key":"GamblersBrew"},{"floor":21,"key":"Swift Potion"},{"floor":24,"key":"Explosive Potion"},{"floor":25,"key":"PowerPotion"},{"floor":35,"key":"SpeedPotion"},{"floor":39,"key":"Swift Potion"},{"floor":45,"key":"Dexterity Potion"}],"is_trial":false,"path_per_floor":["M","?","$","T","M","E","R","M","T","R","E","?","M","M","R","B",null,"M","$","M","M","?","R","E","M","T","$","M","?","R","M","R","B",null,"M","?","T","M","M","R","?","M","T","$","M","M"],"character_chosen":"DEFECT","items_purchased":["Sweeping Beam","Weak Potion","Oddly Smooth Stone","Streamline","SteroidPotion","Sunder","Blood Vial","SteroidPotion"],"campfire_rested":6,"item_purchase_floors":[3,3,19,27,27,44,44,44],"current_hp_per_floor":[68,68,68,68,67,46,46,46,46,68,46,46,41,41,63,30,75,70,70,65,57,57,75,40,38,38,38,20,20,42,22,44,18,75,46,65,65,56,32,54,54,37,37,37,8,0],"gold":53,"neow_bonus":"RANDOM_COLORLESS","is_prod":false,"is_daily":false,"chose_seed":false,"campfire_upgraded":1,"win_rate":0,"timestamp":1556659632,"path_taken":["M","?","$","?","M","E","R","?","T","R","E","?","M","M","R","BOSS","M","$","M","M","?","R","E","?","T","$","M","?","R","M","R","BOSS","M","?","?","M","M","R","?","M","T","$","M","M"],"build_version":"2019-01-23","purchased_purges":3,"victory":false,"max_hp_per_floor":[75,75,75,75,75,75,75,75,75,75,75,75,75,75,75,75,75,75,75,75,75,75,75,75,75,75,75,75,75,75,75,75,75,75,75,75,75,75,75,75,75,75,75,75,75,75],"card_choices":[{"not_picked":["Aggregate","Go for the Eyes"],"picked":"Gash","floor":1},{"not_picked":["Hologram","Tempest"],"picked":"Rebound","floor":5},{"not_picked":["Skim","Loop"],"picked":"Melter","floor":6},{"not_picked":["Compile Driver","Undo"],"picked":"Skim","floor":8},{"not_picked":["Capacitor","Fission"],"picked":"Reinforced Body","floor":11},{"not_picked":["Sweeping Beam","Conserve Battery"],"picked":"Sunder","floor":13},{"not_picked":["Double Energy","Stack"],"picked":"Redo","floor":14},{"not_picked":["Electrodynamics","Hyperbeam"],"picked":"Reboot","floor":16},{"not_picked":["Aggregate","Rebound","Skim"],"picked":"SKIP","floor":18},{"not_picked":["Stack","Hologram+1"],"picked":"Conserve Battery","floor":20},{"not_picked":["Auto Shields","Chaos","Recycle"],"picked":"SKIP","floor":21},{"not_picked":["Barrage","Reprogram+1","All For One"],"picked":"SKIP","floor":24},{"not_picked":["Steam","Heatsinks"],"picked":"Undo+1","floor":25},{"not_picked":["Cold Snap","Double Energy+1","Leap"],"picked":"SKIP","floor":28},{"not_picked":["Hologram","Sweeping Beam","Barrage"],"picked":"SKIP","floor":31},{"not_picked":["Buffer","All For One"],"picked":"Echo Form","floor":33},{"not_picked":["Stack","Gash"],"picked":"Sunder","floor":35},{"not_picked":["FTL+1","Beam Cell","Fusion+1"],"picked":"SKIP","floor":38},{"not_picked":["Coolheaded+1","Barrage+1"],"picked":"Electrodynamics","floor":39},{"not_picked":["Conserve Battery+1","Auto Shields+1","Compile Driver+1"],"picked":"SKIP","floor":42},{"not_picked":["Stack+1","Cold Snap+1"],"picked":"Tempest+1","floor":45}],"player_experience":247445,"relics_obtained":[{"floor":4,"key":"Bronze Scales"},{"floor":6,"key":"Blue Candle"},{"floor":9,"key":"Dodecahedron"},{"floor":11,"key":"Smiling Mask"},{"floor":24,"key":"Tiny Chest"},{"floor":26,"key":"Sundial"},{"floor":37,"key":"Toxic Egg 2"},{"floor":43,"key":"Frozen Egg 2"}],"event_choices":[{"damage_healed":0,"gold_gain":0,"player_choice":"Upgraded","damage_taken":0,"max_hp_gain":0,"max_hp_loss":0,"event_name":"Upgrade Shrine","floor":2,"gold_loss":0,"cards_upgraded":["Panacea"]},{"damage_healed":0,"gold_gain":0,"player_choice":"Got Potions","damage_taken":0,"max_hp_gain":0,"max_hp_loss":0,"event_name":"Lab","floor":12,"gold_loss":0},{"damage_healed":0,"gold_gain":0,"player_choice":"Traded Relic","damage_taken":0,"relics_obtained":["Nloth\u0027s Gift"],"max_hp_gain":0,"max_hp_loss":0,"event_name":"N\u0027loth","floor":22,"relics_lost":["Blue Candle"],"gold_loss":0},{"damage_healed":0,"gold_gain":99,"player_choice":"Stole From Cult","damage_taken":0,"max_hp_gain":0,"max_hp_loss":0,"event_name":"Nest","floor":29,"gold_loss":0},{"damage_healed":19,"gold_gain":0,"player_choice":"Writhe","damage_taken":0,"max_hp_gain":0,"max_hp_loss":0,"event_name":"Winding Halls","floor":36,"gold_loss":0,"cards_obtained":["Writhe"]},{"damage_healed":0,"gold_gain":0,"player_choice":"Ignored","damage_taken":0,"max_hp_gain":0,"max_hp_loss":0,"event_name":"Tomb of Lord Red Mask","floor":41,"gold_loss":0}],"is_beta":false,"boss_relics":[{"not_picked":["Coffee Dripper","Philosopher\u0027s Stone"],"picked":"Snecko Eye"},{"not_picked":["Black Star","Runic Pyramid"],"picked":"Pandora\u0027s Box"}],"items_purged_floors":[19,27,44],"is_endless":false,"potions_floor_spawned":[1,5,13,14,21,24,25,35,39,45],"killed_by":"Writhing Mass","ascension_level":0}