{"gold_per_floor":[364,378,328,102,115,115,128,128,128,128,161,181,181,193,193,290,290,303,314,121,132,132,165,165,198,198,298,48,68,68,88,88,88],"floor_reached":33,"playtime":1728,"items_purged":["Strike_G"],"score":337,"play_id":"4158296f-a385-47be-af27-2ffd90eb6de7","local_time":"20190710220705","is_ascension_mode":false,"campfire_choices":[{"data":"Neutralize","floor":6,"key":"SMITH"},{"data":"Infinite Blades","floor":8,"key":"SMITH"},{"data":"Cloak And Dagger","floor":15,"key":"SMITH"},{"data":"Envenom","floor":24,"key":"SMITH"},{"data":"Blur","floor":32,"key":"SMITH"}],"neow_cost":"CURSE","seed_source_timestamp":33015624561344,"circlet_count":0,"master_deck":["Strike_G","Strike_G","Strike_G","Defend_G","Defend_G","Defend_G","Defend_G","Defend_G","Survivor","Neutralize+1","Prepared","Infinite Blades+1","After Image","Dagger Spray","Blur+1","Cloak And Dagger+1","Envenom+1","Underhanded Strike+1","Infinite Blades","Calculated Gamble+1","Ghostly","Ghostly","Ghostly","Ghostly","Ghostly","Setup+1","Distraction+1"],"relics":["Ring of the Snake","Anchor","Mummified Hand","Bag of Marbles","Molten Egg 2","WristBlade","OrangePellets","Bottled Lightning","Happy Flower","Ancient Tea Set","The Specimen","Gremlin Horn","Meat on the Bone"],"potions_floor_usage":[16,27,31,31],"damage_taken":[{"damage":10,"enemies":"Jaw Worm","floor":1,"turns":5},{"damage":3,"enemies":"Cultist","floor":2,"turns":4},{"damage":0,"enemies":"Small Slimes","floor":5,"turns":4},{"damage":1,"enemies":"3 Louse","floor":7,"turns":5},{"damage":11,"enemies":"Lagavulin","floor":11,"turns":8},{"damage":1,"enemies":"2 Fungi Beasts","floor":12,"turns":4},{"damage":0,"enemies":"Exordium Thugs","floor":14,"turns":4},{"damage":4,"enemies":"The Guardian","floor":16,"turns":14},{"damage":9,"enemies":"Spheric Guardian","floor":18,"turns":6},{"damage":13,"enemies":"Chosen","floor":19,"turns":5},{"damage":5,"enemies":"Snake Plant","floor":21,"turns":5},{"damage":0,"enemies":"Slavers","floor":23,"turns":6},{"damage":21,"enemies":"Gremlin Leader","floor":25,"turns":10},{"damage":0,"enemies":"Colosseum Slavers","floor":27,"turns":7},{"damage":0,"enemies":"Colosseum Nobs","floor":27,"turns":6},{"damage":0,"enemies":"Snecko","floor":29,"turns":5},{"damage":0,"enemies":"Cultist and Chosen","floor":31,"turns":6},{"damage":38,"enemies":"Champ","floor":33,"turns":10}],"seed_played":"-1431257161975893177","potions_obtained":[{"floor":5,"key":"Ancient Potion"},{"floor":7,"key":"Energy Potion"},{"floor":12,"key":"PowerPotion"},{"floor":16,"key":"Strength Potion"},{"floor":29,"key":"Block Potion"},{"floor":31,"key":"Fruit Juice"}],"is_trial":false,"path_per_floor":["M","M","?","$","M","R","M","R","T","?","E","M","?","M","R","B",null,"M","M","$","M","?","E","R","E","T","?","$","M","$","M","R","B"],"character_chosen":"THE_SILENT","items_purchased":["Anchor","OrangePellets","Meat on the Bone"],"campfire_rested":0,"item_purchase_floors":[4,20,28],"current_hp_per_floor":[60,57,57,57,57,57,56,56,56,56,45,44,37,37,37,33,70,61,48,48,43,35,35,35,14,14,14,14,26,26,31,31,0],"gold":88,"neow_bonus":"TWO_FIFTY_GOLD","is_prod":false,"is_daily":false,"chose_seed":false,"campfire_upgraded":5,"win_rate":0,"timestamp":1562789225,"path_taken":["M","M","?","$","M","R","M","R","T","?","E","?","?","M","R","BOSS","M","M","$","M","?","E","R","E","T","?","$","M","$","M","R","BOSS"],"build_version":"2019-07-05","purchased_purges":1,"victory":false,"max_hp_per_floor":[70,70,70,70,70,70,70,70,70,70,70,70,70,70,70,70,70,70,70,70,70,35,35,35,35,35,35,35,35,35,40,40,40],"card_choices":[{"not_picked":["Dagger Spray","Slice"],"picked":"Prepared","floor":1},{"not_picked":["Deadly Poison","Acrobatics"],"picked":"Infinite Blades","floor":2},{"not_picked":["Bane","Flying Knee","Outmaneuver"],"picked":"SKIP","floor":5},{"not_picked":["Backflip","Bane"],"picked":"After Image","floor":7},{"not_picked":["Bouncing Flask","Acrobatics"],"picked":"Blur","floor":11},{"not_picked":["Quick Slash","Poisoned Stab"],"picked":"Cloak And Dagger","floor":12},{"not_picked":["Slice+1","Sucker Punch+1","Deadly Poison"],"picked":"SKIP","floor":14},{"not_picked":["Grand Finale+1","Phantasmal Killer"],"picked":"Envenom","floor":16},{"not_picked":["PiercingWail","Quick Slash+1"],"picked":"Underhanded Strike+1","floor":18},{"not_picked":["Eviscerate+1","Backflip"],"picked":"Infinite Blades","floor":19},{"not_picked":["PiercingWail","Prepared"],"picked":"Calculated Gamble+1","floor":21},{"not_picked":["Slice+1","Reflex"],"picked":"Setup+1","floor":23},{"not_picked":["Grand Finale+1","Flying Knee+1","Underhanded Strike+1"],"picked":"SKIP","floor":25},{"not_picked":["Noxious Fumes","Quick Slash+1"],"picked":"Distraction+1","floor":29},{"not_picked":["Slice+1","Poisoned Stab+1","Dodge and Roll"],"picked":"SKIP","floor":31}],"player_experience":72077,"relics_obtained":[{"floor":9,"key":"Mummified Hand"},{"floor":11,"key":"Bag of Marbles"},{"floor":23,"key":"Bottled Lightning"},{"floor":25,"key":"Happy Flower"},{"floor":26,"key":"Ancient Tea Set"},{"floor":27,"key":"The Specimen"},{"floor":27,"key":"Gremlin Horn"}],"event_choices":[{"cards_removed":["Pain"],"damage_healed":0,"gold_gain":0,"player_choice":"Card Removal","damage_taken":0,"max_hp_gain":0,"max_hp_loss":0,"event_name":"The Cleric","floor":3,"gold_loss":50},{"damage_healed":0,"gold_gain":0,"cards_transformed":["Strike_G"],"player_choice":"Transformed","damage_taken":0,"max_hp_gain":0,"max_hp_loss":0,"event_name":"Transmorgrifier","floor":10,"gold_loss":0,"cards_obtained":["Dagger Spray"]},{"damage_healed":0,"gold_gain":0,"player_choice":"Success","damage_taken":7,"relics_obtained":["Molten Egg 2"],"max_hp_gain":0,"max_hp_loss":0,"event_name":"Scrap Ooze","floor":13,"gold_loss":0},{"damage_healed":0,"gold_gain":0,"player_choice":"Became a Ghost","damage_taken":0,"max_hp_gain":0,"max_hp_loss":35,"event_name":"Ghosts","floor":22,"gold_loss":0,"cards_obtained":["Ghostly","Ghostly","Ghostly","Ghostly","Ghostly"]},{"damage_healed":0,"gold_gain":0,"player_choice":"Fight","damage_taken":0,"max_hp_gain":0,"max_hp_loss":0,"event_name":"Colosseum","floor":27,"gold_loss":0},{"damage_healed":0,"gold_gain":0,"player_choice":"Fought Nobs","damage_taken":0,"max_hp_gain":0,"max_hp_loss":0,"event_name":"Colosseum","floor":27,"gold_loss":0}],"is_beta":false,"boss_relics":[{"not_picked":["Philosopher\u0027s Stone","HoveringKite"],"picked":"WristBlade"}],"items_purged_floors":[4],"is_endless":false,"potions_floor_spawned":[5,7,12,16,19,23,29,31],"killed_by":"Champ","ascension_level":0}