{"gold_per_floor":[111,111,126,138,153,153,165,165,465,465,449,549,73,83,83,187,187,205,30,30,50,50,50,62,62,134,151,26,26,26,45,45,150,150,170,180,180,30,40,40,55,55,55,66,66,0,26,41,41,41],"floor_reached":50,"playtime":5457,"items_purged":["Strike_G","Strike_G","Strike_G","Strike_G"],"score":466,"play_id":"6402ec8c-d5a2-49cd-9b82-6cce9f65defd","local_time":"20180712003909","is_ascension_mode":false,"campfire_choices":[{"data":"Catalyst","floor":6,"key":"SMITH"},{"data":"Bane","floor":8,"key":"SMITH"},{"data":"Poisoned Stab","floor":10,"key":"SMITH"},{"floor":15,"key":"REST"},{"floor":23,"key":"REST"},{"floor":25,"key":"REST"},{"floor":30,"key":"REST"},{"floor":32,"key":"REST"},{"floor":40,"key":"REST"},{"floor":42,"key":"REST"},{"floor":49,"key":"REST"}],"neow_cost":"NONE","seed_source_timestamp":80209714331712,"circlet_count":0,"master_deck":["Defend_G","Defend_G","Defend_G","Defend_G","Survivor","Neutralize","Poisoned Stab+1","Outmaneuver","Endless Agony","Catalyst+1","Bane+1","Dagger Throw","Noxious Fumes","Backflip","Deflect","Acrobatics","Envenom","Noxious Fumes","Dagger Throw","Acrobatics","Bane","Envenom","Acrobatics","Backflip","Good Instincts","Doubt","Outmaneuver+1","Terror"],"relics":["Empty Cage","Old Coin","Letter Opener","Busted Crown","Pear","Ornamental Fan","Lizard Tail","Meat on the Bone","Red Mask","Sundial"],"potions_floor_usage":[11,16,21,33,33,39,39,48,50],"damage_taken":[{"damage":0,"enemies":"Small Slimes","floor":1,"turns":4},{"damage":0,"enemies":"Jaw Worm","floor":3,"turns":4},{"damage":7,"enemies":"Cultist","floor":4,"turns":4},{"damage":5,"enemies":"Red Slaver","floor":5,"turns":4},{"damage":17,"enemies":"Large Slime","floor":7,"turns":10},{"damage":15,"enemies":"Exordium Thugs","floor":11,"turns":4},{"damage":0,"enemies":"Blue Slaver","floor":14,"turns":2},{"damage":35,"enemies":"The Guardian","floor":16,"turns":7},{"damage":21,"enemies":"Spheric Guardian","floor":18,"turns":5},{"damage":32,"enemies":"2 Thieves","floor":21,"turns":4},{"damage":21,"enemies":"Centurion and Healer","floor":24,"turns":6},{"damage":23,"enemies":"3 Cultists","floor":27,"turns":5},{"damage":25,"enemies":"Snecko","floor":31,"turns":5},{"damage":35,"enemies":"Collector","floor":33,"turns":7},{"damage":10,"enemies":"3 Shapes","floor":35,"turns":5},{"damage":54,"enemies":"3 Darklings","floor":36,"turns":5},{"damage":27,"enemies":"Sphere and 2 Shapes","floor":39,"turns":6},{"damage":37,"enemies":"4 Shapes","floor":41,"turns":6},{"damage":35,"enemies":"3 Darklings","floor":44,"turns":5},{"damage":53,"enemies":"Nemesis","floor":47,"turns":7},{"damage":37,"enemies":"Maw","floor":48,"turns":7},{"damage":50,"enemies":"Donu and Deca","floor":50,"turns":3}],"seed_played":"-827037703432597684","potions_obtained":[{"floor":3,"key":"SkillPotion"},{"floor":11,"key":"Poison Potion"},{"floor":16,"key":"EssenceOfSteel"},{"floor":24,"key":"Fire Potion"},{"floor":27,"key":"Fire Potion"},{"floor":33,"key":"GhostInAJar"},{"floor":36,"key":"Explosive Potion"},{"floor":39,"key":"SteroidPotion"},{"floor":47,"key":"SkillPotion"}],"is_trial":false,"path_per_floor":["M","?","M","M","M","R","M","R","T","R","M","?","$","M","R","B",null,"M","$","?","M","?","R","M","R","T","M","$","?","R","M","R","B",null,"M","M","?","$","M","R","M","R","T","M","?","?","E","M","R"],"character_chosen":"THE_SILENT","items_purchased":["Noxious Fumes","Letter Opener","Backflip","Deflect","Noxious Fumes"],"campfire_rested":8,"item_purchase_floors":[13,13,13,13,19],"current_hp_per_floor":[70,70,70,63,58,58,41,41,41,41,26,26,26,26,47,12,70,49,49,59,27,27,51,30,54,54,31,31,31,55,30,54,19,80,70,16,16,16,36,60,23,47,47,24,80,80,39,14,38,0],"gold":41,"neow_bonus":"BOSS_RELIC","is_prod":false,"is_daily":false,"chose_seed":false,"campfire_upgraded":3,"win_rate":0.0,"timestamp":1531373949,"path_taken":["M","?","M","M","?","R","M","R","T","R","M","?","$","M","R","BOSS","M","$","?","M","?","R","M","R","T","?","$","?","R","M","R","BOSS","M","M","?","$","M","R","?","R","T","M","?","?","E","M","R","BOSS"],"build_version":"2018-07-05","purchased_purges":4,"victory":false,"max_hp_per_floor":[70,70,70,70,70,70,70,70,70,70,70,70,70,70,70,70,70,70,70,80,80,80,80,80,80,80,80,80,80,80,80,80,80,80,80,80,80,80,80,80,80,80,80,80,80,80,80,80,80,80],"card_choices":[{"not_picked":["Outmaneuver","Slice"],"picked":"Poisoned Stab","floor":1},{"not_picked":["Leg Sweep","Flechettes"],"picked":"Outmaneuver","floor":3},{"not_picked":["Flying Knee","Underhanded Strike"],"picked":"Endless Agony","floor":4},{"not_picked":["Quick Slash","Choke"],"picked":"Catalyst","floor":5},{"not_picked":["Deadly Poison","PiercingWail"],"picked":"Bane","floor":7},{"not_picked":["Deflect","Finisher"],"picked":"Dagger Throw","floor":11},{"not_picked":["Phantasmal Killer","Eviscerate"],"picked":"Acrobatics","floor":14},{"not_picked":["Die Die Die","Burst"],"picked":"Envenom","floor":16},{"not_picked":["Dash"],"picked":"SKIP","floor":18},{"not_picked":[],"picked":"Dagger Throw","floor":21},{"not_picked":[],"picked":"Acrobatics","floor":24},{"not_picked":[],"picked":"Bane","floor":27},{"not_picked":[],"picked":"Acrobatics","floor":31},{"not_picked":["Quick Slash"],"picked":"SKIP","floor":35},{"not_picked":[],"picked":"Backflip","floor":36},{"not_picked":[],"picked":"Good Instincts","floor":37},{"not_picked":["Quick Slash"],"picked":"SKIP","floor":39},{"not_picked":["Sucker Punch+1"],"picked":"SKIP","floor":41},{"not_picked":["Footwork"],"picked":"SKIP","floor":44},{"not_picked":[],"picked":"Outmaneuver+1","floor":47},{"not_picked":[],"picked":"Terror","floor":48}],"player_experience":42412,"relics_obtained":[{"floor":9,"key":"Old Coin"},{"floor":26,"key":"Ornamental Fan"},{"floor":43,"key":"Meat on the Bone"},{"floor":47,"key":"Sundial"}],"event_choices":[{"event_name":"Shining Light","player_choice":"Ignored","floor":2,"damage_taken":0},{"event_name":"Golden Shrine","player_choice":"Pray","floor":12,"damage_taken":0},{"event_name":"The Mausoleum","player_choice":"Yes","floor":20,"damage_taken":0},{"event_name":"Ghosts","player_choice":"Ignored","floor":22,"damage_taken":0},{"event_name":"Duplicator","player_choice":"One dupe","floor":29,"damage_taken":0},{"event_name":"SensoryStone","player_choice":"Memory 1","floor":37,"damage_taken":0},{"event_name":"MindBloom","player_choice":"Heal","floor":45,"damage_taken":0},{"event_name":"Tomb of Lord Red Mask","player_choice":"Paid","floor":46,"damage_taken":0}],"boss_relics":[{"not_picked":["Fusion Hammer","Velvet Choker"],"picked":"Busted Crown"},{"not_picked":["Tiny House","Snecko Eye"],"picked":"Lizard Tail"}],"items_purged_floors":[13,19,28,38],"is_endless":false,"potions_floor_spawned":[3,11,16,24,27,33,36,39,47],"killed_by":"Donu and Deca","ascension_level":0}