{"path_per_floor":["M","?","?","M","M","R","$","?","T","?","M","M","E","M","R","B",null,"M","$","M","?","?","R","E","$","T","?","$","M","M","$","R","B",null,"M","M","$","M","M","R","M","E","T","M","M","R","?","M","R","B"],"character_chosen":"THE_SILENT","items_purchased":["Pen Nib","Ninja Scroll","Toxic Egg 2","Bag of Marbles","Gremlin Horn","Mercury Hourglass","Medical Kit"],"gold_per_floor":[144,144,144,189,234,234,234,234,309,384,429,474,564,609,609,909,909,954,554,599,599,599,599,689,439,439,439,39,84,129,129,129,429,429,474,519,19,64,109,109,154,244,244,289,334,334,334,379,379,379],"floor_reached":51,"campfire_rested":7,"playtime":3519,"current_hp_per_floor":[69,69,80,80,80,80,80,80,80,69,69,69,63,63,80,34,80,61,61,61,61,45,77,79,79,79,79,79,79,79,79,80,51,80,74,74,74,66,53,80,77,17,17,17,17,55,55,33,71,31],"items_purged":["Normality"],"gold":379,"score":776,"play_id":"fb1e02d9-73ca-4d29-856e-f9f27d117ec8","local_time":"20180320080310","daily_mods":["Allstar","Midas","Lethality"],"is_prod":false,"is_daily":true,"is_ascension_mode":false,"campfire_upgraded":0,"timestamp":1521525790,"path_taken":["M","?","?","?","M","R","?","?","T","?","?","M","E","M","R","BOSS","M","$","M","?","?","R","E","?","T","?","$","M","M","?","R","BOSS","M","M","$","M","M","R","M","E","T","?","?","R","?","?","R","BOSS"],"build_version":"2018-03-15v3","purchased_purges":1,"victory":true,"master_deck":["Defend_G+1","Defend_G+1","Defend_G+1","Defend_G+1","Strike_G+1","Strike_G+1","Strike_G+1","Strike_G+1","Strike_G+1","Survivor","Neutralize","Mind Blast+1","Riddle With Holes","Backflip","Blur","Flying Knee","PiercingWail","Sucker Punch","Backflip","Adrenaline","Quick Slash","Outmaneuver","Unload","PiercingWail","Sucker Punch","Footwork+1","Adrenaline+1","Pain","Regret","Prepared+1","Riddle With Holes+1","Outmaneuver+1","Sucker Punch+1","Dodge and Roll+1","Slice","Flying Knee+1","Concentrate+1","Quick Slash+1"],"max_hp_per_floor":[70,70,80,80,80,80,80,80,80,80,80,80,80,80,80,80,80,80,80,80,80,80,80,80,80,80,80,80,80,80,80,80,80,80,80,80,80,80,80,80,80,80,80,80,80,80,80,80,80,80],"relics":["Ring of the Snake","Frozen Egg 2","Pantograph","Eternal Feather","Pen Nib","Ninja Scroll","Nilry\u0027s Codex","Paper Crane","Toxic Egg 2","Letter Opener","Bag of Marbles","Gremlin Horn","Calling Bell","Smiling Mask","Torii","Ancient Tea Set","Mercury Hourglass","Medical Kit","Calipers","Art of War"],"card_choices":[{"not_picked":["Acrobatics","Poisoned Stab"],"picked":"Riddle With Holes"},{"not_picked":["Acrobatics","Concentrate"],"picked":"Backflip"},{"not_picked":["Accuracy","Acrobatics"],"picked":"Blur"},{"not_picked":["Eviscerate","Bane"],"picked":"Flying Knee"},{"not_picked":["Caltrops","Endless Agony"],"picked":"PiercingWail"},{"not_picked":["Footwork","Setup"],"picked":"Sucker Punch"},{"not_picked":["Calculated Gamble","Flying Knee"],"picked":"Backflip"},{"not_picked":["Bullet Time","Night Terror"],"picked":"Adrenaline"},{"not_picked":["Bane","Deadly Poison"],"picked":"Quick Slash"},{"not_picked":["Bane","Catalyst"],"picked":"Outmaneuver"},{"not_picked":["Reflex","Masterful Stab"],"picked":"PiercingWail"},{"not_picked":["Blade Dance","Acrobatics"],"picked":"Sucker Punch"},{"not_picked":["Corpse Explosion","Quick Slash"],"picked":"Footwork"},{"not_picked":["Tactician","Envenom"],"picked":"Adrenaline"},{"not_picked":["Catalyst","Choke"],"picked":"Prepared"},{"not_picked":["Backflip","Dodge and Roll"],"picked":"Riddle With Holes"},{"not_picked":["Acrobatics","Prepared"],"picked":"Outmaneuver"},{"not_picked":["Outmaneuver","Quick Slash"],"picked":"Sucker Punch"},{"not_picked":["Choke","Noxious Fumes"],"picked":"Dodge and Roll"},{"not_picked":["Sucker Punch","Endless Agony"],"picked":"Slice"},{"not_picked":["Accuracy","Flechettes"],"picked":"Flying Knee"},{"not_picked":["Deadly Poison","Underhanded Strike"],"picked":"Concentrate"},{"not_picked":["Calculated Gamble","Prepared"],"picked":"Quick Slash"}],"player_experience":106764,"potions_floor_usage":[11,12,13,16,20,24,33,33,38,44,50,50],"damage_taken":[{"damage":1,"enemies":"2 Louse","floor":1,"turns":2},{"damage":0,"enemies":"Small Slimes","floor":4,"turns":1},{"damage":0,"enemies":"Cultist","floor":5,"turns":2},{"damage":0,"enemies":"3 Louse","floor":11,"turns":1},{"damage":0,"enemies":"Exordium Thugs","floor":12,"turns":4},{"damage":6,"enemies":"Lagavulin","floor":13,"turns":5},{"damage":0,"enemies":"Lots of Slimes","floor":14,"turns":4},{"damage":46,"enemies":"The Guardian","floor":16,"turns":16},{"damage":19,"enemies":"3 Byrds","floor":18,"turns":5},{"damage":0,"enemies":"2 Thieves","floor":20,"turns":1},{"damage":10,"enemies":"Gremlin Leader","floor":24,"turns":5},{"damage":0,"enemies":"Centurion and Healer","floor":29,"turns":2},{"damage":0,"enemies":"Cultist and Chosen","floor":30,"turns":2},{"damage":44,"enemies":"Automaton","floor":33,"turns":8},{"damage":6,"enemies":"3 Shapes","floor":35,"turns":1},{"damage":0,"enemies":"Orb Walker","floor":36,"turns":1},{"damage":8,"enemies":"Maw","floor":38,"turns":5},{"damage":13,"enemies":"Sphere and 2 Shapes","floor":39,"turns":1},{"damage":3,"enemies":"4 Shapes","floor":41,"turns":1},{"damage":60,"enemies":"Giant Head","floor":42,"turns":8},{"damage":0,"enemies":"3 Darklings","floor":44,"turns":1},{"damage":0,"enemies":"Sphere and 2 Shapes","floor":45,"turns":1},{"damage":22,"enemies":"4 Shapes","floor":48,"turns":1},{"damage":49,"enemies":"Time Eater","floor":50,"turns":9}],"event_choices":[{"event_name":"Living Wall","player_choice":"Grow","floor":2,"damage_taken":0},{"event_name":"Bonfire Elementals","player_choice":"RARE","floor":3,"damage_taken":0},{"event_name":"The Lab","player_choice":"Got Potions","floor":8,"damage_taken":0},{"event_name":"World of Goop","player_choice":"Gather Gold","floor":10,"damage_taken":0},{"event_name":"The Library","player_choice":"Read","floor":21,"damage_taken":0},{"event_name":"Cursed Tome","player_choice":"Obtained Book","floor":22,"damage_taken":0},{"event_name":"Back to Basics","player_choice":"Simplicity","floor":27,"damage_taken":0}],"boss_relics":[{"not_picked":["The Specimen","Runic Pyramid"],"picked":"Eternal Feather"},{"not_picked":["Philosopher\u0027s Stone","Velvet Choker"],"picked":"Calling Bell"}],"potions_floor_spawned":[4,13,16,18,29,30,33,36,42,44],"seed_played":"-7629097336603244972","ascension_level":0,"is_trial":false}