{"path_per_floor":["M","M","?","?","$","E","M","E","T","M","?"],"character_chosen":"IRONCLAD","items_purchased":["Toxic Egg 2"],"gold_per_floor":[119,139,389,389,73,98,109,144,144,156,331,331],"floor_reached":12,"campfire_rested":0,"playtime":371,"item_purchase_floors":[5],"current_hp_per_floor":[72,78,78,71,71,33,27,9,9,12,12,0],"items_purged":["Regret"],"gold":331,"score":123,"play_id":"3172170d-0fb1-47fc-9d98-6a073d89d8f7","local_time":"20180615084658","is_prod":false,"is_daily":false,"chose_seed":false,"is_ascension_mode":true,"campfire_upgraded":0,"win_rate":0,"timestamp":1529041618,"campfire_choices":[],"path_taken":["M","?","?","?","$","E","?","E","T","M","?","M"],"build_version":"2018-06-14","seed_source_timestamp":6321525365312,"purchased_purges":1,"victory":false,"master_deck":["Strike_R","Strike_R","Strike_R","Strike_R","Strike_R","Defend_R","Defend_R","Defend_R","Defend_R","Bash","Cleave","Rupture","Flex+1","Combust","Combust","Dual Wield+1","Doubt"],"max_hp_per_floor":[80,80,80,80,80,80,80,80,80,80,80,80],"relics":["Burning Blood","Regal Pillow","Toxic Egg 2","Question Card","Bag of Marbles","Letter Opener"],"card_choices":[{"not_picked":["Armaments","Heavy Blade"],"picked":"Cleave","floor":1},{"not_picked":["Cleave","Headbutt"],"picked":"Rupture","floor":2},{"not_picked":["Sword Boomerang","Clash"],"picked":"Flex+1","floor":6},{"not_picked":["Heavy Blade","Iron Wave","Hemokinesis"],"picked":"Combust","floor":7},{"not_picked":["Uppercut","Pummel","Corruption"],"picked":"Combust","floor":8},{"not_picked":["Exhume+1","Uppercut","Thunderclap"],"picked":"Dual Wield+1","floor":10}],"player_experience":264360,"potions_floor_usage":[8,12,12],"damage_taken":[{"damage":6,"enemies":"Cultist","floor":1,"turns":3},{"damage":0,"enemies":"Small Slimes","floor":2,"turns":3},{"damage":44,"enemies":"Gremlin Nob","floor":6,"turns":5},{"damage":12,"enemies":"Jaw Worm","floor":7,"turns":3},{"damage":39,"enemies":"Lagavulin","floor":8,"turns":7},{"damage":3,"enemies":"3 Louse","floor":10,"turns":2},{"damage":13,"enemies":"Large Slime","floor":12,"turns":3}],"relics_obtained":[{"floor":6,"key":"Question Card"},{"floor":8,"key":"Bag of Marbles"},{"floor":9,"key":"Letter Opener"}],"event_choices":[{"event_name":"Golden Shrine","player_choice":"Desecrate","floor":3,"damage_taken":0},{"event_name":"Scrap Ooze","player_choice":"success","floor":4,"damage_taken":7},{"event_name":"Liars Game","player_choice":"agreed","floor":11,"damage_taken":0}],"boss_relics":[],"items_purged_floors":[5],"is_endless":false,"potions_floor_spawned":[6,8,10],"seed_played":"1907829696555566548","killed_by":"Large Slime","ascension_level":8,"potions_obtained":[{"floor":6,"key":"Regen Potion"},{"floor":8,"key":"Strength Potion"},{"floor":10,"key":"AttackPotion"}],"is_trial":false}