{"path_per_floor":["M","$","M","?","?","E","R","E","T","?","R","T","M","M","R","B",null,"M","$","M","?","T","R","$","M","T","R","M","$","M","M","R","B",null,"M","?","T","?","T","R","$","M","T","E","M","R","M","$","R"],"character_chosen":"IRONCLAD","items_purchased":["Flex"],"gold_per_floor":[111,36,50,125,125,154,154,181,181,181,181,205,220,232,232,329,329,284,132,132,132,132,132,7,7,7,7,7,7,7,7,7,7,7,7,0,0,0,0,0,0,0,0,0,0,0,0,0,0,0],"floor_reached":50,"campfire_rested":2,"playtime":1341,"current_hp_per_floor":[80,80,80,69,74,80,80,54,54,36,36,36,35,41,66,21,85,54,54,44,44,44,44,44,68,68,68,85,85,85,82,82,34,85,85,85,85,85,85,85,85,87,87,72,70,70,75,75,93,0],"items_purged":["Defend_R","Defend_R","Defend_R"],"gold":0,"score":578,"play_id":"5cf24dda-36a0-4d9b-8397-01b13b26da2e","local_time":"20180328184458","is_prod":false,"is_daily":false,"is_ascension_mode":true,"campfire_upgraded":2,"timestamp":1522251898,"path_taken":["M","$","M","?","?","E","R","E","T","?","R","?","M","?","R","BOSS","M","?","?","?","?","R","?","M","T","R","M","$","M","M","R","BOSS","M","?","?","?","?","R","$","M","T","E","M","R","M","?","R","BOSS"],"build_version":"2018-03-22v2","purchased_purges":3,"victory":false,"master_deck":["Strike_R","Strike_R","Strike_R","Strike_R","Strike_R","Infernal Blade+1","Reaper","Rampage","Offering+1","Flex","Inflame+1","Reaper","Seeing Red+1","Shrug It Off+1","Thunderclap","Infernal Blade+1"],"max_hp_per_floor":[80,80,80,80,85,85,85,85,85,85,85,85,85,85,85,85,85,85,85,85,85,85,85,85,85,85,85,85,85,85,85,85,85,85,85,85,85,85,85,85,85,87,87,89,91,91,91,91,93,93],"relics":["Burning Blood","NeowsBlessing","War Paint","Vajra","Shovel","Frozen Egg 2","Shuriken","Oddly Smooth Stone","Ectoplasm","Ancient Tea Set","Tiny Chest","Happy Flower","Dream Catcher","Orrery","Red Mask","Singing Bowl","Sundial","Charon\u0027s Ashes","Magic Flower","Smiling Mask","Blue Candle"],"card_choices":[{"not_picked":["Pommel Strike","Armaments"],"picked":"Infernal Blade","floor":3},{"not_picked":["Dark Embrace","Entrench"],"picked":"Reaper","floor":8},{"not_picked":["Perfected Strike","Ghostly Armor"],"picked":"Rampage","floor":13},{"not_picked":["Demon Form","Double Tap"],"picked":"Offering","floor":16},{"not_picked":["Feel No Pain","Clothesline"],"picked":"Inflame","floor":20},{"not_picked":["Feed","Dark Embrace"],"picked":"Reaper","floor":33},{"not_picked":["Pommel Strike","Anger"],"picked":"Seeing Red","floor":34},{"not_picked":["Evolve","Fiend Fire"],"picked":"Shrug It Off","floor":34},{"not_picked":["Sentinel","Iron Wave"],"picked":"Thunderclap","floor":35},{"not_picked":["Iron Wave","True Grit"],"picked":"Infernal Blade","floor":47}],"player_experience":138922,"potions_floor_usage":[25,25,28,31,33,44,45,50],"damage_taken":[{"damage":0,"enemies":"Small Slimes","floor":1,"turns":1},{"damage":0,"enemies":"2 Louse","floor":3,"turns":1},{"damage":0,"enemies":"3 Sentries","floor":6,"turns":1},{"damage":32,"enemies":"Gremlin Nob","floor":8,"turns":4},{"damage":12,"enemies":"Jaw Worm","floor":13,"turns":2},{"damage":8,"enemies":"3 Louse","floor":14,"turns":3},{"damage":60,"enemies":"Hexaghost","floor":16,"turns":8},{"damage":37,"enemies":"2 Thieves","floor":18,"turns":3},{"damage":16,"enemies":"Shell Parasite","floor":20,"turns":2},{"damage":4,"enemies":"Cultist and Chosen","floor":25,"turns":3},{"damage":0,"enemies":"Snake Plant","floor":28,"turns":2},{"damage":14,"enemies":"Centurion and Healer","floor":30,"turns":3},{"damage":30,"enemies":"Slaver and Parasite","floor":31,"turns":2},{"damage":75,"enemies":"Champ","floor":33,"turns":6},{"damage":8,"enemies":"Orb Walker","floor":35,"turns":2},{"damage":4,"enemies":"3 Darklings","floor":42,"turns":2},{"damage":39,"enemies":"Giant Head","floor":44,"turns":5},{"damage":33,"enemies":"Maw","floor":45,"turns":5},{"damage":19,"enemies":"Sphere and 2 Shapes","floor":47,"turns":3},{"damage":115,"enemies":"Awakened One","floor":50,"turns":7}],"event_choices":[{"event_name":"World of Goop","player_choice":"Gather Gold","floor":4,"damage_taken":0},{"event_name":"Big Fish","player_choice":"Donut","floor":5,"damage_taken":0},{"event_name":"Scrap Ooze","player_choice":"success","floor":10,"damage_taken":18},{"event_name":"Back to Basics","player_choice":"Elegance","floor":21,"damage_taken":0},{"event_name":"Tomb of Lord Red Mask","player_choice":"Paid","floor":36,"damage_taken":0}],"boss_relics":[{"not_picked":["Pandora\u0027s Box","Cursed Key"],"picked":"Ectoplasm"},{"not_picked":["Mark of Pain","Tiny House"],"picked":"Orrery"}],"potions_floor_spawned":[3,14,25,30,31,42,44,47],"seed_played":"3340503411024105587","killed_by":"Awakened One","ascension_level":2,"is_trial":false}