{"path_per_floor":["M","?","?","M","$","R","E","M","T","M","$","R","$","E","R","B",null,"M","?","T","M","?","$","R","E","T","M","M","R","$","M","R"],"character_chosen":"IRONCLAD","items_purchased":["Whirlwind","Bloodletting"],"gold_per_floor":[113,113,288,302,152,152,185,195,195,211,111,111,78,104,104,205,205,219,219,219,237,237,112,112,145,145,155,165,165,15,34,34,34],"floor_reached":33,"campfire_rested":2,"playtime":688,"current_hp_per_floor":[78,78,78,80,80,80,90,86,86,90,90,90,90,90,90,33,76,79,79,79,85,85,85,85,72,72,61,52,83,83,75,104,0],"items_purged":["Strike_R","Strike_R","Defend_R","Defend_R"],"gold":34,"score":444,"play_id":"8964c5d9-ccb4-484b-93f1-d013c2492089","local_time":"20180505210859","is_prod":false,"is_daily":false,"chose_seed":false,"is_ascension_mode":true,"campfire_upgraded":4,"timestamp":1525543739,"path_taken":["M","?","?","?","?","R","E","?","T","M","$","R","$","E","R","BOSS","M","?","?","M","?","?","R","E","T","?","M","R","$","M","R","BOSS"],"build_version":"2018-05-03","seed_source_timestamp":114251031113151,"purchased_purges":4,"victory":false,"master_deck":["Strike_R","Strike_R","Strike_R","Defend_R","Defend_R","Bash+1","Whirlwind+1","Bloodletting+1","Bloodletting+1","Impervious+1"],"max_hp_per_floor":[80,80,80,80,80,80,90,90,90,90,90,90,90,90,90,90,90,90,90,90,90,90,90,90,104,104,104,104,104,104,104,104,104],"relics":["Burning Blood","NeowsBlessing","Pear","Dodecahedron","Champion Belt","Mark of Pain","Ornamental Fan","Dead Branch","Spirit Poop","Mango","Blue Candle"],"card_choices":[{"not_picked":["Limit Break","Fire Breathing"],"picked":"Bloodletting","floor":10},{"not_picked":["Barricade","Brutality"],"picked":"Impervious","floor":16}],"player_experience":237806,"potions_floor_usage":[14,25,25,28,28],"damage_taken":[{"damage":0,"enemies":"2 Louse","floor":1,"turns":1},{"damage":0,"enemies":"Cultist","floor":4,"turns":1},{"damage":0,"enemies":"Lagavulin","floor":7,"turns":1},{"damage":10,"enemies":"Small Slimes","floor":8,"turns":3},{"damage":0,"enemies":"3 Louse","floor":10,"turns":1},{"damage":6,"enemies":"3 Sentries","floor":14,"turns":1},{"damage":63,"enemies":"Slime Boss","floor":16,"turns":11},{"damage":3,"enemies":"2 Thieves","floor":18,"turns":1},{"damage":0,"enemies":"3 Byrds","floor":21,"turns":4},{"damage":33,"enemies":"Gremlin Leader","floor":25,"turns":5},{"damage":17,"enemies":"Centurion and Healer","floor":27,"turns":3},{"damage":15,"enemies":"Chosen and Byrds","floor":28,"turns":3},{"damage":14,"enemies":"Sentry and Sphere","floor":31,"turns":3},{"damage":105,"enemies":"Automaton","floor":33,"turns":8}],"event_choices":[{"event_name":"Upgrade Shrine","player_choice":"Upgraded","floor":2,"damage_taken":0},{"event_name":"Liars Game","player_choice":"agreed","floor":3,"damage_taken":0},{"event_name":"The Mausoleum","player_choice":"Yes","floor":19,"damage_taken":0},{"event_name":"Bonfire Elementals","player_choice":"CURSE","floor":22,"damage_taken":0}],"boss_relics":[{"not_picked":["White Beast Statue","Calling Bell"],"picked":"Mark of Pain"}],"potions_floor_spawned":[4,16,18,21,27],"seed_played":"-9167578754863261933","killed_by":"Automaton","ascension_level":6,"is_trial":false}