{"path_per_floor":["M","?","$","M","?","E","?","E","T","M","M","R","M","M","R"],"character_chosen":"IRONCLAD","items_purchased":[],"gold_per_floor":[112,112,37,49,49,84,84,114,114,125,139,139,154,170,170,170],"floor_reached":16,"campfire_rested":2,"playtime":1198,"current_hp_per_floor":[77,70,70,70,70,40,40,13,13,19,25,49,40,43,67,0],"items_purged":["Strike_R"],"gold":170,"score":129,"play_id":"6c58133f-ebb6-439f-990f-e705f733cbd8","local_time":"20180406091726","is_prod":false,"is_daily":false,"is_ascension_mode":true,"campfire_upgraded":0,"timestamp":1522995446,"path_taken":["M","?","?","M","?","E","?","E","T","M","M","R","M","M","R","BOSS"],"build_version":"2018-04-05v2","purchased_purges":1,"victory":false,"master_deck":["Strike_R","Strike_R","Defend_R","Defend_R","Defend_R","Bash","Shrug It Off+1","Flame Barrier","Flex","Thunderclap","Cleave","Fire Breathing"],"max_hp_per_floor":[80,80,80,80,80,80,80,80,80,80,80,80,80,80,80,80],"relics":["Burning Blood","Omamori","Happy Flower","Bird Faced Urn"],"card_choices":[{"not_picked":["Perfected Strike","Thunderclap"],"picked":"Shrug It Off","floor":1},{"not_picked":["Hemokinesis","Carnage"],"picked":"Flame Barrier","floor":6},{"not_picked":["Blood for Blood","True Grit"],"picked":"Flex","floor":8},{"not_picked":["Anger","Entrench"],"picked":"Thunderclap","floor":11},{"not_picked":["Dual Wield","Wild Strike"],"picked":"Cleave","floor":13},{"not_picked":["Flex","Barricade"],"picked":"Fire Breathing","floor":14}],"player_experience":183642,"potions_floor_usage":[10,11,11,16],"damage_taken":[{"damage":9,"enemies":"Jaw Worm","floor":1,"turns":5},{"damage":6,"enemies":"Small Slimes","floor":4,"turns":4},{"damage":36,"enemies":"Gremlin Nob","floor":6,"turns":6},{"damage":33,"enemies":"3 Sentries","floor":8,"turns":14},{"damage":0,"enemies":"Cultist","floor":10,"turns":4},{"damage":0,"enemies":"Large Slime","floor":11,"turns":8},{"damage":15,"enemies":"Lots of Slimes","floor":13,"turns":4},{"damage":3,"enemies":"3 Louse","floor":14,"turns":3},{"damage":72,"enemies":"Slime Boss","floor":16,"turns":10}],"event_choices":[{"event_name":"Golden Wing","player_choice":"Card Removal","floor":2,"damage_taken":0},{"event_name":"Upgrade Shrine","player_choice":"Upgraded","floor":5,"damage_taken":0},{"event_name":"Living Wall","player_choice":"Forget","floor":7,"damage_taken":0}],"boss_relics":[],"potions_floor_spawned":[6,8,10,13],"seed_played":"-5093066061839644375","killed_by":"Slime Boss","ascension_level":3,"is_trial":false}