{"gold_per_floor":[110,136,136,148,164,164,178,178,223,236,263,101,101,101,101,205,205,221,232,331,348,348,348,381,381,381,321,337,350,360,370,370,370],"floor_reached":33,"playtime":1229,"items_purged":["Strike_R"],"score":269,"play_id":"ce65fde2-fe4a-4948-883d-eac714524f5c","local_time":"20190713130331","is_ascension_mode":false,"campfire_choices":[{"data":"Dropkick","floor":6,"key":"SMITH"},{"data":"True Grit","floor":8,"key":"SMITH"},{"data":"Dropkick","floor":13,"key":"SMITH"},{"data":"Flash of Steel","floor":15,"key":"SMITH"},{"data":"Dropkick","floor":23,"key":"SMITH"},{"floor":32,"key":"REST"}],"neow_cost":"TEN_PERCENT_HP_LOSS","seed_source_timestamp":168874518619546,"circlet_count":0,"master_deck":["Strike_R","Strike_R","Defend_R","Defend_R","Defend_R","Defend_R","Bash+1","Dropkick+1","True Grit+1","Dropkick+1","Flash of Steel+1","Dropkick+1","Seeing Red","Fiend Fire","Dual Wield+1"],"relics":["Burning Blood","Nunchaku","Vajra","Black Star","Singing Bowl","Paper Frog","MutagenicStrength","Pantograph"],"potions_floor_usage":[16,24,31,33],"damage_taken":[{"damage":1,"enemies":"Cultist","floor":1,"turns":3},{"damage":9,"enemies":"2 Louse","floor":4,"turns":3},{"damage":0,"enemies":"Small Slimes","floor":5,"turns":4},{"damage":13,"enemies":"Exordium Thugs","floor":7,"turns":7},{"damage":10,"enemies":"Blue Slaver","floor":10,"turns":3},{"damage":14,"enemies":"Gremlin Nob","floor":11,"turns":4},{"damage":19,"enemies":"Hexaghost","floor":16,"turns":6},{"damage":0,"enemies":"Shell Parasite","floor":18,"turns":6},{"damage":16,"enemies":"3 Byrds","floor":19,"turns":7},{"damage":27,"enemies":"Snake Plant","floor":21,"turns":5},{"damage":12,"enemies":"Book of Stabbing","floor":24,"turns":4},{"damage":2,"enemies":"Snecko","floor":28,"turns":4},{"damage":0,"enemies":"Chosen and Byrds","floor":29,"turns":3},{"damage":41,"enemies":"Centurion and Healer","floor":30,"turns":5},{"damage":11,"enemies":"Shelled Parasite and Fungi","floor":31,"turns":4},{"damage":74,"enemies":"Collector","floor":33,"turns":6}],"seed_played":"1995725212576005021","potions_obtained":[{"floor":1,"key":"Poison Potion"},{"floor":16,"key":"FearPotion"},{"floor":18,"key":"Block Potion"},{"floor":29,"key":"SteroidPotion"},{"floor":31,"key":"Poison Potion"}],"is_trial":false,"path_per_floor":["M","T","?","M","M","R","M","R","T","M","E","$","R","?","R","B",null,"M","M","?","M","?","R","E","?","T","?","M","M","M","M","R","B"],"character_chosen":"IRONCLAD","items_purchased":["Flash of Steel"],"campfire_rested":1,"item_purchase_floors":[12],"current_hp_per_floor":[72,72,72,69,72,72,65,65,65,61,53,53,53,53,53,40,72,72,62,62,41,41,41,35,35,35,35,39,47,14,11,34,0],"gold":370,"neow_bonus":"ONE_RARE_RELIC","is_prod":false,"is_daily":false,"chose_seed":false,"campfire_upgraded":5,"win_rate":0,"timestamp":1563015811,"path_taken":["M","?","?","M","?","R","M","R","T","M","E","$","R","?","R","BOSS","M","M","?","M","?","R","E","?","T","?","?","?","M","M","R","BOSS"],"build_version":"2019-07-05","purchased_purges":1,"victory":false,"max_hp_per_floor":[72,72,72,72,72,72,72,72,72,72,72,72,72,72,72,72,72,72,72,72,72,72,72,72,72,72,72,72,74,76,78,78,78],"card_choices":[{"not_picked":["Corruption","True Grit"],"picked":"Dropkick","floor":1},{"not_picked":["Clothesline","Body Slam","Pummel"],"picked":"SKIP","floor":4},{"not_picked":["Warcry","Armaments"],"picked":"True Grit","floor":5},{"not_picked":["Wild Strike","Entrench","Heavy Blade"],"picked":"SKIP","floor":7},{"not_picked":["Heavy Blade","True Grit"],"picked":"Dropkick","floor":10},{"not_picked":["Cleave","Exhume","Iron Wave"],"picked":"SKIP","floor":11},{"not_picked":["Wild Strike","Metallicize"],"picked":"Dropkick","floor":18},{"not_picked":["Cleave+1","Rampage"],"picked":"Seeing Red","floor":19},{"not_picked":["Perfected Strike","Armaments+1","Body Slam"],"picked":"SKIP","floor":21},{"not_picked":["Sentinel","Armaments"],"picked":"Fiend Fire","floor":24},{"not_picked":["Hemokinesis","Body Slam"],"picked":"Dual Wield+1","floor":28},{"not_picked":["Inflame","Clash","Rupture+1"],"picked":"Singing Bowl","floor":29},{"not_picked":["Rampage+1","Disarm","Anger"],"picked":"Singing Bowl","floor":30},{"not_picked":["Feel No Pain+1","Twin Strike","Reckless Charge"],"picked":"Singing Bowl","floor":31}],"player_experience":108888,"relics_obtained":[{"floor":9,"key":"Vajra"},{"floor":24,"key":"Singing Bowl"},{"floor":24,"key":"Paper Frog"},{"floor":26,"key":"Pantograph"}],"event_choices":[{"damage_healed":0,"gold_gain":0,"player_choice":"Upgraded","damage_taken":0,"max_hp_gain":0,"max_hp_loss":0,"event_name":"Upgrade Shrine","floor":3,"gold_loss":0,"cards_upgraded":["Bash"]},{"cards_removed":["Strike_R"],"damage_healed":0,"gold_gain":0,"player_choice":"Offered Basic","damage_taken":0,"max_hp_gain":0,"max_hp_loss":0,"event_name":"Bonfire Elementals","floor":14,"gold_loss":0},{"damage_healed":0,"gold_gain":99,"player_choice":"Stole From Cult","damage_taken":0,"max_hp_gain":0,"max_hp_loss":0,"event_name":"Nest","floor":20,"gold_loss":0},{"damage_healed":0,"gold_gain":0,"player_choice":"Ignored","damage_taken":0,"max_hp_gain":0,"max_hp_loss":0,"event_name":"The Mausoleum","floor":22,"gold_loss":0},{"damage_healed":0,"gold_gain":0,"player_choice":"Inject Mutagens","damage_taken":0,"relics_obtained":["MutagenicStrength"],"max_hp_gain":0,"max_hp_loss":0,"event_name":"Drug Dealer","floor":25,"gold_loss":0},{"cards_removed":["Strike_R"],"damage_healed":0,"gold_gain":0,"player_choice":"Single Remove","damage_taken":0,"max_hp_gain":0,"max_hp_loss":0,"event_name":"Designer","floor":27,"gold_loss":60}],"is_beta":false,"boss_relics":[{"not_picked":["Astrolabe","Mark of Pain"],"picked":"Black Star"}],"items_purged_floors":[12],"is_endless":false,"potions_floor_spawned":[1,16,18,29,31],"killed_by":"Collector","ascension_level":0}