{"gold_per_floor":[116,132,132,152,12,12,32,43,43,76,88,129,167,195,207,219],"floor_reached":16,"playtime":524,"items_purged":[],"score":179,"play_id":"0cd22931-9003-493b-89ff-80dde96712ab","local_time":"20190302215250","is_ascension_mode":true,"campfire_choices":[{"data":"Feed","floor":6,"key":"SMITH"},{"floor":11,"key":"REST"},{"floor":15,"key":"REST"}],"neow_cost":"NONE","seed_source_timestamp":48143014818800,"circlet_count":0,"master_deck":["AscendersBane","Strike_R","Strike_R","Strike_R","Strike_R","Defend_R","Defend_R","Defend_R","Defend_R","Bash","Infernal Blade","Pommel Strike","Thunderclap","Feed+1","Infernal Blade","Ghostly Armor","Intimidate","Limit Break"],"relics":["Burning Blood","NeowsBlessing","Ornamental Fan","MawBank","Calipers","Odd Mushroom"],"potions_floor_usage":[8,8,12,16],"damage_taken":[{"damage":0,"enemies":"Small Slimes","floor":1,"turns":1},{"damage":0,"enemies":"Cultist","floor":2,"turns":1},{"damage":0,"enemies":"2 Louse","floor":4,"turns":1},{"damage":11,"enemies":"Looter","floor":7,"turns":2},{"damage":28,"enemies":"Exordium Thugs","floor":8,"turns":6},{"damage":24,"enemies":"Gremlin Nob","floor":10,"turns":3},{"damage":48,"enemies":"Lagavulin","floor":12,"turns":8},{"damage":16,"enemies":"The Mushroom Lair","floor":13,"turns":4},{"damage":12,"enemies":"3 Louse","floor":14,"turns":3},{"damage":42,"enemies":"The Guardian","floor":16,"turns":11}],"seed_played":"6052983480717246118","potions_obtained":[{"floor":4,"key":"Dexterity Potion"},{"floor":7,"key":"SpeedPotion"},{"floor":10,"key":"LiquidBronze"},{"floor":14,"key":"PowerPotion"}],"is_trial":false,"path_per_floor":["M","M","?","M","$","R","M","M","T","E","R","E","?","M","R","B"],"character_chosen":"IRONCLAD","items_purchased":["Feed"],"campfire_rested":2,"item_purchase_floors":[5],"current_hp_per_floor":[78,80,80,80,80,80,75,57,57,39,64,22,16,14,41,0],"gold":219,"neow_bonus":"THREE_ENEMY_KILL","is_prod":false,"is_daily":false,"chose_seed":false,"campfire_upgraded":1,"win_rate":0,"timestamp":1551556370,"path_taken":["M","M","?","?","?","R","M","M","T","E","R","E","?","M","R","BOSS"],"build_version":"2019-01-23","purchased_purges":0,"victory":false,"max_hp_per_floor":[80,80,80,80,80,80,80,84,84,84,84,84,88,92,92,92],"card_choices":[{"not_picked":["Armaments","Corruption"],"picked":"Infernal Blade","floor":1},{"not_picked":["Iron Wave","Evolve"],"picked":"Pommel Strike","floor":2},{"not_picked":["Carnage","Cleave"],"picked":"Thunderclap","floor":4},{"not_picked":["True Grit","Clothesline"],"picked":"Infernal Blade","floor":7},{"not_picked":["Evolve","Havoc","Iron Wave"],"picked":"SKIP","floor":8},{"not_picked":["Sword Boomerang","Hemokinesis"],"picked":"Ghostly Armor","floor":10},{"not_picked":["Thunderclap","Headbutt","Wild Strike"],"picked":"SKIP","floor":12},{"not_picked":["Fire Breathing","Armaments"],"picked":"Intimidate","floor":13},{"not_picked":["Battle Trance","Anger"],"picked":"Limit Break","floor":14}],"player_experience":488417,"relics_obtained":[{"floor":9,"key":"Ornamental Fan"},{"floor":10,"key":"MawBank"},{"floor":12,"key":"Calipers"},{"floor":13,"key":"Odd Mushroom"}],"event_choices":[{"cards_removed":["Strike_R"],"damage_healed":0,"gold_gain":0,"player_choice":"Purged","damage_taken":0,"max_hp_gain":0,"max_hp_loss":0,"event_name":"Purifier","floor":3,"gold_loss":0},{"damage_healed":0,"gold_gain":0,"player_choice":"Fought Mushrooms","damage_taken":0,"max_hp_gain":0,"max_hp_loss":0,"event_name":"Mushrooms","floor":13,"gold_loss":0}],"is_beta":false,"boss_relics":[],"items_purged_floors":[],"is_endless":false,"potions_floor_spawned":[4,7,10,14],"killed_by":"The Guardian","ascension_level":12}