{"path_per_floor":["M","?","$","M","M","R","M","?","T","R","E","R","$","M","R","B",null,"M","M","$","?","?","E","M","R","T","M","M","R","?","T","R","B",null,"M","?"],"character_chosen":"IRONCLAD","items_purchased":["Whirlwind"],"gold_per_floor":[119,119,44,63,75,75,95,118,196,196,222,222,122,137,137,235,235,235,235,71,31,31,31,31,31,31,31,31,31,31,31,31,31,31,31,31,31],"floor_reached":37,"campfire_rested":4,"playtime":1353,"current_hp_per_floor":[79,84,84,85,85,85,82,63,63,63,56,56,56,48,73,16,85,85,80,80,80,80,48,29,54,54,25,20,45,45,45,85,21,85,12,12,0],"items_purged":["Strike_R","Strike_R","Strike_R"],"gold":31,"score":445,"play_id":"e80d6ce3-3bc1-42eb-8b47-6984612f5f13","local_time":"20180407095703","is_prod":false,"is_daily":false,"is_ascension_mode":true,"campfire_upgraded":3,"timestamp":1523084223,"path_taken":["M","?","$","?","M","R","M","?","T","R","E","R","$","M","R","BOSS","M","M","$","?","?","E","?","R","T","M","?","R","?","?","R","BOSS","M","?","M"],"build_version":"2018-04-05v2","purchased_purges":3,"victory":false,"master_deck":["Bash","Fire Breathing+1","Inflame+1","Shockwave","Inflame","Fire Breathing+1","Fiend Fire","Heavy Blade+1","Fire Breathing+1","Whirlwind","Disarm","Heavy Blade","Shockwave","Shrug It Off","Double Tap","Corruption","Havoc","True Grit","Sever Soul","Metallicize","Flex+1"],"max_hp_per_floor":[80,85,85,85,85,85,85,85,85,85,85,85,85,85,85,85,85,85,85,85,85,85,85,85,85,85,85,85,85,85,85,85,85,85,85,85,85],"relics":["Burning Blood","Odd Mushroom","Dodecahedron","Centennial Puzzle","Ectoplasm","Darkstone Periapt","Dream Catcher","Regal Pillow","Pandora\u0027s Box"],"card_choices":[{"not_picked":["Iron Wave","Battle Trance"],"picked":"Fire Breathing","floor":1},{"not_picked":["Headbutt","Second Wind"],"picked":"Inflame","floor":5},{"not_picked":["Exhume","Rampage"],"picked":"Shockwave","floor":7},{"not_picked":["Sword Boomerang","Perfected Strike"],"picked":"Inflame","floor":8},{"not_picked":["Body Slam","Battle Trance"],"picked":"Fire Breathing","floor":11},{"not_picked":["Immolate","Brutality"],"picked":"Fiend Fire","floor":16},{"not_picked":["Dropkick","Armaments"],"picked":"Heavy Blade","floor":18},{"not_picked":["Wild Strike","Sentinel"],"picked":"Fire Breathing","floor":19},{"not_picked":["Anger","Havoc"],"picked":"Disarm","floor":23},{"not_picked":["Anger","Twin Strike"],"picked":"Heavy Blade","floor":27},{"not_picked":["Clash","Heavy Blade"],"picked":"Shockwave","floor":28},{"not_picked":["Sword Boomerang","Flex"],"picked":"Shrug It Off","floor":29},{"not_picked":["Fiend Fire","Limit Break"],"picked":"Double Tap","floor":33},{"not_picked":["Uppercut","Wild Strike"],"picked":"Flex","floor":35}],"player_experience":185007,"potions_floor_usage":[5,11,18,23,27,28,28,33],"damage_taken":[{"damage":7,"enemies":"2 Louse","floor":1,"turns":2},{"damage":1,"enemies":"Cultist","floor":4,"turns":4},{"damage":0,"enemies":"Small Slimes","floor":5,"turns":3},{"damage":9,"enemies":"Red Slaver","floor":7,"turns":5},{"damage":25,"enemies":"The Mushroom Lair","floor":8,"turns":5},{"damage":13,"enemies":"Lagavulin","floor":11,"turns":8},{"damage":14,"enemies":"Exordium Thugs","floor":14,"turns":3},{"damage":63,"enemies":"Hexaghost","floor":16,"turns":9},{"damage":7,"enemies":"3 Byrds","floor":18,"turns":6},{"damage":11,"enemies":"Spheric Guardian","floor":19,"turns":3},{"damage":38,"enemies":"Book of Stabbing","floor":23,"turns":4},{"damage":25,"enemies":"Snecko","floor":24,"turns":4},{"damage":35,"enemies":"Centurion and Healer","floor":27,"turns":5},{"damage":11,"enemies":"Chosen and Byrds","floor":28,"turns":4},{"damage":70,"enemies":"Collector","floor":33,"turns":10},{"damage":79,"enemies":"3 Shapes","floor":35,"turns":4},{"damage":14,"enemies":"Orb Walker","floor":37,"turns":3}],"event_choices":[{"event_name":"Big Fish","player_choice":"Donut","floor":2,"damage_taken":0},{"event_name":"Mushrooms","player_choice":"Fought Mushrooms","floor":8,"damage_taken":0},{"event_name":"The Woman in Blue","player_choice":"Bought 3 Potions","floor":21,"damage_taken":0},{"event_name":"Addict","player_choice":"Ignored","floor":22,"damage_taken":0},{"event_name":"Drug Dealer","player_choice":"Ignored","floor":30,"damage_taken":0}],"boss_relics":[{"not_picked":["Eternal Feather","Mark of Pain"],"picked":"Ectoplasm"},{"not_picked":["Snecko Eye","Runic Dome"],"picked":"Pandora\u0027s Box"}],"potions_floor_spawned":[4,7,16,27,28],"seed_played":"3716542409863597151","killed_by":"Orb Walker","ascension_level":3,"is_trial":false}