{"gold_per_floor":[109,122,222,24,34,64,64,77,77,10,23,23],"floor_reached":12,"playtime":350,"items_purged":[],"score":132,"play_id":"e988a3c9-40f8-44c2-a060-e919b9c7bd4a","local_time":"20190405174601","is_ascension_mode":true,"campfire_choices":[{"floor":7,"key":"RECALL"}],"neow_cost":"NONE","seed_source_timestamp":36217814937200,"circlet_count":0,"master_deck":["AscendersBane","Strike_R","Strike_R","Strike_R","Strike_R","Strike_R","Defend_R","Defend_R","Defend_R","Defend_R","Bash","Perfected Strike","Twin Strike","Havoc","Flex","Combust","Twin Strike"],"relics":["Burning Blood","NeowsBlessing","Chemical X","Pear"],"potions_floor_usage":[6,8,12],"damage_taken":[{"damage":0,"enemies":"Small Slimes","floor":1,"turns":1},{"damage":0,"enemies":"Cultist","floor":2,"turns":1},{"damage":0,"enemies":"2 Louse","floor":5,"turns":1},{"damage":60,"enemies":"3 Sentries","floor":6,"turns":12},{"damage":6,"enemies":"Exordium Wildlife","floor":8,"turns":3},{"damage":24,"enemies":"Blue Slaver","floor":11,"turns":4},{"damage":40,"enemies":"Lagavulin","floor":12,"turns":3}],"seed_played":"-8833545343580674392","potions_obtained":[{"floor":2,"key":"Energy Potion"},{"floor":6,"key":"AttackPotion"},{"floor":8,"key":"BloodPotion"}],"is_trial":false,"path_per_floor":["M","M","?","$","M","E","R","M","T","$","M","E"],"character_chosen":"IRONCLAD","items_purchased":["Chemical X","Combust"],"campfire_rested":0,"item_purchase_floors":[4,10],"current_hp_per_floor":[78,80,80,80,80,36,36,36,36,36,18,0],"gold":23,"neow_bonus":"THREE_ENEMY_KILL","is_prod":false,"is_daily":false,"chose_seed":false,"campfire_upgraded":0,"win_rate":0,"timestamp":1554475561,"path_taken":["M","M","?","$","M","E","R","?","T","?","M","E"],"build_version":"2019-01-23","purchased_purges":0,"victory":false,"max_hp_per_floor":[80,80,80,80,80,90,90,90,90,90,90,90],"card_choices":[{"not_picked":["Wild Strike","Hemokinesis"],"picked":"Perfected Strike","floor":1},{"not_picked":["True Grit","Power Through","Warcry"],"picked":"SKIP","floor":2},{"not_picked":["Pummel","Sword Boomerang"],"picked":"Twin Strike","floor":5},{"not_picked":["Bludgeon","Burning Pact"],"picked":"Havoc","floor":6},{"not_picked":["Uppercut","Thunderclap"],"picked":"Flex","floor":8},{"not_picked":["Entrench","Shrug It Off"],"picked":"Twin Strike","floor":11}],"player_experience":525585,"relics_obtained":[{"floor":6,"key":"Pear"}],"event_choices":[{"damage_healed":0,"gold_gain":100,"player_choice":"Gold","damage_taken":0,"max_hp_gain":0,"max_hp_loss":0,"event_name":"Wheel of Change","floor":3,"gold_loss":0}],"is_beta":false,"boss_relics":[],"items_purged_floors":[],"is_endless":false,"potions_floor_spawned":[2,6,8],"killed_by":"Lagavulin","ascension_level":13}