{"gold_per_floor":[17,35,35,53,73,73,86,86,86,86,111,169,169,201,201,275,275,289,289,289,289,52,52,84,84,84,84,95,95,95,429,429,501,501,512,16,28,0,0,0,18,18,18,52,71,104,120,135,135,135,135,135,48,48],"floor_reached":54,"playtime":9952,"items_purged":["Strike_B"],"score":1461,"play_id":"c23d7926-e818-498b-a5af-ec7c7e5ec59a","local_time":"20190706205305","is_ascension_mode":true,"campfire_choices":[{"data":"Consume","floor":6,"key":"SMITH"},{"data":"Dualcast","floor":8,"key":"SMITH"},{"data":"Rebound","floor":10,"key":"SMITH"},{"data":"Go for the Eyes","floor":15,"key":"SMITH"},{"floor":23,"key":"REST"},{"data":"Doom and Gloom","floor":27,"key":"SMITH"},{"data":"Self Repair","floor":29,"key":"SMITH"},{"data":"Electrodynamics","floor":32,"key":"SMITH"},{"floor":40,"key":"RECALL"},{"floor":49,"key":"REST"},{"floor":52,"key":"REST"}],"neow_cost":"NO_GOLD","seed_source_timestamp":162008988150763,"circlet_count":0,"master_deck":["AscendersBane","Defend_B","Defend_B","Defend_B","Defend_B","Zap+1","Dualcast+1","FTL+1","Compile Driver","Consume+1","Glacier","Rebound+1","Go for the Eyes+1","Doom and Gloom+1","Electrodynamics+1","Creative AI+1","Redo+1","Glacier+1","Self Repair+1","Hologram+1","Ghostly+1","Ghostly+1","Ghostly+1","Storm","White Noise+1","Hologram+1","Redo+1","Glacier+1","Redo+1","Buffer","Turbo+1","Darkness+1","Capacitor"],"relics":["Cracked Core","Bird Faced Urn","Oddly Smooth Stone","Odd Mushroom","Omamori","Bottled Flame","Gremlin Horn","Astrolabe","Enchiridion","Regal Pillow","Dream Catcher","CultistMask","Toxic Egg 2","Old Coin","Fusion Hammer","Thread and Needle","Red Mask","Mercury Hourglass","Strawberry"],"potions_floor_usage":[14,18,41,54,54],"damage_taken":[{"damage":2,"enemies":"Jaw Worm","floor":1,"turns":4},{"damage":0,"enemies":"Small Slimes","floor":2,"turns":2},{"damage":0,"enemies":"2 Louse","floor":4,"turns":2},{"damage":7,"enemies":"Looter","floor":5,"turns":3},{"damage":3,"enemies":"Blue Slaver","floor":7,"turns":5},{"damage":1,"enemies":"The Mushroom Lair","floor":11,"turns":4},{"damage":6,"enemies":"3 Sentries","floor":12,"turns":9},{"damage":16,"enemies":"Lagavulin","floor":14,"turns":6},{"damage":25,"enemies":"Slime Boss","floor":16,"turns":7},{"damage":20,"enemies":"2 Thieves","floor":18,"turns":4},{"damage":24,"enemies":"Book of Stabbing","floor":24,"turns":7},{"damage":8,"enemies":"3 Byrds","floor":28,"turns":5},{"damage":0,"enemies":"Gremlin Leader","floor":31,"turns":6},{"damage":1,"enemies":"Champ","floor":33,"turns":10},{"damage":0,"enemies":"Orb Walker","floor":35,"turns":4},{"damage":0,"enemies":"3 Shapes","floor":37,"turns":4},{"damage":5,"enemies":"Maw","floor":41,"turns":7},{"damage":0,"enemies":"Reptomancer","floor":44,"turns":4},{"damage":0,"enemies":"Jaw Worm Horde","floor":45,"turns":3},{"damage":6,"enemies":"Nemesis","floor":46,"turns":10},{"damage":3,"enemies":"Sphere and 2 Shapes","floor":47,"turns":4},{"damage":0,"enemies":"Transient","floor":48,"turns":6},{"damage":35,"enemies":"Time Eater","floor":50,"turns":12},{"damage":54,"enemies":"Shield and Spear","floor":54,"turns":5}],"seed_played":"4252376633452913522","potions_obtained":[{"floor":4,"key":"FearPotion"},{"floor":5,"key":"Regen Potion"},{"floor":12,"key":"LiquidBronze"},{"floor":16,"key":"SkillPotion"},{"floor":18,"key":"Block Potion"},{"floor":41,"key":"EssenceOfSteel"},{"floor":47,"key":"FocusPotion"}],"is_trial":false,"path_per_floor":["M","M","?","M","M","R","M","R","T","R","?","?","T","E","R","B",null,"M","?","?","?","$","R","E","?","T","R","M","R","?","E","R","B",null,"M","$","M","?","?","R","M","?","T","E","M","E","M","M","R","B",null,"R","$","E"],"character_chosen":"DEFECT","items_purchased":["Regal Pillow","Thread and Needle","Storm","White Noise+1","Hologram+1","Capacitor"],"campfire_rested":3,"item_purchase_floors":[22,36,36,36,36,53],"current_hp_per_floor":[62,62,62,62,55,55,52,52,52,52,51,45,45,44,44,19,58,40,40,19,19,19,55,54,54,54,54,59,59,35,35,35,35,35,35,35,35,35,35,35,35,35,35,35,35,42,42,42,42,37,41,42,42,0],"gold":48,"neow_bonus":"ONE_RARE_RELIC","is_prod":false,"is_daily":false,"chose_seed":false,"campfire_upgraded":7,"win_rate":0,"timestamp":1562460785,"path_taken":["M","M","?","M","M","R","M","R","T","R","?","?","?","E","R","BOSS","M","?","?","?","$","R","E","?","T","R","?","R","?","E","R","BOSS","M","$","M","?","?","R","M","?","T","E","M","E","?","M","R","BOSS","R","$","E"],"build_version":"2019-07-05","purchased_purges":1,"victory":false,"max_hp_per_floor":[71,71,71,71,71,71,71,71,71,71,71,71,71,71,71,71,71,71,71,71,71,71,71,71,71,71,71,71,71,35,35,35,35,35,35,35,35,35,35,35,35,35,35,35,35,42,42,42,42,42,42,42,42,42],"card_choices":[{"not_picked":["Conserve Battery","Fusion"],"picked":"FTL","floor":1},{"not_picked":["Beam Cell","Barrage"],"picked":"Compile Driver","floor":2},{"not_picked":["Steam","Beam Cell"],"picked":"Consume","floor":4},{"not_picked":["Aggregate","Hello World"],"picked":"Glacier","floor":5},{"not_picked":["Barrage","Gash"],"picked":"Rebound","floor":7},{"not_picked":["Sweeping Beam","Leap"],"picked":"Go for the Eyes","floor":12},{"not_picked":["Chill","Coolheaded"],"picked":"Doom and Gloom","floor":14},{"not_picked":["Multi-Cast","Core Surge"],"picked":"Electrodynamics","floor":16},{"not_picked":["Barrage","Coolheaded","Sweeping Beam"],"picked":"SKIP","floor":18},{"not_picked":["Cold Snap","Barrage","Leap"],"picked":"SKIP","floor":24},{"not_picked":["Beam Cell","Conserve Battery+1"],"picked":"Hologram+1","floor":28},{"not_picked":["Steam+1","Streamline","Barrage"],"picked":"SKIP","floor":31},{"not_picked":["Hologram+1","Go for the Eyes"],"picked":"Defragment","floor":35},{"not_picked":["Genetic Algorithm+1","Turbo+1"],"picked":"Redo+1","floor":37},{"not_picked":["Streamline","Compile Driver"],"picked":"Glacier+1","floor":41},{"not_picked":["Sweeping Beam","Beam Cell"],"picked":"Redo+1","floor":44},{"not_picked":["Scrape","Recycle+1","Rebound"],"picked":"SKIP","floor":45},{"not_picked":["Ball Lightning+1","White Noise+1"],"picked":"Buffer","floor":46},{"not_picked":["Turbo+1","Rip and Tear","Ball Lightning"],"picked":"SKIP","floor":47},{"not_picked":["Rip and Tear","Ball Lightning"],"picked":"Turbo+1","floor":47},{"not_picked":["Double Energy+1","Gash","Redo+1"],"picked":"SKIP","floor":48},{"not_picked":["Beam Cell","Aggregate+1"],"picked":"Darkness+1","floor":49}],"player_experience":2399763,"relics_obtained":[{"floor":9,"key":"Oddly Smooth Stone"},{"floor":11,"key":"Odd Mushroom"},{"floor":12,"key":"Omamori"},{"floor":13,"key":"Bottled Flame"},{"floor":14,"key":"Gremlin Horn"},{"floor":20,"key":"Enchiridion"},{"floor":24,"key":"Dream Catcher"},{"floor":26,"key":"Toxic Egg 2"},{"floor":31,"key":"Old Coin"},{"floor":44,"key":"Mercury Hourglass"},{"floor":46,"key":"Strawberry"}],"event_choices":[{"damage_healed":0,"gold_gain":0,"player_choice":"Grow","damage_taken":0,"max_hp_gain":0,"max_hp_loss":0,"event_name":"Living Wall","floor":3,"gold_loss":0,"cards_upgraded":["Zap"]},{"damage_healed":0,"gold_gain":0,"player_choice":"Fought Mushrooms","damage_taken":0,"max_hp_gain":0,"max_hp_loss":0,"event_name":"Mushrooms","floor":11,"gold_loss":0},{"damage_healed":0,"gold_gain":30,"player_choice":"Searched \u00272\u0027 times","damage_taken":0,"max_hp_gain":0,"max_hp_loss":0,"event_name":"Dead Adventurer","floor":12,"gold_loss":0},{"damage_healed":0,"gold_gain":0,"player_choice":"Read","damage_taken":0,"max_hp_gain":0,"max_hp_loss":0,"event_name":"The Library","floor":19,"gold_loss":0,"cards_obtained":["Self Repair"]},{"damage_healed":0,"gold_gain":0,"player_choice":"Obtained Book","damage_taken":21,"max_hp_gain":0,"max_hp_loss":0,"event_name":"Cursed Tome","floor":20,"gold_loss":0},{"damage_healed":0,"gold_gain":0,"player_choice":"Ignored","damage_taken":0,"max_hp_gain":0,"max_hp_loss":0,"event_name":"Vampires","floor":21,"gold_loss":0},{"damage_healed":0,"gold_gain":0,"player_choice":"Trade","damage_taken":0,"relics_obtained":["CultistMask"],"max_hp_gain":0,"max_hp_loss":0,"event_name":"FaceTrader","floor":25,"gold_loss":0},{"damage_healed":0,"gold_gain":0,"player_choice":"Became a Ghost","damage_taken":0,"max_hp_gain":0,"max_hp_loss":36,"event_name":"Ghosts","floor":30,"gold_loss":0,"cards_obtained":["Ghostly","Ghostly","Ghostly"]},{"damage_healed":0,"gold_gain":0,"player_choice":"Paid","damage_taken":0,"relics_obtained":["Red Mask"],"max_hp_gain":0,"max_hp_loss":0,"event_name":"Tomb of Lord Red Mask","floor":38,"gold_loss":28},{"cards_removed":["Defragment"],"damage_healed":0,"gold_gain":0,"player_choice":"Removed Power","damage_taken":0,"max_hp_gain":0,"max_hp_loss":0,"event_name":"Falling","floor":39,"gold_loss":0},{"damage_healed":0,"gold_gain":0,"player_choice":"Upgraded","damage_taken":0,"max_hp_gain":0,"max_hp_loss":0,"event_name":"Upgrade Shrine","floor":42,"gold_loss":0,"cards_upgraded":["FTL"]}],"is_beta":false,"boss_relics":[{"not_picked":["Empty Cage","Lizard Tail"],"picked":"Astrolabe"},{"not_picked":["White Beast Statue","Tiny House"],"picked":"Fusion Hammer"}],"items_purged_floors":[22],"is_endless":false,"potions_floor_spawned":[4,5,12,16,18,28,31,37,41,45,47],"killed_by":"Shield and Spear","ascension_level":18}