{"gold_per_floor":[112,112,112,122,197,226,226,236,236,255,255,267,281,338,338,438,438,455,554,554,585,603,603,286,286,286,298,585,272,284,315,315,420,420,435,535,535,554,554,579,589,616,616,616,616,616,631,631,631,631],"floor_reached":51,"playtime":2046,"items_purged":["Decay","Regret"],"score":985,"play_id":"b4472df5-b6ba-408e-813b-a448dbf0440d","local_time":"20190326190018","is_ascension_mode":true,"campfire_choices":[{"floor":7.0,"key":"REST"},{"floor":11.0,"key":"REST"},{"data":"Dodge and Roll","floor":15.0,"key":"SMITH"},{"floor":23.0,"key":"REST"},{"data":"Venomology","floor":25.0,"key":"SMITH"},{"data":"Doppelganger","floor":27.0,"key":"SMITH"},{"floor":32.0,"key":"REST"},{"floor":44,"key":"REST"},{"floor":49,"key":"REST"}],"neow_cost":"NONE","seed_source_timestamp":0,"circlet_count":0,"master_deck":["Survivor","Neutralize+1","Escape Plan","Doppelganger+1","Endless Agony","Corpse Explosion","All Out Attack","All Out Attack+1","Acrobatics","Crippling Poison","Flying Knee+1","Dash","Catalyst+1","PiercingWail","Tactician","Noxious Fumes","Riddle With Holes","Noxious Fumes","Dodge and Roll+1","Dash","Venomology+1","Parasite","Prepared+1","Noxious Fumes","Bouncing Flask+1","Catalyst+1","Venomology+1"],"special_seed":0,"relics":["Pandora\u0027s Box","Dream Catcher","Mercury Hourglass","Whetstone","Calling Bell","Regal Pillow","Singing Bowl","Prayer Wheel","Red Mask","Matryoshka","MawBank","Snake Skull","Blood Vial","Omamori","Lizard Tail","Ginger","Orichalcum","Kunai","Bronze Scales","Juzu Bracelet","Molten Egg 2","Ninja Scroll"],"potions_floor_usage":[42,42,42,47,47,47,50,50,50,50],"damage_taken":[{"damage":1.0,"enemies":"2 Louse","floor":1.0,"turns":2.0},{"damage":0.0,"enemies":"Cultist","floor":4.0,"turns":2.0},{"damage":15.0,"enemies":"Lagavulin","floor":6.0,"turns":5.0},{"damage":0.0,"enemies":"Small Slimes","floor":8.0,"turns":2.0},{"damage":12.0,"enemies":"2 Fungi Beasts","floor":10.0,"turns":2.0},{"damage":0.0,"enemies":"Exordium Wildlife","floor":12.0,"turns":3.0},{"damage":0.0,"enemies":"3 Louse","floor":13.0,"turns":2.0},{"damage":13.0,"enemies":"Lagavulin Event","floor":14.0,"turns":5.0},{"damage":13.0,"enemies":"The Guardian","floor":16.0,"turns":8.0},{"damage":6.0,"enemies":"2 Thieves","floor":18.0,"turns":2.0},{"damage":33.0,"enemies":"Masked Bandits","floor":21.0,"turns":4.0},{"damage":9.0,"enemies":"Shell Parasite","floor":22.0,"turns":4.0},{"damage":8.0,"enemies":"Cultist and Chosen","floor":30.0,"turns":3.0},{"damage":43.0,"enemies":"Book of Stabbing","floor":31.0,"turns":6.0},{"damage":31.0,"enemies":"Collector","floor":33.0,"turns":6.0},{"damage":21.0,"enemies":"Orb Walker","floor":35.0,"turns":4.0},{"damage":16.0,"enemies":"Mind Bloom Boss Battle","floor":36.0,"turns":5.0},{"damage":2.0,"enemies":"3 Shapes","floor":38.0,"turns":3.0},{"damage":21.0,"enemies":"Nemesis","floor":40.0,"turns":5.0},{"damage":7.0,"enemies":"Spire Growth","floor":41.0,"turns":3.0},{"damage":51,"enemies":"Reptomancer","floor":42,"turns":6},{"damage":13,"enemies":"Jaw Worm Horde","floor":47,"turns":2},{"damage":29,"enemies":"Time Eater","floor":50,"turns":5}],"seed_played":"3950818271941346739","potions_obtained":[{"floor":1.0,"key":"LiquidBronze"},{"floor":4.0,"key":"AttackPotion"},{"floor":6.0,"key":"Dexterity Potion"},{"floor":16.0,"key":"GhostInAJar"},{"floor":18.0,"key":"Poison Potion"},{"floor":21.0,"key":"AttackPotion"},{"floor":22.0,"key":"LiquidBronze"},{"floor":38.0,"key":"Block Potion"},{"floor":41.0,"key":"Regen Potion"},{"floor":42,"key":"Swift Potion"},{"floor":47,"key":"SpeedPotion"}],"is_trial":false,"path_per_floor":["M","?","?","M","?","E","R","M","T","M","R","M","M","?","R","B",null,"M","?","?","?","M","R","$","R","T","R","?","$","M","E","R","B",null,"M","?","T","M","?","E","M","E","T","R","?","T","M","?","R","B",null],"character_chosen":"THE_SILENT","items_purchased":["Matryoshka","Noxious Fumes","Blood Vial"],"campfire_rested":6,"item_purchase_floors":[24,29,29],"current_hp_per_floor":[69,55,55,55,44,29,50,50,50,38,59,59,59,46,46,33,70,68,68,68,37,30,70,70,70,70,70,70,70,68,29,69,42,88,69,57,57,61,61,44,41,9,9,56,56,56,49,49,98,71],"gold":631,"neow_bonus":"BOSS_RELIC","is_prod":false,"is_daily":false,"chose_seed":false,"campfire_upgraded":3,"win_rate":0,"timestamp":1553619618,"path_taken":["M","?","?","?","?","E","R","M","T","M","R","M","M","?","R","BOSS","M","?","?","?","M","R","$","R","T","R","?","$","?","E","R","BOSS","M","?","?","M","?","E","?","E","T","R","?","?","M","?","R","BOSS"],"build_version":"2019-01-23","purchased_purges":2,"victory":true,"max_hp_per_floor":[70,70,70,70,70,70,70,70,70,70,70,70,70,70,70,70,70,74,74,74,76,78,80,80,80,80,80,80,80,84,86,86,88,88,90,92,92,96,96,98,100,102,102,104,104,104,108,108,110,110],"card_choices":[{"not_picked":["Sucker Punch","PiercingWail"],"picked":"Catalyst","floor":1.0},{"not_picked":["Underhanded Strike","Bane"],"picked":"Footwork","floor":4.0},{"not_picked":["Dagger Spray","Infinite Blades"],"picked":"PiercingWail","floor":6.0},{"not_picked":["Endless Agony","Finisher"],"picked":"Tactician","floor":7.0},{"not_picked":["Terror","Dash"],"picked":"Noxious Fumes","floor":8.0},{"not_picked":["Backflip","Underhanded Strike"],"picked":"Riddle With Holes","floor":10.0},{"not_picked":["Flying Knee","PiercingWail"],"picked":"Noxious Fumes","floor":11.0},{"not_picked":["Sucker Punch","Setup"],"picked":"Dodge and Roll","floor":12.0},{"not_picked":["Dagger Throw","Finisher"],"picked":"Dash","floor":13.0},{"not_picked":["Doppelganger","Corpse Explosion"],"picked":"Venomology","floor":16.0},{"not_picked":["Cloak And Dagger","Acrobatics","Dagger Spray"],"picked":"Singing Bowl","floor":18.0},{"not_picked":["Dagger Throw","Skewer","Dodge and Roll"],"picked":"Singing Bowl","floor":18.0},{"not_picked":["Flying Knee+1","Quick Slash","Dagger Throw"],"picked":"Singing Bowl","floor":21.0},{"not_picked":["Outmaneuver","Choke","Bane+1"],"picked":"Singing Bowl","floor":22.0},{"not_picked":["Footwork","Choke"],"picked":"Prepared+1","floor":22.0},{"not_picked":["Tools of the Trade","Poisoned Stab","Skewer"],"picked":"Singing Bowl","floor":23.0},{"not_picked":["Cloak And Dagger+1","Dodge and Roll","Bane+1"],"picked":"Singing Bowl","floor":30.0},{"not_picked":["Dash","Dodge and Roll","Masterful Stab+1"],"picked":"Singing Bowl","floor":30.0},{"not_picked":["Die Die Die","Infinite Blades+1","Dagger Spray+1"],"picked":"Singing Bowl","floor":31.0},{"not_picked":["Blade Dance","Bane"],"picked":"Bouncing Flask","floor":32.0},{"not_picked":["Grand Finale","Storm of Steel","A Thousand Cuts"],"picked":"Singing Bowl","floor":33.0},{"not_picked":["Masterful Stab","Deadly Poison","Cloak And Dagger+1"],"picked":"Singing Bowl","floor":35.0},{"not_picked":["Dodge and Roll+1","Heel Hook+1"],"picked":"Catalyst+1","floor":35.0},{"not_picked":["Cloak And Dagger+1","Accuracy","Concentrate"],"picked":"Singing Bowl","floor":36.0},{"not_picked":["Outmaneuver","Flechettes+1","Quick Slash+1"],"picked":"Singing Bowl","floor":38.0},{"not_picked":["Prepared+1","Caltrops+1","Acrobatics"],"picked":"Singing Bowl","floor":38.0},{"not_picked":["Dodge and Roll","Terror+1","Cloak And Dagger+1"],"picked":"Singing Bowl","floor":40.0},{"not_picked":["Cloak And Dagger+1","Escape Plan"],"picked":"Venomology","floor":41.0},{"not_picked":["Backflip","Sucker Punch","Deadly Poison+1"],"picked":"Singing Bowl","floor":41.0},{"not_picked":["Deflect","Outmaneuver+1","Prepared+1"],"picked":"Singing Bowl","floor":42},{"not_picked":["Accuracy+1","Backflip","Backstab+1"],"picked":"Singing Bowl","floor":44},{"not_picked":["Expertise+1","Leg Sweep","Predator+1"],"picked":"Singing Bowl","floor":47},{"not_picked":["Deflect","Riddle With Holes+1","Deadly Poison"],"picked":"Singing Bowl","floor":47},{"not_picked":["Finisher+1","Acrobatics+1","Dagger Spray+1"],"picked":"Singing Bowl","floor":49}],"player_experience":501204,"relics_obtained":[{"floor":6.0,"key":"Dream Catcher"},{"floor":9.0,"key":"Mercury Hourglass"},{"floor":14.0,"key":"Whetstone"},{"floor":17.0,"key":"Regal Pillow"},{"floor":17.0,"key":"Singing Bowl"},{"floor":17.0,"key":"Prayer Wheel"},{"floor":21.0,"key":"Red Mask"},{"floor":26.0,"key":"MawBank"},{"floor":26.0,"key":"Snake Skull"},{"floor":31.0,"key":"Omamori"},{"floor":36.0,"key":"Ginger"},{"floor":37.0,"key":"Orichalcum"},{"floor":37.0,"key":"Kunai"},{"floor":40.0,"key":"Bronze Scales"},{"floor":42,"key":"Juzu Bracelet"},{"floor":43,"key":"Molten Egg 2"},{"floor":46,"key":"Ninja Scroll"}],"event_choices":[{"damage_healed":0.0,"max_hp_gain":0.0,"max_hp_loss":0.0,"gold_gain":0.0,"event_name":"Shining Light","player_choice":"Entered Light","floor":2.0,"gold_loss":0.0,"damage_taken":14.0,"cards_upgraded":["Catalyst","Neutralize"]},{"damage_healed":0.0,"max_hp_gain":0.0,"max_hp_loss":0.0,"gold_gain":0.0,"event_name":"Purifier","player_choice":"Ignored","floor":3.0,"gold_loss":0.0,"damage_taken":0.0},{"damage_healed":0.0,"max_hp_gain":0.0,"max_hp_loss":0.0,"gold_gain":75.0,"event_name":"World of Goop","player_choice":"Gather Gold","floor":5.0,"gold_loss":0.0,"damage_taken":11.0},{"damage_healed":0.0,"max_hp_gain":0.0,"max_hp_loss":0.0,"gold_gain":0.0,"event_name":"Dead Adventurer","player_choice":"Searched \u00271\u0027 times","floor":14.0,"gold_loss":0.0,"damage_taken":0.0},{"damage_healed":0.0,"max_hp_gain":0.0,"max_hp_loss":0.0,"gold_gain":99.0,"event_name":"Nest","player_choice":"Stole From Cult","floor":19.0,"gold_loss":0.0,"damage_taken":0.0},{"cards_removed":["Normality"],"damage_healed":0.0,"max_hp_gain":0.0,"max_hp_loss":0.0,"gold_gain":0.0,"event_name":"Back to Basics","player_choice":"Elegance","floor":20.0,"gold_loss":0.0,"damage_taken":0.0},{"damage_healed":0.0,"max_hp_gain":0.0,"max_hp_loss":0.0,"gold_gain":0.0,"event_name":"Masked Bandits","player_choice":"Fought Bandits","floor":21.0,"gold_loss":0.0,"damage_taken":0.0},{"damage_healed":0.0,"max_hp_gain":0.0,"max_hp_loss":0.0,"gold_gain":275.0,"event_name":"Golden Shrine","player_choice":"Desecrate","floor":28.0,"gold_loss":0.0,"damage_taken":0.0,"cards_obtained":["Regret"]},{"damage_healed":0.0,"max_hp_gain":0.0,"max_hp_loss":0.0,"gold_gain":0.0,"event_name":"MindBloom","player_choice":"Fight","floor":36.0,"gold_loss":0.0,"damage_taken":0.0},{"damage_healed":0.0,"max_hp_gain":0.0,"max_hp_loss":0.0,"gold_gain":0.0,"event_name":"Accursed Blacksmith","player_choice":"Forge","floor":39.0,"gold_loss":0.0,"damage_taken":0.0,"cards_upgraded":["Bouncing Flask"]},{"cards_removed":["Footwork"],"damage_healed":0,"gold_gain":0,"player_choice":"Removed Power","damage_taken":0,"max_hp_gain":0,"max_hp_loss":0,"event_name":"Falling","floor":45,"gold_loss":0},{"damage_healed":0,"gold_gain":0,"player_choice":"Upgraded","damage_taken":0,"max_hp_gain":0,"max_hp_loss":0,"event_name":"Upgrade Shrine","floor":48,"gold_loss":0,"cards_upgraded":["Venomology"]}],"is_beta":false,"boss_relics":[{"not_picked":["Empty Cage","Runic Pyramid"],"picked":"Calling Bell"},{"not_picked":["WristBlade","Philosopher\u0027s Stone"],"picked":"Lizard Tail"}],"items_purged_floors":[24,29],"is_endless":false,"potions_floor_spawned":[1,4,6,16,18,21,22,38,41,42,47],"ascension_level":4}