{"path_per_floor":["M","M","M","?","?","R","E","R","T","M","M","$","R","M","R","B",null,"M","?","$","?","$","R","E","M","T"],"character_chosen":"THE_SILENT","items_purchased":["Mercury Hourglass","Omamori"],"gold_per_floor":[115,128,146,146,321,321,355,355,406,424,440,147,147,166,166,268,268,281,281,84,84,84,84,114,132,162],"floor_reached":27,"campfire_rested":2,"playtime":1539,"current_hp_per_floor":[67,61,60,60,60,60,30,30,30,25,23,23,44,44,65,23,70,68,49,49,49,49,49,24,25,25],"items_purged":["Regret","Doubt"],"gold":162,"score":257,"play_id":"ee0c34b6-2943-4751-b6c7-a248cba7d7a5","local_time":"20180318210312","is_prod":false,"is_daily":false,"is_ascension_mode":false,"campfire_upgraded":3,"timestamp":1521399792,"path_taken":["M","M","M","?","?","R","E","R","T","M","M","$","R","M","R","BOSS","M","?","$","?","?","R","E","M","T","E"],"build_version":"2018-03-15v3","purchased_purges":3,"victory":false,"master_deck":["Defend_G","Defend_G","Defend_G","Defend_G","Defend_G","Survivor","Neutralize","Outmaneuver+1","Dash+1","Slice","Well Laid Plans","Crippling Poison","Flying Knee","Slice","Envenom+1","Slice+1","Bite","Bite","Bite","Bite","Bite","Crippling Poison","Deflect"],"max_hp_per_floor":[70,70,70,70,70,70,70,70,70,70,70,70,70,70,70,70,70,70,49,49,49,49,49,49,49,49],"relics":["Ring of the Snake","Juzu Bracelet","Smiling Mask","Bronze Scales","Mercury Hourglass","Black Star","Omamori","Bag of Marbles","Happy Flower","Oddly Smooth Stone","Tiny Chest"],"card_choices":[{"not_picked":["Heel Hook","Deadly Poison"],"picked":"Outmaneuver"},{"not_picked":["Dagger Throw","Sucker Punch"],"picked":"Dash"},{"not_picked":["Night Terror","Deflect"],"picked":"Slice"},{"not_picked":["Dodge and Roll","Calculated Gamble"],"picked":"Well Laid Plans"},{"not_picked":["Backflip","Deflect"],"picked":"Crippling Poison"},{"not_picked":["Deflect","Bane"],"picked":"Flying Knee"},{"not_picked":["Blade Dance","Choke"],"picked":"Slice"},{"not_picked":["Die Die Die","Glass Knife"],"picked":"Envenom"},{"not_picked":["Cloak And Dagger","Finisher"],"picked":"Slice"},{"not_picked":["Prepared","Deflect"],"picked":"Crippling Poison"},{"not_picked":["Eviscerate","Flying Knee"],"picked":"Deflect"}],"player_experience":94646,"potions_floor_usage":[7,14,16,18,27],"damage_taken":[{"damage":3,"enemies":"Jaw Worm","floor":1,"turns":3},{"damage":6,"enemies":"2 Louse","floor":2,"turns":4},{"damage":1,"enemies":"Cultist","floor":3,"turns":4},{"damage":30,"enemies":"3 Sentries","floor":7,"turns":14},{"damage":5,"enemies":"Looter","floor":10,"turns":3},{"damage":2,"enemies":"2 Fungi Beasts","floor":11,"turns":3},{"damage":0,"enemies":"Large Slime","floor":14,"turns":2},{"damage":42,"enemies":"The Guardian","floor":16,"turns":13},{"damage":2,"enemies":"Shell Parasite","floor":18,"turns":5},{"damage":29,"enemies":"Book of Stabbing","floor":24,"turns":5},{"damage":7,"enemies":"Spheric Guardian","floor":25,"turns":3},{"damage":49,"enemies":"Slavers","floor":27,"turns":4}],"event_choices":[{"event_name":"Big Fish","player_choice":"Box","floor":4,"damage_taken":0},{"event_name":"Liars Game","player_choice":"agreed","floor":5,"damage_taken":0},{"event_name":"Vampires","player_choice":"Became a vampire","floor":19,"damage_taken":0},{"event_name":"The Mausoleum","player_choice":"Yes","floor":21,"damage_taken":0}],"boss_relics":[{"not_picked":["Question Card","Astrolabe"],"picked":"Black Star"}],"potions_floor_spawned":[2,10,11,14,25],"seed_played":"8505845162592239567","killed_by":"Slavers","ascension_level":0,"is_trial":false}