{"gold_per_floor":[119,137,137,162,186,186,226,226,279,297,315,340,355,399,399,530,530,470,470,241,241,241,241,241,241,241,241,241,241,241,241,241,241,241,241,241,241,241,241,241,0,0,0,0,0,0,0,0,0,0],"floor_reached":50,"playtime":2279,"items_purged":["Defend_B"],"score":623,"play_id":"93e84a56-2352-4c96-add4-5d1beeaf9704","local_time":"20181002221150","is_ascension_mode":true,"campfire_choices":[{"data":"Redo","floor":6.0,"key":"SMITH"},{"floor":8.0,"key":"REST"},{"floor":15.0,"key":"REST"},{"floor":23.0,"key":"REST"},{"floor":30.0,"key":"REST"},{"data":"Rainbow","floor":32.0,"key":"SMITH"},{"data":"Magnetism","floor":40.0,"key":"SMITH"},{"data":"White Noise","floor":46.0,"key":"SMITH"},{"floor":49,"key":"REST"}],"neow_cost":"","seed_source_timestamp":0,"circlet_count":0,"master_deck":["Strike_B","Strike_B","Strike_B","Strike_B","Defend_B","Defend_B","Defend_B","Zap","Dualcast","Defragment","Redo+1","Rainbow+1","Conserve Battery","Conserve Battery","Biased Cognition","Sweeping Beam+1","Chill+1","Conserve Battery+1","Buffer","White Noise+1","Magnetism","Enlightenment","Magnetism+1","Writhe"],"special_seed":0,"relics":["Cracked Core","Golden Idol","Symbiotic Virus","Oddly Smooth Stone","Odd Mushroom","Blood Vial","Ectoplasm","PreservedInsect","Regal Pillow","DataDisk","Sundial","Black Star","Ginger","Red Mask","Girya"],"potions_floor_usage":[48],"damage_taken":[{"damage":1.0,"enemies":"Cultist","floor":1.0,"turns":3.0},{"damage":1.0,"enemies":"2 Louse","floor":2.0,"turns":2.0},{"damage":0.0,"enemies":"Small Slimes","floor":4.0,"turns":3.0},{"damage":5.0,"enemies":"Blue Slaver","floor":5.0,"turns":3.0},{"damage":35.0,"enemies":"Lagavulin","floor":7.0,"turns":7.0},{"damage":0.0,"enemies":"2 Fungi Beasts","floor":10.0,"turns":2.0},{"damage":4.0,"enemies":"3 Louse","floor":11.0,"turns":3.0},{"damage":12.0,"enemies":"The Mushroom Lair","floor":12.0,"turns":4.0},{"damage":0.0,"enemies":"Red Slaver","floor":13.0,"turns":2.0},{"damage":16.0,"enemies":"3 Sentries","floor":14.0,"turns":8.0},{"damage":6.0,"enemies":"The Guardian","floor":16.0,"turns":9.0},{"damage":22.0,"enemies":"2 Thieves","floor":18.0,"turns":4.0},{"damage":0.0,"enemies":"Spheric Guardian","floor":21.0,"turns":3.0},{"damage":23.0,"enemies":"Shelled Parasite and Fungi","floor":22.0,"turns":4.0},{"damage":30.0,"enemies":"3 Cultists","floor":24.0,"turns":6.0},{"damage":0.0,"enemies":"Gremlin Leader","floor":25.0,"turns":4.0},{"damage":0.0,"enemies":"Slavers","floor":28.0,"turns":1.0},{"damage":12.0,"enemies":"Cultist and Chosen","floor":29.0,"turns":6.0},{"damage":11.0,"enemies":"Centurion and Healer","floor":31.0,"turns":5.0},{"damage":68.0,"enemies":"Champ","floor":33.0,"turns":13.0},{"damage":0.0,"enemies":"3 Shapes","floor":35.0,"turns":8.0},{"damage":29.0,"enemies":"3 Darklings","floor":36.0,"turns":7.0},{"damage":1.0,"enemies":"Mind Bloom Boss Battle","floor":39.0,"turns":10.0},{"damage":32.0,"enemies":"Transient","floor":47.0,"turns":5.0},{"damage":23,"enemies":"Sphere and 2 Shapes","floor":48,"turns":6},{"damage":62,"enemies":"Donu and Deca","floor":50,"turns":6}],"seed_played":"7201876957285437633","potions_obtained":[{"floor":2.0,"key":"Weak Potion"},{"floor":4.0,"key":"Energy Potion"},{"floor":5.0,"key":"Fire Potion"},{"floor":7.0,"key":"GamblersBrew"},{"floor":11.0,"key":"Poison Potion"},{"floor":14.0,"key":"FocusPotion"},{"floor":24.0,"key":"SmokeBomb"},{"floor":29.0,"key":"Regen Potion"},{"floor":39.0,"key":"Regen Potion"}],"is_trial":false,"path_per_floor":["M","M","?","M","M","R","E","R","T","M","M","?","M","E","R","B",null,"M","?","$","M","M","R","M","E","T","?","E","M","R","M","R","B",null,"M","M","?","?","?","R","?","$","T","?","$","R","M","M","R"],"character_chosen":"DEFECT","items_purchased":["Regal Pillow"],"campfire_rested":5,"item_purchase_floors":[20],"current_hp_per_floor":[74,73,55,55,50,50,15,37,37,37,33,21,21,5,27,23,75,53,53,53,55,34,71,43,45,45,45,47,37,74,75,75,7,75,75,46,36,55,56,56,56,56,56,66,66,66,34,22,56,0],"gold":0,"neow_bonus":"","is_prod":false,"is_daily":false,"chose_seed":false,"campfire_upgraded":4,"win_rate":0,"timestamp":1538507510,"path_taken":["M","?","?","M","M","R","E","R","T","M","M","?","M","E","R","BOSS","M","?","$","M","M","R","?","E","T","?","E","M","R","M","R","BOSS","M","M","?","?","?","R","?","?","T","?","$","R","?","M","R","BOSS"],"build_version":"2018-09-27","purchased_purges":1,"victory":false,"max_hp_per_floor":[75,75,75,75,75,75,75,75,75,75,75,75,75,75,75,75,75,75,75,75,75,75,75,75,75,75,75,75,75,75,75,75,75,75,75,75,75,75,75,75,75,75,75,66,66,66,66,66,66,66],"card_choices":[{"not_picked":["Beam Cell","Scrape"],"picked":"Defragment","floor":1.0},{"not_picked":["Cold Snap","Leap"],"picked":"Redo","floor":2.0},{"not_picked":["Compile Driver","Barrage","Gash"],"picked":"SKIP","floor":4.0},{"not_picked":["Skim","Gash","Steam"],"picked":"SKIP","floor":5.0},{"not_picked":["Go for the Eyes","Cold Snap","Stack"],"picked":"SKIP","floor":7.0},{"not_picked":["Reinforced Body","Steam"],"picked":"Rainbow","floor":10.0},{"not_picked":["Doom and Gloom","Chaos"],"picked":"Conserve Battery","floor":11.0},{"not_picked":["Ball Lightning","Turbo"],"picked":"Conserve Battery","floor":13.0},{"not_picked":["Melter","Aggregate","Reinforced Body"],"picked":"SKIP","floor":14.0},{"not_picked":["Hyperbeam","All For One"],"picked":"Biased Cognition","floor":16.0},{"not_picked":["Streamline","Steam","Rebound+1"],"picked":"SKIP","floor":18.0},{"not_picked":["Streamline+1","Gash","Cold Snap+1"],"picked":"SKIP","floor":21.0},{"not_picked":["Cold Snap","Static Discharge","Go for the Eyes"],"picked":"SKIP","floor":22.0},{"not_picked":["Beam Cell","All For One"],"picked":"Sweeping Beam+1","floor":24.0},{"not_picked":["Hologram","Glacier","Reinforced Body"],"picked":"SKIP","floor":25.0},{"not_picked":["Blizzard","Redo"],"picked":"Chill+1","floor":29.0},{"not_picked":["Sweeping Beam+1","Cold Snap"],"picked":"Conserve Battery+1","floor":31.0},{"not_picked":["Thunder Strike","Fission"],"picked":"Buffer","floor":33.0},{"not_picked":["Rebound+1","Hello World"],"picked":"White Noise","floor":35.0},{"not_picked":["Stack+1","Fusion+1","Barrage"],"picked":"SKIP","floor":36.0},{"not_picked":["Jack Of All Trades","Enlightenment"],"picked":"Magnetism","floor":37.0},{"not_picked":["Flash of Steel","Blind"],"picked":"Enlightenment","floor":37.0},{"not_picked":["Dramatic Entrance","Panacea"],"picked":"Magnetism","floor":37.0},{"not_picked":["Coolheaded+1","Undo","Turbo"],"picked":"SKIP","floor":47.0},{"not_picked":["Consume+1","Blizzard+1","Stack"],"picked":"SKIP","floor":48}],"player_experience":415148,"relics_obtained":[{"floor":7.0,"key":"Symbiotic Virus"},{"floor":9.0,"key":"Oddly Smooth Stone"},{"floor":12.0,"key":"Odd Mushroom"},{"floor":14.0,"key":"Blood Vial"},{"floor":25.0,"key":"DataDisk"},{"floor":26.0,"key":"Sundial"},{"floor":39.0,"key":"Ginger"},{"floor":43.0,"key":"Girya"}],"event_choices":[{"event_name":"Golden Idol","player_choice":"Take Damage","floor":3.0,"damage_taken":0.0},{"event_name":"Mushrooms","player_choice":"Fought Mushrooms","floor":12.0,"damage_taken":0.0},{"event_name":"The Mausoleum","player_choice":"Yes","floor":19.0,"damage_taken":0.0},{"event_name":"Nest","player_choice":"Stole From Cult","floor":27.0,"damage_taken":0.0},{"event_name":"SensoryStone","player_choice":"Memory 3","floor":37.0,"damage_taken":0.0},{"event_name":"Winding Halls","player_choice":"Writhe","floor":38.0,"damage_taken":0.0},{"event_name":"MindBloom","player_choice":"Fight","floor":39.0,"damage_taken":0.0},{"event_name":"Tomb of Lord Red Mask","player_choice":"Paid","floor":41.0,"damage_taken":0.0},{"event_name":"The Moai Head","player_choice":"Heal","floor":44.0,"damage_taken":0.0}],"is_beta":false,"boss_relics":[{"not_picked":["Runic Dome","Snecko Eye"],"picked":"Ectoplasm"},{"not_picked":["Orrery","Velvet Choker"],"picked":"Black Star"}],"items_purged_floors":[20],"is_endless":false,"potions_floor_spawned":[2,4,5,7,11,14,24,28,29,39],"killed_by":"Donu and Deca","ascension_level":4}