{"gold_per_floor":[359,359,359,1,20,20,40,64,89,105,180,180,180,203,203,331,331,331,27,27,27,27,27,27,27,27,27,27,27,27,27,27,27],"floor_reached":33,"playtime":2944,"items_purged":["Strike_B","Strike_B"],"score":237,"play_id":"edcc1b0d-9d55-49d5-8be7-93de8cd9114a","local_time":"20190121214638","is_ascension_mode":false,"campfire_choices":[{"floor":6.0,"key":"REST"},{"floor":15.0,"key":"REST"},{"data":"Static Discharge","floor":23,"key":"SMITH"},{"floor":27,"key":"REST"},{"floor":29,"key":"REST"},{"floor":32,"key":"REST"}],"neow_cost":"TEN_PERCENT_HP_LOSS","seed_source_timestamp":0,"circlet_count":0,"master_deck":["Strike_B","Defend_B","Defend_B","Defend_B","Defend_B","Zap","Dualcast","Rip and Tear","Reprogram","Glacier","Static Discharge+1","Compile Driver","Darkness","Creative AI","Compile Driver+1","Hologram","Conserve Battery+1","Static Discharge","Conserve Battery"],"special_seed":0,"relics":["Cracked Core","Golden Idol","Centennial Puzzle","Symbiotic Virus","Ancient Tea Set","Art of War","Ectoplasm","Medical Kit","MawBank"],"potions_floor_usage":[24,33],"damage_taken":[{"damage":0.0,"enemies":"Small Slimes","floor":1.0,"turns":3.0},{"damage":11.0,"enemies":"Jaw Worm","floor":5.0,"turns":2.0},{"damage":0.0,"enemies":"Cultist","floor":7.0,"turns":3.0},{"damage":0.0,"enemies":"Large Slime","floor":8.0,"turns":4.0},{"damage":0.0,"enemies":"Exordium Wildlife","floor":10.0,"turns":4.0},{"damage":0.0,"enemies":"Looter","floor":14.0,"turns":2.0},{"damage":22.0,"enemies":"Hexaghost","floor":16.0,"turns":8.0},{"damage":13.0,"enemies":"3 Byrds","floor":18.0,"turns":3.0},{"damage":10,"enemies":"Spheric Guardian","floor":21,"turns":3},{"damage":25,"enemies":"3 Cultists","floor":24,"turns":6},{"damage":12,"enemies":"Snecko","floor":28,"turns":4},{"damage":8,"enemies":"Centurion and Healer","floor":31,"turns":10},{"damage":51,"enemies":"Automaton","floor":33,"turns":10}],"seed_played":"-8518657611960661527","potions_obtained":[{"floor":1.0,"key":"Strength Potion"},{"floor":8.0,"key":"Fire Potion"},{"floor":10.0,"key":"SkillPotion"},{"floor":21,"key":"SkillPotion"},{"floor":31,"key":"EssenceOfSteel"}],"is_trial":false,"path_per_floor":["M","?","?","$","M","R","M","M","T","M","?","T","?","M","R","B",null,"M","$","?","M","?","R","M","?","T","R","M","R","$","M","R","B"],"character_chosen":"DEFECT","items_purchased":["Symbiotic Virus","Reprogram","Medical Kit"],"campfire_rested":5,"item_purchase_floors":[4,4,19],"current_hp_per_floor":[68,63,45,45,34,52,52,52,52,52,41,41,34,34,52,30,63,50,50,50,40,40,40,15,15,15,33,21,39,39,31,49,0],"gold":27,"neow_bonus":"TWO_FIFTY_GOLD","is_prod":false,"is_daily":false,"chose_seed":false,"campfire_upgraded":1,"win_rate":0,"timestamp":1548128798,"path_taken":["M","?","?","?","M","R","M","?","T","M","?","?","?","M","R","BOSS","M","$","?","M","?","R","M","?","T","R","M","R","?","M","R","BOSS"],"build_version":"2019-01-17v2","purchased_purges":2,"victory":false,"max_hp_per_floor":[68,63,63,63,63,63,63,63,63,63,63,63,63,63,63,63,63,63,63,63,63,63,63,63,63,63,63,63,63,63,63,63,63],"card_choices":[{"not_picked":["Cold Snap","Ball Lightning"],"picked":"Rip and Tear","floor":1.0},{"not_picked":["Turbo","Steam Power"],"picked":"Glacier","floor":5.0},{"not_picked":["Streamline","Gash","Leap"],"picked":"SKIP","floor":7.0},{"not_picked":["Leap","Stack"],"picked":"Static Discharge","floor":8.0},{"not_picked":["Turbo","Gash"],"picked":"Compile Driver","floor":10.0},{"not_picked":["All For One","Turbo"],"picked":"Darkness","floor":14.0},{"not_picked":["All For One","Thunder Strike"],"picked":"Creative AI","floor":16.0},{"not_picked":["FTL","Doom and Gloom"],"picked":"Compile Driver+1","floor":18},{"not_picked":["Barrage+1","Streamline"],"picked":"Hologram","floor":21},{"not_picked":["Compile Driver","Blizzard"],"picked":"Conserve Battery+1","floor":24},{"not_picked":["Scrape","Barrage"],"picked":"Static Discharge","floor":28},{"not_picked":["Barrage","Turbo"],"picked":"Conserve Battery","floor":31}],"player_experience":211070,"relics_obtained":[{"floor":9.0,"key":"Ancient Tea Set"},{"floor":12.0,"key":"Art of War"},{"floor":26,"key":"MawBank"}],"event_choices":[{"damage_healed":0.0,"max_hp_gain":0.0,"max_hp_loss":5.0,"gold_gain":0.0,"event_name":"Golden Idol","player_choice":"Lose Max HP","floor":2.0,"gold_loss":0.0,"damage_taken":0.0,"relics_obtained":["Golden Idol"]},{"damage_healed":0.0,"max_hp_gain":0.0,"max_hp_loss":0.0,"gold_gain":0.0,"event_name":"Scrap Ooze","player_choice":"Success","floor":3.0,"gold_loss":0.0,"damage_taken":18.0,"relics_obtained":["Centennial Puzzle"]},{"damage_healed":0.0,"max_hp_gain":0.0,"max_hp_loss":0.0,"gold_gain":75.0,"event_name":"World of Goop","player_choice":"Gather Gold","floor":11.0,"gold_loss":0.0,"damage_taken":11.0},{"cards_removed":["Strike_B"],"damage_healed":0.0,"max_hp_gain":0.0,"max_hp_loss":0.0,"gold_gain":0.0,"event_name":"Golden Wing","player_choice":"Card Removal","floor":13.0,"gold_loss":0.0,"damage_taken":7.0},{"damage_healed":0,"gold_gain":0,"player_choice":"Ignored","damage_taken":0,"max_hp_gain":0,"max_hp_loss":0,"event_name":"Beggar","floor":20,"gold_loss":0},{"damage_healed":0,"gold_gain":0,"player_choice":"Ignored","damage_taken":0,"max_hp_gain":0,"max_hp_loss":0,"event_name":"The Mausoleum","floor":25,"gold_loss":0}],"is_beta":false,"boss_relics":[{"not_picked":["Runic Dome","Snecko Eye"],"picked":"Ectoplasm"}],"items_purged_floors":[4,19],"is_endless":false,"potions_floor_spawned":[1,8,10,21,31],"killed_by":"Automaton","ascension_level":0}