{"path_per_floor":["M","?","?","$","?","E","R","E","T","$","?","T","M","E","R","B",null,"M","?","?","$","M","R","M","?","T"],"character_chosen":"IRONCLAD","items_purchased":["Seeing Red","Pommel Strike","Infernal Blade"],"gold_per_floor":[118,118,118,4,4,31,31,58,58,6,6,32,50,81,81,178,178,190,190,190,21,40,40,52,52,52,52],"floor_reached":27,"campfire_rested":1,"playtime":679,"current_hp_per_floor":[80,85,68,68,68,74,74,80,80,80,55,55,49,41,67,33,89,84,84,84,84,52,52,37,19,33,0],"items_purged":["Defend_R","Defend_R"],"gold":52,"score":353,"play_id":"bef26e4c-ee1c-4e2b-a805-431a6956feab","local_time":"20180329222055","is_prod":false,"is_daily":false,"is_ascension_mode":true,"campfire_upgraded":2,"timestamp":1522351255,"path_taken":["M","?","?","$","?","E","R","E","T","?","?","?","?","E","R","BOSS","M","?","?","$","M","R","M","?","T","M"],"build_version":"2018-03-22v2","purchased_purges":2,"victory":false,"master_deck":["Strike_R+1","Strike_R+1","Strike_R","Strike_R","Strike_R","Defend_R+1","Defend_R+1","Bash","Intimidate","Seeing Red+1","Seeing Red","Pommel Strike+1","Bloodletting+1","Infernal Blade","Flex"],"max_hp_per_floor":[80,85,85,85,85,85,85,85,85,85,85,85,85,87,87,89,89,91,91,91,91,93,93,93,98,112,112],"relics":["Burning Blood","NeowsBlessing","Du-Vu Doll","Mercury Hourglass","Torii","War Paint","Art of War","Singing Bowl","Sozu","Mango"],"card_choices":[{"not_picked":["Second Wind","Reckless Charge"],"picked":"Intimidate","floor":1},{"not_picked":["Inflame","Blood for Blood"],"picked":"Seeing Red","floor":8},{"not_picked":["Iron Wave","Shockwave"],"picked":"Flex","floor":24}],"player_experience":144760,"potions_floor_usage":[14,16,18],"damage_taken":[{"damage":0,"enemies":"Small Slimes","floor":1,"turns":1},{"damage":0,"enemies":"3 Sentries","floor":6,"turns":1},{"damage":0,"enemies":"Lagavulin","floor":8,"turns":1},{"damage":12,"enemies":"Jaw Worm","floor":13,"turns":2},{"damage":16,"enemies":"3 Sentries","floor":14,"turns":5},{"damage":42,"enemies":"The Guardian","floor":16,"turns":9},{"damage":13,"enemies":"Spheric Guardian","floor":18,"turns":4},{"damage":40,"enemies":"Shell Parasite","floor":22,"turns":6},{"damage":21,"enemies":"Chosen and Byrds","floor":24,"turns":6},{"damage":35,"enemies":"Slaver and Parasite","floor":27,"turns":2}],"event_choices":[{"event_name":"Big Fish","player_choice":"Donut","floor":2,"damage_taken":0},{"event_name":"Shining Light","player_choice":"Entered Light","floor":3,"damage_taken":0},{"event_name":"The Cleric","player_choice":"Leave","floor":5,"damage_taken":0},{"event_name":"Scrap Ooze","player_choice":"success","floor":11,"damage_taken":25},{"event_name":"The Library","player_choice":"Read","floor":19,"damage_taken":0},{"event_name":"Upgrade Shrine","player_choice":"Upgraded","floor":20,"damage_taken":0},{"event_name":"Forgotten Altar","player_choice":"Shed Blood","floor":25,"damage_taken":0}],"boss_relics":[{"not_picked":["Runic Dome","Runic Cube"],"picked":"Sozu"}],"potions_floor_spawned":[1,14,16,22,24],"seed_played":"-1618797774817347878","killed_by":"Slaver and Parasite","ascension_level":2,"is_trial":false}