{"gold_per_floor":[114,114,133,133,152,190,190,228,228,228,228],"floor_reached":11,"playtime":1445,"items_purged":[],"score":81,"play_id":"baca048c-fb92-4274-bc11-56f6f200148c","local_time":"20180713230539","daily_mods":["Heirloom","Elite Swarm","Binary"],"is_ascension_mode":false,"campfire_choices":[{"floor":7,"key":"REST"}],"neow_cost":"","seed_source_timestamp":0,"circlet_count":0,"master_deck":["Defend_G","Defend_G","Defend_G","Defend_G","Defend_G","Strike_G","Strike_G","Strike_G","Strike_G","Strike_G","Survivor","Neutralize","Accuracy","Distraction","Glass Knife","After Image"],"special_seed":17725,"relics":["Ring of the Snake","Bird Faced Urn","Golden Idol","Regal Pillow","Bag of Preparation","Shuriken"],"potions_floor_usage":[6,6],"damage_taken":[{"damage":0,"enemies":"2 Louse","floor":1,"turns":4},{"damage":0,"enemies":"Jaw Worm","floor":3,"turns":5},{"damage":1,"enemies":"Cultist","floor":5,"turns":5},{"damage":46,"enemies":"Lagavulin","floor":6,"turns":11},{"damage":46,"enemies":"Gremlin Nob","floor":8,"turns":6},{"damage":0,"enemies":"3 Sentries","floor":11,"turns":1}],"seed_played":"5986081896675769642","potions_obtained":[{"floor":1,"key":"Ancient Potion"},{"floor":3,"key":"Weak Potion"},{"floor":8,"key":"AttackPotion"}],"is_trial":false,"path_per_floor":["M","?","M","$","M","E","R","E","T","?"],"character_chosen":"THE_SILENT","items_purchased":[],"campfire_rested":1,"item_purchase_floors":[],"current_hp_per_floor":[70,53,53,53,54,10,46,2,2,2,2],"gold":228,"neow_bonus":"","is_prod":false,"is_daily":true,"chose_seed":false,"campfire_upgraded":0,"win_rate":0,"timestamp":1531512339,"path_taken":["M","?","?","$","M","E","R","E","T","?","E"],"build_version":"2018-07-12","purchased_purges":0,"victory":false,"max_hp_per_floor":[70,70,70,70,70,70,70,70,70,70,70],"card_choices":[{"not_picked":["Dagger Spray"],"picked":"Accuracy","floor":1},{"not_picked":["Masterful Stab","Dagger Throw"],"picked":"SKIP","floor":3},{"not_picked":["Dagger Spray"],"picked":"Distraction","floor":5},{"not_picked":["Phantasmal Killer"],"picked":"Glass Knife","floor":6},{"not_picked":["Burst"],"picked":"After Image","floor":8}],"player_experience":303618,"relics_obtained":[{"floor":6,"key":"Regal Pillow"},{"floor":8,"key":"Bag of Preparation"},{"floor":9,"key":"Shuriken"}],"event_choices":[{"event_name":"Golden Idol","player_choice":"Take Damage","floor":2,"damage_taken":0},{"event_name":"Golden Wing","player_choice":"Ignored","floor":10,"damage_taken":0}],"boss_relics":[],"items_purged_floors":[],"is_endless":false,"potions_floor_spawned":[1,3,8],"killed_by":"3 Sentries","ascension_level":0}