{"path_per_floor":["M","M","M","?","M","E","R","E","T","M","R","M","M","M","R","B",null,"M","M","?","M","$","R","E","M","T","?","T","$","R","$","R","B",null,"M","?","?","$","M","E","R","M","T","?","E"],"character_chosen":"DEFECT","items_purchased":["Matryoshka","Dodecahedron","Flash of Steel+1"],"gold_per_floor":[117,137,151,151,162,194,194,225,299,312,312,328,343,355,355,450,450,461,479,578,589,4,4,37,56,103,103,103,3,3,3,3,101,101,118,118,118,20,33,98,98,113,136,191,220,220],"floor_reached":46,"campfire_rested":4,"playtime":1744,"item_purchase_floors":[22,22,38],"current_hp_per_floor":[81,81,74,74,63,43,43,12,12,12,36,11,5,4,28,22,82,81,75,75,70,70,70,46,40,40,40,40,40,79,79,79,57,82,82,82,82,82,66,29,68,61,61,38,17,0],"items_purged":["Strike_B","Defend_B"],"gold":220,"score":561,"play_id":"41feaf78-b89f-4131-a0e5-6dbb6a6ba9ba","local_time":"20180619112232","is_prod":false,"is_daily":false,"chose_seed":false,"is_ascension_mode":true,"campfire_upgraded":1,"win_rate":0,"timestamp":1529396552,"campfire_choices":[{"data":"Zap","floor":7,"key":"SMITH"},{"floor":11,"key":"REST"},{"floor":15,"key":"REST"},{"data":"1","floor":23,"key":"LIFT"},{"floor":30,"key":"REST"},{"data":"2","floor":32,"key":"LIFT"},{"floor":41,"key":"REST"}],"path_taken":["M","?","M","?","M","E","R","E","T","M","R","M","M","M","R","BOSS","M","M","?","M","$","R","E","?","T","?","?","?","R","$","R","BOSS","M","?","?","$","M","E","R","M","T","?","E","M"],"build_version":"2018-06-14v2","seed_source_timestamp":359870543157574,"purchased_purges":2,"victory":false,"master_deck":["Strike_B","Strike_B","Strike_B","Defend_B","Defend_B","Zap+1","Dualcast","Reboot","Loop+1","Reboot","Compile Driver+1","Capacitor+1","Streamline+1","Ball Lightning+1","Compile Driver+1","Electrodynamics+1","Sunder+1","Go for the Eyes+1","Ball Lightning+1","Flash of Steel+1","Streamline+1","Steam+1","Beam Cell+1"],"max_hp_per_floor":[82,82,82,82,82,82,82,82,82,82,82,82,82,82,82,82,82,82,82,82,82,82,82,82,82,82,82,82,82,82,82,82,82,82,82,82,82,82,82,82,82,82,82,82,82,82],"relics":["Cracked Core","Molten Egg 2","Girya","Frozen Egg 2","Busted Crown","Matryoshka","Dodecahedron","Orichalcum","Regal Pillow","Oddly Smooth Stone","Centennial Puzzle","Du-Vu Doll","Philosopher\u0027s Stone","Tiny Chest","Ancient Tea Set","Sundial","Vajra"],"card_choices":[{"not_picked":["Streamline","Consume","Rebound"],"picked":"SKIP","floor":1},{"not_picked":["Cold Snap","Stack"],"picked":"Reboot","floor":2},{"not_picked":["Streamline","Compile Driver"],"picked":"Loop","floor":3},{"not_picked":["Compile Driver","Scrape","Streamline"],"picked":"SKIP","floor":5},{"not_picked":["Streamline","Conserve Battery"],"picked":"Reboot","floor":6},{"not_picked":["BootSequence","Hologram"],"picked":"Compile Driver+1","floor":8},{"not_picked":["Gash+1","Chill"],"picked":"Capacitor+1","floor":10},{"not_picked":["Leap","Barrage+1"],"picked":"Streamline+1","floor":12},{"not_picked":["Stack","Scrape+1"],"picked":"Ball Lightning+1","floor":13},{"not_picked":["Biased Cognition+1","Barrage+1"],"picked":"Compile Driver+1","floor":14},{"not_picked":["Echo Form+1","Amplify"],"picked":"Electrodynamics+1","floor":16},{"not_picked":[],"picked":"Sunder+1","floor":18},{"not_picked":[],"picked":"Go for the Eyes+1","floor":19},{"not_picked":["Gash+1"],"picked":"SKIP","floor":21},{"not_picked":[],"picked":"Ball Lightning+1","floor":24},{"not_picked":["Hologram"],"picked":"SKIP","floor":25},{"not_picked":["Steam Power+1"],"picked":"SKIP","floor":35},{"not_picked":["Steam"],"picked":"SKIP","floor":39},{"not_picked":[],"picked":"Streamline+1","floor":40},{"not_picked":[],"picked":"Steam+1","floor":42},{"not_picked":[],"picked":"Beam Cell+1","floor":45}],"player_experience":274605,"potions_floor_usage":[5,8,12,16,16,19,33,44,46,46],"damage_taken":[{"damage":1,"enemies":"Cultist","floor":1,"turns":4},{"damage":0,"enemies":"Small Slimes","floor":2,"turns":3},{"damage":7,"enemies":"Jaw Worm","floor":3,"turns":3},{"damage":11,"enemies":"3 Louse","floor":5,"turns":4},{"damage":20,"enemies":"3 Sentries","floor":6,"turns":7},{"damage":31,"enemies":"Lagavulin","floor":8,"turns":5},{"damage":0,"enemies":"2 Fungi Beasts","floor":10,"turns":2},{"damage":25,"enemies":"Gremlin Gang","floor":12,"turns":4},{"damage":6,"enemies":"Blue Slaver","floor":13,"turns":3},{"damage":1,"enemies":"2 Fungi Beasts","floor":14,"turns":2},{"damage":6,"enemies":"Hexaghost","floor":16,"turns":7},{"damage":1,"enemies":"Spheric Guardian","floor":18,"turns":3},{"damage":6,"enemies":"3 Byrds","floor":19,"turns":2},{"damage":5,"enemies":"Cultist and Chosen","floor":21,"turns":4},{"damage":24,"enemies":"Book of Stabbing","floor":24,"turns":4},{"damage":6,"enemies":"Sentry and Sphere","floor":25,"turns":3},{"damage":22,"enemies":"Automaton","floor":33,"turns":6},{"damage":0,"enemies":"3 Darklings","floor":35,"turns":2},{"damage":16,"enemies":"3 Shapes","floor":39,"turns":2},{"damage":37,"enemies":"Giant Head","floor":40,"turns":6},{"damage":7,"enemies":"Sphere and 2 Shapes","floor":42,"turns":3},{"damage":23,"floor":44,"turns":3},{"damage":21,"enemies":"Nemesis","floor":45,"turns":5},{"damage":21,"enemies":"3 Darklings","floor":46,"turns":1}],"relics_obtained":[{"floor":6,"key":"Molten Egg 2"},{"floor":8,"key":"Girya"},{"floor":9,"key":"Frozen Egg 2"},{"floor":24,"key":"Orichalcum"},{"floor":26,"key":"Regal Pillow"},{"floor":26,"key":"Oddly Smooth Stone"},{"floor":28,"key":"Centennial Puzzle"},{"floor":28,"key":"Du-Vu Doll"},{"floor":40,"key":"Tiny Chest"},{"floor":43,"key":"Ancient Tea Set"},{"floor":44,"key":"Sundial"},{"floor":45,"key":"Vajra"}],"event_choices":[{"event_name":"Living Wall","player_choice":"Grow","floor":4,"damage_taken":0},{"event_name":"Nest","player_choice":"Stole From Cult","floor":20,"damage_taken":0},{"event_name":"Ghosts","player_choice":"Ignored","floor":27,"damage_taken":0},{"event_name":"Falling","player_choice":"Removed Skill","floor":36,"damage_taken":0},{"event_name":"SecretPortal","player_choice":"Rejected Portal.","floor":37,"damage_taken":0},{"event_name":"Mysterious Sphere","player_choice":"Fight","floor":44,"damage_taken":0}],"boss_relics":[{"not_picked":["Black Star","Orrery"],"picked":"Busted Crown"},{"not_picked":["Tiny House","Runic Pyramid"],"picked":"Philosopher\u0027s Stone"}],"items_purged_floors":[22,29],"is_endless":false,"potions_floor_spawned":[3,6,8,12,14,16,25,35,42,44,45],"seed_played":"-7934757778260920018","killed_by":"3 Darklings","ascension_level":2,"potions_obtained":[{"floor":3,"key":"Weak Potion"},{"floor":6,"key":"SteroidPotion"},{"floor":8,"key":"FearPotion"},{"floor":12,"key":"FocusPotion"},{"floor":14,"key":"EssenceOfSteel"},{"floor":16,"key":"LiquidBronze"},{"floor":25,"key":"Fire Potion"},{"floor":35,"key":"Strength Potion"},{"floor":42,"key":"Ancient Potion"},{"floor":44,"key":"Explosive Potion"},{"floor":45,"key":"Dexterity Potion"}],"is_trial":false}