{"gold_per_floor":[218,237,387,15,33,33,67,67,118,131,159,234,234,293,293,364,364,382,382,382,382,399,399,61,61,85,103,103,122,44,62,62,140,140,152,152,162,162,177,177,207,217,240,267,287,287,297,314,314,314,314,314,7,41,41],"floor_reached":55,"playtime":6210,"items_purged":["Doubt","Writhe"],"score":1380,"play_id":"c653e85f-3517-4612-9f96-e58652f53a8b","local_time":"20190706135304","is_ascension_mode":true,"campfire_choices":[{"data":"Noxious Fumes","floor":6,"key":"SMITH"},{"data":"Glass Knife","floor":8,"key":"SMITH"},{"floor":15,"key":"REST"},{"floor":23,"key":"RECALL"},{"floor":25,"key":"REST"},{"floor":32,"key":"REST"},{"floor":40,"key":"REST"},{"floor":49,"key":"REST"},{"floor":52,"key":"REST"}],"neow_cost":"NONE","seed_source_timestamp":140524159003368,"circlet_count":0,"master_deck":["AscendersBane","Strike_G+1","Defend_G+1","Defend_G+1","Defend_G+1","Defend_G+1","Defend_G+1","Survivor+1","Neutralize+1","PiercingWail+1","Skewer+1","Noxious Fumes+1","Poisoned Stab+1","Glass Knife+1","Infinite Blades+1","Backflip+1","A Thousand Cuts+1","Wraith Form v2+1","Terror+1","Heel Hook+1","Endless Agony+1","Cloak And Dagger+1","Footwork+1","Backflip+1","Crippling Poison+1","Noxious Fumes+1","Well Laid Plans+1","PiercingWail+1","Backflip+1","Wraith Form v2+1","PiercingWail+1","Malaise+1","Acrobatics+1","PiercingWail+1","Footwork","Concentrate+1","After Image","Footwork","Catalyst+1","Wraith Form v2+1"],"special_seed":0,"relics":["Ring of the Snake","OrangePellets","Strawberry","Bronze Scales","Toxic Egg 2","Whetstone","Fusion Hammer","Enchiridion","Bird Faced Urn","Membership Card","Dream Catcher","WristBlade","Mark of the Bloom","Pen Nib","Calipers","DollysMirror","Incense Burner","Happy Flower"],"potions_floor_usage":[11,16,16,29,41,45,50,54,55],"damage_taken":[{"damage":0.0,"enemies":"2 Louse","floor":1.0,"turns":3.0},{"damage":4,"enemies":"Small Slimes","floor":2,"turns":5},{"damage":0,"enemies":"Jaw Worm","floor":5,"turns":5},{"damage":22,"enemies":"3 Sentries","floor":7,"turns":6},{"damage":7,"enemies":"3 Louse","floor":10,"turns":3},{"damage":8,"enemies":"Gremlin Nob","floor":11,"turns":3},{"damage":12,"enemies":"3 Sentries","floor":14,"turns":6},{"damage":5,"enemies":"Hexaghost","floor":16,"turns":8},{"damage":0,"enemies":"Shell Parasite","floor":18,"turns":6},{"damage":0,"enemies":"Spheric Guardian","floor":22,"turns":4},{"damage":10,"enemies":"Chosen and Byrds","floor":27,"turns":6},{"damage":0,"enemies":"Sentry and Sphere","floor":29,"turns":6},{"damage":2,"enemies":"Shelled Parasite and Fungi","floor":31,"turns":4},{"damage":22,"enemies":"Collector","floor":33,"turns":7},{"damage":2,"enemies":"3 Shapes","floor":35,"turns":5},{"damage":8,"enemies":"3 Darklings","floor":37,"turns":5},{"damage":0,"enemies":"Spire Growth","floor":39,"turns":7},{"damage":4,"enemies":"Reptomancer","floor":41,"turns":6},{"damage":0,"enemies":"Maw","floor":42,"turns":7},{"damage":11,"enemies":"Giant Head","floor":44,"turns":8},{"damage":0,"enemies":"Transient","floor":45,"turns":6},{"damage":3,"enemies":"3 Darklings","floor":47,"turns":6},{"damage":0,"enemies":"Spire Growth","floor":48,"turns":7},{"damage":26,"enemies":"Awakened One","floor":50,"turns":11},{"damage":25,"enemies":"Shield and Spear","floor":54,"turns":8},{"damage":3,"enemies":"The Heart","floor":55,"turns":5}],"seed_played":"8736405683901998547","potions_obtained":[{"floor":2,"key":"LiquidBronze"},{"floor":5,"key":"Poison Potion"},{"floor":14,"key":"AttackPotion"},{"floor":18,"key":"EssenceOfSteel"},{"floor":27,"key":"GhostInAJar"},{"floor":29,"key":"GhostInAJar"},{"floor":42,"key":"Energy Potion"},{"floor":54,"key":"Explosive Potion"}],"is_trial":false,"path_per_floor":["M","M","?","$","M","R","E","R","T","M","E","?","?","?","R","B",null,"M","?","?","?","M","R","$","R","T","M","?","M","$","M","R","B",null,"M","?","M","?","M","R","E","M","T","E","M","?","M","M","R","B",null,"R","$","E","B"],"character_chosen":"THE_SILENT","items_purchased":["OrangePellets","Noxious Fumes","Membership Card","Footwork","Backflip+1","Well Laid Plans","PiercingWail+1","Backflip+1","DollysMirror","Incense Burner","Energy Potion"],"campfire_rested":6,"item_purchase_floors":[4,4,24,24,24,30,30,30,53,53,53],"current_hp_per_floor":[59,55,55,55,55,55,40,40,40,33,25,14,14,2,23,18,59,59,59,38,38,46,46,46,67,67,63,63,73,73,73,73,59,70,73,73,72,72,72,72,68,68,68,57,57,57,54,54,54,28,28,28,28,3,0],"gold":41,"neow_bonus":"HUNDRED_GOLD","is_prod":false,"is_daily":false,"chose_seed":false,"campfire_upgraded":2,"win_rate":0,"timestamp":1562435584,"path_taken":["M","M","?","$","M","R","E","R","T","M","E","?","?","?","R","BOSS","M","?","?","?","M","R","$","R","T","M","?","M","?","M","R","BOSS","M","?","M","?","M","R","E","M","T","E","M","?","M","M","R","BOSS","R","$","E","BOSS"],"build_version":"2019-07-05","purchased_purges":2,"victory":false,"max_hp_per_floor":[66,66,66,66,66,66,73,73,73,73,73,73,73,73,73,73,73,73,73,73,73,73,73,73,73,73,73,73,73,73,73,73,73,73,73,73,73,73,73,73,73,73,73,73,73,73,73,73,73,73,73,73,73,73,73],"card_choices":[{"not_picked":["Quick Slash","Dodge and Roll"],"picked":"PiercingWail","floor":1.0},{"not_picked":["Footwork","Setup"],"picked":"Skewer","floor":2},{"not_picked":["Sucker Punch","Cloak And Dagger"],"picked":"Poisoned Stab","floor":5},{"not_picked":["Blade Dance","Acrobatics"],"picked":"Glass Knife","floor":7},{"not_picked":["Deflect","Quick Slash"],"picked":"Infinite Blades","floor":10},{"not_picked":["Sucker Punch","Dodge and Roll"],"picked":"Backflip","floor":11},{"not_picked":["Dodge and Roll+1","Outmaneuver+1"],"picked":"A Thousand Cuts","floor":14},{"not_picked":["Burst+1","Unload"],"picked":"Wraith Form v2","floor":16},{"not_picked":["Sucker Punch","Backflip+1"],"picked":"Terror+1","floor":18},{"not_picked":["Distraction+1","Prepared+1"],"picked":"Cloak And Dagger+1","floor":22},{"not_picked":["Dagger Throw","Underhanded Strike"],"picked":"Crippling Poison+1","floor":27},{"not_picked":["Quick Slash","Acrobatics+1"],"picked":"Noxious Fumes","floor":29},{"not_picked":["Choke","Catalyst+1"],"picked":"Wraith Form v2","floor":31},{"not_picked":["Accuracy","Deflect+1"],"picked":"PiercingWail+1","floor":32},{"not_picked":["Unload","Corpse Explosion+1"],"picked":"Malaise+1","floor":33},{"not_picked":["Poisoned Stab","Bane"],"picked":"Acrobatics+1","floor":35},{"not_picked":["PiercingWail+1","Underhanded Strike","Poisoned Stab"],"picked":"SKIP","floor":37},{"not_picked":["Sucker Punch","Dagger Spray+1"],"picked":"PiercingWail+1","floor":39},{"not_picked":["Skewer","Slice"],"picked":"Footwork","floor":40},{"not_picked":["Expertise+1","Acrobatics+1"],"picked":"Concentrate+1","floor":41},{"not_picked":["Dodge and Roll+1","Dagger Throw","Dagger Spray+1"],"picked":"SKIP","floor":42},{"not_picked":["Adrenaline+1","Prepared+1"],"picked":"After Image","floor":44},{"not_picked":["Dagger Spray+1","Concentrate+1"],"picked":"Footwork","floor":45},{"not_picked":["Bane","Riddle With Holes","Deflect+1"],"picked":"SKIP","floor":47},{"not_picked":["Well Laid Plans","All Out Attack"],"picked":"Catalyst+1","floor":48},{"not_picked":["Outmaneuver+1","Predator","Bane"],"picked":"SKIP","floor":54}],"player_experience":2393553,"relics_obtained":[{"floor":7,"key":"Strawberry"},{"floor":9,"key":"Bronze Scales"},{"floor":11,"key":"Toxic Egg 2"},{"floor":14,"key":"Whetstone"},{"floor":20,"key":"Enchiridion"},{"floor":26,"key":"Dream Catcher"},{"floor":41,"key":"Pen Nib"},{"floor":44,"key":"Calipers"},{"floor":54,"key":"Happy Flower"}],"event_choices":[{"damage_healed":0,"gold_gain":150,"player_choice":"AGREE","damage_taken":0,"max_hp_gain":0,"max_hp_loss":0,"event_name":"Liars Game","floor":3,"gold_loss":0,"cards_obtained":["Doubt"]},{"damage_healed":0,"gold_gain":75,"player_choice":"Gather Gold","damage_taken":11,"max_hp_gain":0,"max_hp_loss":0,"event_name":"World of Goop","floor":12,"gold_loss":0},{"damage_healed":0,"gold_gain":0,"player_choice":"Grow","damage_taken":0,"max_hp_gain":0,"max_hp_loss":0,"event_name":"Living Wall","floor":13,"gold_loss":0,"cards_upgraded":["Skewer"]},{"damage_healed":0,"gold_gain":0,"player_choice":"Searched \u00271\u0027 times","damage_taken":0,"max_hp_gain":0,"max_hp_loss":0,"event_name":"Dead Adventurer","floor":14,"gold_loss":0},{"damage_healed":0,"gold_gain":0,"cards_transformed":["Strike_G","Strike_G"],"player_choice":"Became Test Subject","damage_taken":0,"max_hp_gain":0,"max_hp_loss":0,"event_name":"Drug Dealer","floor":19,"gold_loss":0,"cards_obtained":["Heel Hook","Endless Agony"]},{"damage_healed":0,"gold_gain":0,"player_choice":"Obtained Book","damage_taken":21,"max_hp_gain":0,"max_hp_loss":0,"event_name":"Cursed Tome","floor":20,"gold_loss":0},{"damage_healed":0,"gold_gain":0,"player_choice":"Opened","damage_taken":0,"relics_obtained":["Bird Faced Urn"],"max_hp_gain":0,"max_hp_loss":0,"event_name":"The Mausoleum","floor":21,"gold_loss":0,"cards_obtained":["Writhe"]},{"cards_removed":["Strike_G"],"damage_healed":0,"gold_gain":0,"player_choice":"Elegance","damage_taken":0,"max_hp_gain":0,"max_hp_loss":0,"event_name":"Back to Basics","floor":28,"gold_loss":0},{"damage_healed":0,"gold_gain":0,"player_choice":"Ignored","damage_taken":0,"max_hp_gain":0,"max_hp_loss":0,"event_name":"Tomb of Lord Red Mask","floor":36,"gold_loss":0},{"damage_healed":0,"gold_gain":0,"player_choice":"Upgrade","damage_taken":0,"relics_obtained":["Mark of the Bloom"],"max_hp_gain":0,"max_hp_loss":0,"event_name":"MindBloom","floor":38,"gold_loss":0,"cards_upgraded":["Defend_G","Defend_G","Defend_G","Defend_G","Defend_G","Survivor","Neutralize","PiercingWail","Poisoned Stab","Infinite Blades","A Thousand Cuts","Wraith Form v2","Heel Hook","Endless Agony","Footwork","Noxious Fumes","Well Laid Plans","Wraith Form v2"]},{"cards_removed":["Strike_G"],"damage_healed":0,"gold_gain":0,"player_choice":"Purged","damage_taken":0,"max_hp_gain":0,"max_hp_loss":0,"event_name":"Purifier","floor":46,"gold_loss":0}],"is_beta":false,"boss_relics":[{"not_picked":["Runic Pyramid","Astrolabe"],"picked":"Fusion Hammer"},{"not_picked":["Runic Dome","Lizard Tail"],"picked":"WristBlade"}],"items_purged_floors":[4,24],"is_endless":false,"potions_floor_spawned":[2,5,14,18,27,29,31,37,39,42,54],"killed_by":"The Heart","ascension_level":18}