{"gold_per_floor":[119,5,5,5,19,53,53,76,127,148,161,175,175,195,195,316,316,330,330,343,343,20,20,20,20,20,55,55],"floor_reached":28,"playtime":1391,"items_purged":["Strike_B","Strike_B"],"score":250,"play_id":"583b163e-97a6-40c8-9f34-39f589e19d2d","local_time":"20190713111727","is_ascension_mode":true,"campfire_choices":[{"floor":7,"key":"REST"},{"floor":15,"key":"REST"},{"data":"Creative AI","floor":23,"key":"SMITH"},{"data":"Self Repair","floor":25,"key":"SMITH"}],"neow_cost":"NONE","seed_source_timestamp":1361048127697883,"circlet_count":0,"master_deck":["Defend_B","Defend_B","Defend_B","Defend_B","Zap","Dualcast","FTL","Static Discharge","Storm","Rebound","Gash","Lockon","Leap","Doom and Gloom","Doom and Gloom","Creative AI+1","Doubt","Injury","Conserve Battery","Conserve Battery","Shame","Self Repair+1","Capacitor"],"relics":["Cracked Core","Golden Idol","NlothsMask","Omamori","Calling Bell","Bronze Scales","Mummified Hand","Du-Vu Doll","Orichalcum","Strawberry","Anchor","Blood Vial"],"potions_floor_usage":[14,16,16,28],"damage_taken":[{"damage":5,"enemies":"Small Slimes","floor":1,"turns":4},{"damage":6,"enemies":"Jaw Worm","floor":5,"turns":3},{"damage":36,"enemies":"Lagavulin","floor":6,"turns":5},{"damage":6,"enemies":"Cultist","floor":8,"turns":3},{"damage":15,"enemies":"Gremlin Gang","floor":10,"turns":4},{"damage":0,"enemies":"3 Louse","floor":11,"turns":3},{"damage":7,"enemies":"Exordium Wildlife","floor":12,"turns":4},{"damage":0,"enemies":"Looter","floor":14,"turns":3},{"damage":40,"enemies":"The Guardian","floor":16,"turns":8},{"damage":10,"enemies":"Spheric Guardian","floor":18,"turns":3},{"damage":11,"enemies":"3 Byrds","floor":20,"turns":2},{"damage":58,"enemies":"Slavers","floor":27,"turns":6},{"damage":37,"enemies":"Snecko","floor":28,"turns":4}],"seed_played":"6107545208507974527","potions_obtained":[{"floor":1,"key":"Dexterity Potion"},{"floor":11,"key":"Swift Potion"},{"floor":14,"key":"GamblersBrew"},{"floor":27,"key":"Regen Potion"}],"is_trial":false,"path_per_floor":["M","$","?","?","M","E","R","M","T","M","M","M","?","M","R","B",null,"M","?","M","?","$","R","?","R","T","E","M"],"character_chosen":"DEFECT","items_purchased":["Static Discharge","Self Repair","Strawberry"],"campfire_rested":2,"item_purchase_floors":[2,22,22],"current_hp_per_floor":[70,70,52,52,46,10,32,26,26,11,11,4,22,22,44,4,75,65,65,54,54,61,61,61,61,61,13,0],"gold":55,"neow_bonus":"REMOVE_CARD","is_prod":false,"is_daily":false,"chose_seed":false,"campfire_upgraded":2,"win_rate":0,"timestamp":1563034647,"path_taken":["M","$","?","?","M","E","R","M","T","M","?","?","?","M","R","BOSS","M","?","M","?","$","R","?","R","T","E","M"],"build_version":"2019-07-05","purchased_purges":2,"victory":false,"max_hp_per_floor":[75,75,75,75,75,75,75,75,75,75,75,75,75,75,75,75,75,75,75,75,75,82,82,82,82,82,82,82],"card_choices":[{"not_picked":["Static Discharge","Cold Snap"],"picked":"FTL","floor":1},{"not_picked":["Aggregate","Steam"],"picked":"Storm","floor":5},{"not_picked":["Skim","Auto Shields"],"picked":"Rebound","floor":6},{"not_picked":["Turbo","Defragment"],"picked":"Gash","floor":8},{"not_picked":["Barrage","Redo"],"picked":"Lockon","floor":10},{"not_picked":["Coolheaded","Hello World"],"picked":"Leap","floor":11},{"not_picked":["White Noise","Hologram"],"picked":"Doom and Gloom","floor":12},{"not_picked":["Redo","White Noise"],"picked":"Doom and Gloom","floor":14},{"not_picked":["Machine Learning","Biased Cognition"],"picked":"Creative AI","floor":16},{"not_picked":["Static Discharge","Go for the Eyes"],"picked":"Conserve Battery","floor":18},{"not_picked":["Steam+1","Barrage"],"picked":"Conserve Battery","floor":20},{"not_picked":["Conserve Battery","Skim"],"picked":"Capacitor","floor":27}],"player_experience":332455,"relics_obtained":[{"floor":6,"key":"Omamori"},{"floor":17,"key":"Bronze Scales"},{"floor":17,"key":"Mummified Hand"},{"floor":17,"key":"Du-Vu Doll"},{"floor":26,"key":"Anchor"},{"floor":27,"key":"Blood Vial"}],"event_choices":[{"damage_healed":0,"gold_gain":0,"player_choice":"Take Damage","damage_taken":18,"relics_obtained":["Golden Idol"],"max_hp_gain":0,"max_hp_loss":0,"event_name":"Golden Idol","floor":3,"gold_loss":0},{"damage_healed":0,"gold_gain":0,"player_choice":"Trade","damage_taken":0,"relics_obtained":["NlothsMask"],"max_hp_gain":0,"max_hp_loss":0,"event_name":"FaceTrader","floor":4,"gold_loss":0},{"damage_healed":18,"gold_gain":0,"player_choice":"Healed and dodged fight","damage_taken":0,"max_hp_gain":0,"max_hp_loss":0,"event_name":"Mushrooms","floor":13,"gold_loss":0,"cards_obtained":["Parasite"]},{"damage_healed":0,"gold_gain":0,"player_choice":"Ignored","damage_taken":0,"max_hp_gain":0,"max_hp_loss":0,"event_name":"Vampires","floor":19,"gold_loss":0},{"damage_healed":0,"gold_gain":0,"player_choice":"Stole Relic","damage_taken":0,"relics_obtained":["Orichalcum"],"max_hp_gain":0,"max_hp_loss":0,"event_name":"Addict","floor":21,"gold_loss":0,"cards_obtained":["Shame"]},{"cards_removed":["Strike_B"],"damage_healed":0,"gold_gain":0,"player_choice":"Elegance","damage_taken":0,"max_hp_gain":0,"max_hp_loss":0,"event_name":"Back to Basics","floor":24,"gold_loss":0}],"is_beta":false,"boss_relics":[{"not_picked":["Runic Pyramid","Lizard Tail"],"picked":"Calling Bell"}],"items_purged_floors":[2,22],"is_endless":false,"potions_floor_spawned":[1,11,14,27],"killed_by":"Snecko","ascension_level":1}