{"gold_per_floor":[114,64,64,64,26,26,44,44,44,84,84,84,100,114,114,240,240,260,185,185,135,60,60,81,81,127,150,150,150,173,173,173,173],"floor_reached":33,"playtime":944,"items_purged":["Defend_B"],"score":346,"play_id":"922b8d85-1b97-492b-adc0-4ba7eb4ef0d3","local_time":"20190406185119","is_ascension_mode":true,"campfire_choices":[{"floor":6,"key":"RECALL"},{"data":"Capacitor","floor":8,"key":"SMITH"},{"data":"Zap","floor":12,"key":"SMITH"},{"data":"Machine Learning","floor":15,"key":"SMITH"},{"floor":23,"key":"REST"},{"floor":28,"key":"REST"},{"floor":32,"key":"REST"}],"neow_cost":"NONE","seed_source_timestamp":37680026428500,"circlet_count":0,"master_deck":["Defend_B","Zap+1","Dualcast","Sweeping Beam","Capacitor+1","Self Repair","BootSequence","Machine Learning+1","Thunder Strike","Necronomicurse","Gash+1","Conserve Battery+1","Conserve Battery","All For One","Rip and Tear"],"relics":["Cracked Core","NeowsBlessing","Golden Idol","Art of War","Bottled Tornado","Empty Cage","Necronomicon","Blue Candle","Oddly Smooth Stone"],"potions_floor_usage":[16,24,30,33],"damage_taken":[{"damage":0,"enemies":"Cultist","floor":1,"turns":1},{"damage":0,"enemies":"Jaw Worm","floor":7,"turns":1},{"damage":0,"enemies":"Gremlin Nob","floor":10,"turns":1},{"damage":4,"enemies":"Small Slimes","floor":13,"turns":4},{"damage":3,"enemies":"Blue Slaver","floor":14,"turns":3},{"damage":41,"enemies":"Hexaghost","floor":16,"turns":9},{"damage":38,"enemies":"Shell Parasite","floor":18,"turns":8},{"damage":9,"enemies":"Spheric Guardian","floor":24,"turns":5},{"damage":35,"enemies":"Snecko","floor":27,"turns":6},{"damage":10,"enemies":"Shelled Parasite and Fungi","floor":30,"turns":6},{"damage":70,"enemies":"Collector","floor":33,"turns":7}],"seed_played":"6548760844819983609","potions_obtained":[{"floor":10,"key":"FocusPotion"},{"floor":16,"key":"Strength Potion"},{"floor":18,"key":"Swift Potion"},{"floor":27,"key":"LiquidBronze"}],"is_trial":false,"path_per_floor":["M","?","?","?","$","R","M","R","T","E","T","R","M","M","R","B",null,"M","?","?","?","$","R","M","T","T","M","R","$","M","?","R","B"],"character_chosen":"DEFECT","items_purchased":["Capacitor"],"campfire_rested":3,"item_purchase_floors":[5],"current_hp_per_floor":[68,68,68,61,61,61,61,61,61,61,61,61,64,68,68,34,65,34,34,18,18,18,40,38,38,38,10,32,32,29,29,51,0],"gold":173,"neow_bonus":"THREE_ENEMY_KILL","is_prod":false,"is_daily":false,"chose_seed":false,"campfire_upgraded":3,"win_rate":0,"timestamp":1554565879,"path_taken":["M","?","?","?","?","R","M","R","T","E","?","R","?","M","R","BOSS","M","?","?","?","$","R","?","?","T","M","R","?","M","?","R","BOSS"],"build_version":"2019-01-23","purchased_purges":1,"victory":false,"max_hp_per_floor":[75,75,75,75,75,75,75,75,75,75,75,75,75,75,75,75,75,75,75,75,75,75,75,75,75,75,75,75,75,75,75,75,75],"card_choices":[{"not_picked":["Ball Lightning","Gash"],"picked":"Sweeping Beam","floor":1},{"not_picked":["Turbo","Beam Cell","Rebound"],"picked":"SKIP","floor":7},{"not_picked":["Glacier","Sweeping Beam"],"picked":"Self Repair","floor":10},{"not_picked":["Compile Driver","Ball Lightning"],"picked":"BootSequence","floor":13},{"not_picked":["Compile Driver","Beam Cell"],"picked":"Machine Learning","floor":14},{"not_picked":["Creative AI","Echo Form"],"picked":"Thunder Strike","floor":16},{"not_picked":["Stack","Streamline","Turbo"],"picked":"SKIP","floor":18},{"not_picked":["Coolheaded","Turbo"],"picked":"Gash+1","floor":24},{"not_picked":["Streamline","Turbo"],"picked":"Conserve Battery+1","floor":27},{"not_picked":["Steam Power","Chaos"],"picked":"Conserve Battery","floor":30}],"player_experience":528115,"relics_obtained":[{"floor":10,"key":"Art of War"},{"floor":11,"key":"Bottled Tornado"},{"floor":20,"key":"Necronomicon"},{"floor":25,"key":"Blue Candle"},{"floor":26,"key":"Oddly Smooth Stone"}],"event_choices":[{"cards_removed":["Strike_B"],"damage_healed":0,"gold_gain":0,"player_choice":"Card Removal","damage_taken":0,"max_hp_gain":0,"max_hp_loss":0,"event_name":"The Cleric","floor":2,"gold_loss":50},{"damage_healed":0,"gold_gain":0,"player_choice":"Take Wound","damage_taken":0,"relics_obtained":["Golden Idol"],"max_hp_gain":0,"max_hp_loss":0,"event_name":"Golden Idol","floor":3,"gold_loss":0,"cards_obtained":["Injury"]},{"cards_removed":["Injury"],"damage_healed":0,"gold_gain":0,"player_choice":"Card Removal","damage_taken":7,"max_hp_gain":0,"max_hp_loss":0,"event_name":"Golden Wing","floor":4,"gold_loss":0},{"cards_removed":["Strike_B"],"damage_healed":0,"gold_gain":0,"player_choice":"Gave Gold","damage_taken":0,"max_hp_gain":0,"max_hp_loss":0,"event_name":"Beggar","floor":19,"gold_loss":75},{"damage_healed":0,"gold_gain":0,"player_choice":"Obtained Book","damage_taken":16,"max_hp_gain":0,"max_hp_loss":0,"event_name":"Cursed Tome","floor":20,"gold_loss":0},{"damage_healed":0,"gold_gain":0,"player_choice":"Bet on Murderer","damage_taken":0,"max_hp_gain":0,"max_hp_loss":0,"event_name":"The Joust","floor":21,"gold_loss":50},{"damage_healed":0,"gold_gain":0,"cards_transformed":["Defend_B","Defend_B"],"player_choice":"Became Test Subject","damage_taken":0,"max_hp_gain":0,"max_hp_loss":0,"event_name":"Drug Dealer","floor":31,"gold_loss":0,"cards_obtained":["All For One","Rip and Tear"]}],"is_beta":false,"boss_relics":[{"not_picked":["Philosopher\u0027s Stone","Astrolabe"],"picked":"Empty Cage"}],"items_purged_floors":[22],"is_endless":false,"potions_floor_spawned":[10,16,18,27],"killed_by":"Collector","ascension_level":6}