{"gold_per_floor":[114,189,189,189,199,199,124,139,139,139,39,52,87,98,98,201,201,212,227,227,227,238,238,265,265,265,265,265],"floor_reached":28,"playtime":707,"items_purged":["Pain","Defend_B"],"score":313,"play_id":"c7ec473a-80d1-41df-98c1-8547d2e127f9","local_time":"20181001202645","is_ascension_mode":true,"campfire_choices":[{"floor":15,"key":"REST"},{"floor":23,"key":"REST"}],"neow_cost":"","seed_source_timestamp":130832897888002,"circlet_count":0,"master_deck":["Strike_B","Strike_B+1","Strike_B","Defend_B","Zap","Dualcast","Gash","Sweeping Beam","Hyperbeam","Scrape","Go for the Eyes","Stack","Echo Form+1","Skim","Self Repair+1","Gash"],"relics":["Cracked Core","WarpedTongs","PreservedInsect","Frozen Egg 2","Black Star","Dodecahedron","Mercury Hourglass","Bottled Flame","Pocketwatch"],"potions_floor_usage":[13,18,24,25],"damage_taken":[{"damage":12,"enemies":"Small Slimes","floor":1,"turns":3},{"damage":1,"enemies":"Cultist","floor":5,"turns":4},{"damage":4,"enemies":"Jaw Worm","floor":8,"turns":2},{"damage":6,"enemies":"Looter","floor":12,"turns":2},{"damage":0,"enemies":"3 Sentries","floor":13,"turns":3},{"damage":0,"enemies":"3 Louse","floor":14,"turns":1},{"damage":36,"enemies":"The Guardian","floor":16,"turns":8},{"damage":19,"enemies":"Shell Parasite","floor":18,"turns":3},{"damage":12,"enemies":"Chosen","floor":19,"turns":4},{"damage":22,"enemies":"Snecko","floor":22,"turns":4},{"damage":30,"enemies":"Slavers","floor":24,"turns":2},{"damage":13,"enemies":"Colosseum Slavers","floor":25,"turns":2},{"damage":11,"enemies":"Sentry and Sphere","floor":28,"turns":2}],"seed_played":"-3008499490839043068","potions_obtained":[{"floor":8,"key":"Ancient Potion"},{"floor":12,"key":"SkillPotion"},{"floor":16,"key":"Weak Potion"},{"floor":19,"key":"SteroidPotion"},{"floor":22,"key":"Dexterity Potion"}],"is_trial":false,"path_per_floor":["M","?","?","?","M","?","$","M","T","?","$","M","E","M","R","B",null,"M","M","T","?","M","R","E","?","T","?"],"character_chosen":"DEFECT","items_purchased":[],"campfire_rested":2,"item_purchase_floors":[],"current_hp_per_floor":[63,52,37,37,36,36,36,32,32,25,25,19,19,19,41,5,75,56,44,44,44,22,44,14,11,11,11,0],"gold":265,"neow_bonus":"","is_prod":false,"is_daily":false,"chose_seed":false,"campfire_upgraded":0,"win_rate":0,"timestamp":1538414805,"path_taken":["M","?","?","?","M","?","?","?","T","?","$","M","E","M","R","BOSS","M","M","?","?","M","R","E","?","T","?","M"],"build_version":"2018-09-27","purchased_purges":2,"victory":false,"max_hp_per_floor":[75,75,75,75,75,75,75,75,75,75,75,75,75,75,75,75,75,75,75,75,75,75,75,75,75,75,75,75],"card_choices":[{"not_picked":["Ball Lightning","Barrage"],"picked":"Gash","floor":1},{"not_picked":["Cold Snap","Redo"],"picked":"Sweeping Beam","floor":5},{"not_picked":["Redo","Turbo"],"picked":"FTL","floor":8},{"not_picked":["Coolheaded","FTL"],"picked":"Hyperbeam","floor":12},{"not_picked":["Doom and Gloom","Ball Lightning"],"picked":"Scrape","floor":13},{"not_picked":["Rebound","Leap","Blizzard"],"picked":"SKIP","floor":14},{"not_picked":["Buffer+1","Seek"],"picked":"Creative AI+1","floor":16},{"not_picked":["Genetic Algorithm","Storm+1","Barrage+1"],"picked":"SKIP","floor":18},{"not_picked":["Tempest","Consume"],"picked":"Go for the Eyes","floor":19},{"not_picked":["Steam","Darkness"],"picked":"Self Repair+1","floor":22},{"not_picked":["Amplify","Stack"],"picked":"Gash","floor":24}],"player_experience":410815,"relics_obtained":[{"floor":9,"key":"PreservedInsect"},{"floor":13,"key":"Frozen Egg 2"},{"floor":20,"key":"Dodecahedron"},{"floor":24,"key":"Mercury Hourglass"},{"floor":24,"key":"Bottled Flame"},{"floor":26,"key":"Pocketwatch"}],"event_choices":[{"event_name":"World of Goop","player_choice":"Gather Gold","floor":2,"damage_taken":0},{"event_name":"Shining Light","player_choice":"Entered Light","floor":3,"damage_taken":0},{"event_name":"Bonfire Elementals","player_choice":"BASIC","floor":4,"damage_taken":0},{"event_name":"Accursed Blacksmith","player_choice":"Rummage","floor":6,"damage_taken":0},{"event_name":"Golden Wing","player_choice":"Card Removal","floor":10,"damage_taken":0},{"event_name":"Drug Dealer","player_choice":"Became Test Subject","floor":21,"damage_taken":0},{"event_name":"Colosseum","player_choice":"Fight","floor":25,"damage_taken":0},{"event_name":"Colosseum","player_choice":"Fled From Nobs","floor":25,"damage_taken":0},{"event_name":"Cursed Tome","player_choice":"Ignored","floor":27,"damage_taken":0}],"is_beta":false,"boss_relics":[{"not_picked":["Empty Cage","Pandora\u0027s Box"],"picked":"Black Star"}],"items_purged_floors":[7,11],"is_endless":false,"potions_floor_spawned":[8,12,16,19,22,25],"killed_by":"Sentry and Sphere","ascension_level":4}