{"path_per_floor":["M","T","M","?","$","R","M","?","T","E","?","$","?","M","R","B",null,"M","?","M","?","M","R","M","E","T","M","R","$","$","M","R"],"character_chosen":"IRONCLAD","items_purchased":["Lantern"],"gold_per_floor":[117,117,134,84,9,9,25,125,152,180,180,36,36,55,55,160,160,178,103,113,113,129,129,143,175,175,185,185,85,85,98,98,98],"floor_reached":33,"campfire_rested":2,"playtime":1311,"current_hp_per_floor":[77,77,80,80,80,80,80,80,80,61,61,61,61,60,60,24,66,58,58,67,67,49,80,69,33,33,18,57,57,57,60,60,0],"items_purged":["Defend_R","Defend_R"],"gold":98,"score":345,"play_id":"0d4083a7-d2d0-4f42-9fd6-16c7d5865a53","local_time":"20180430214655","is_prod":false,"is_daily":false,"chose_seed":false,"is_ascension_mode":true,"campfire_upgraded":3,"timestamp":1525114015,"path_taken":["M","?","M","?","$","R","M","?","T","E","?","?","?","M","R","BOSS","M","?","M","?","M","R","M","E","T","M","R","?","$","M","R","BOSS"],"build_version":"2018-04-28v2","seed_source_timestamp":379174088578518,"purchased_purges":2,"victory":false,"master_deck":["Strike_R","Strike_R+1","Defend_R","Defend_R","Bash+1","Disarm+1","Pommel Strike+1","Immolate+1","Pommel Strike+1"],"max_hp_per_floor":[80,80,80,80,80,80,80,80,80,80,80,80,80,80,80,80,80,80,80,80,80,80,80,80,80,80,80,80,80,80,80,80,80],"relics":["Burning Blood","Torii","Whetstone","Regal Pillow","Lantern","Dream Catcher","Velvet Choker","Peace Pipe","Magic Flower"],"card_choices":[{"not_picked":["Headbutt","Warcry"],"picked":"Disarm","floor":1},{"not_picked":["Corruption","Flex"],"picked":"Pommel Strike","floor":10},{"not_picked":["Brutality","Exhume"],"picked":"Immolate","floor":16},{"not_picked":["Corruption","Headbutt"],"picked":"Pommel Strike","floor":22}],"player_experience":229849,"potions_floor_usage":[7,10,14,14,16,20,25,31],"damage_taken":[{"damage":1,"enemies":"Cultist","floor":1,"turns":3},{"damage":1,"enemies":"Small Slimes","floor":3,"turns":4},{"damage":0,"enemies":"2 Louse","floor":7,"turns":1},{"damage":40,"enemies":"3 Sentries","floor":10,"turns":11},{"damage":16,"enemies":"Exordium Thugs","floor":14,"turns":4},{"damage":42,"enemies":"Slime Boss","floor":16,"turns":12},{"damage":14,"enemies":"3 Byrds","floor":18,"turns":4},{"damage":3,"enemies":"Shell Parasite","floor":20,"turns":3},{"damage":24,"enemies":"Centurion and Healer","floor":22,"turns":5},{"damage":17,"enemies":"Snecko","floor":24,"turns":4},{"damage":42,"enemies":"Slavers","floor":25,"turns":5},{"damage":24,"enemies":"Slaver and Parasite","floor":27,"turns":7},{"damage":6,"enemies":"Snake Plant","floor":31,"turns":3},{"damage":66,"enemies":"Champ","floor":33,"turns":11}],"event_choices":[{"event_name":"The Cleric","player_choice":"Card Removal","floor":4,"damage_taken":0},{"event_name":"Golden Shrine","player_choice":"Pray","floor":8,"damage_taken":0},{"event_name":"Living Wall","player_choice":"Forget","floor":11,"damage_taken":0},{"event_name":"Accursed Blacksmith","player_choice":"Rummage","floor":13,"damage_taken":0},{"event_name":"Beggar","player_choice":"Gave Gold","floor":19,"damage_taken":0},{"event_name":"Vampires","player_choice":"Ignored","floor":21,"damage_taken":0}],"boss_relics":[{"not_picked":["Runic Cube","Snecko Eye"],"picked":"Velvet Choker"}],"potions_floor_spawned":[7,14,18,24,25],"seed_played":"-2920916438656045679","killed_by":"Champ","ascension_level":6,"is_trial":false}