{"gold_per_floor":[113,113,123,123,139,173,186,218,218,218,236,267,267,542,542,619,619,632,80,179,179,179],"floor_reached":22,"playtime":813,"items_purged":["Pain"],"score":333,"play_id":"01b184e8-86a7-4133-a8b0-1bbb712b8502","local_time":"20190413194558","is_ascension_mode":true,"campfire_choices":[{"floor":10,"key":"REST"},{"floor":15,"key":"REST"}],"neow_cost":"TEN_PERCENT_HP_LOSS","seed_source_timestamp":42015621737500,"circlet_count":0,"master_deck":["AscendersBane","Strike_R","Strike_R","Strike_R","Strike_R","Strike_R","Defend_R","Defend_R","Defend_R+1","Defend_R","Bash+1","Sever Soul+1","Havoc","Inflame","Iron Wave","Ghostly Armor","Havoc","Havoc","Warcry","Regret","Dark Embrace","Regret","Clumsy","Heavy Blade","Metamorphosis","Clothesline","Infernal Blade"],"relics":["Burning Blood","Charon\u0027s Ashes","Sundial","Mercury Hourglass","Kunai","Calling Bell","Omamori","Question Card","StoneCalendar","HandDrill"],"potions_floor_usage":[6,6,16,16,21],"damage_taken":[{"damage":2,"enemies":"Small Slimes","floor":1,"turns":4},{"damage":1,"enemies":"Cultist","floor":3,"turns":3},{"damage":12,"enemies":"Jaw Worm","floor":5,"turns":2},{"damage":26,"enemies":"3 Sentries","floor":6,"turns":6},{"damage":15,"enemies":"Lots of Slimes","floor":7,"turns":3},{"damage":23,"enemies":"Lagavulin","floor":8,"turns":7},{"damage":6,"enemies":"Looter","floor":11,"turns":2},{"damage":9,"enemies":"3 Sentries","floor":12,"turns":4},{"damage":43,"enemies":"The Guardian","floor":16,"turns":13},{"damage":26,"enemies":"Spheric Guardian","floor":18,"turns":4},{"damage":22,"enemies":"Colosseum Slavers","floor":21,"turns":3},{"damage":30,"enemies":"Shell Parasite","floor":22,"turns":4}],"seed_played":"-7926402579548325505","potions_obtained":[{"floor":1,"key":"LiquidBronze"},{"floor":5,"key":"PowerPotion"},{"floor":11,"key":"Energy Potion"},{"floor":12,"key":"Block Potion"},{"floor":18,"key":"FearPotion"}],"is_trial":false,"path_per_floor":["M","?","M","?","M","E","M","E","T","R","M","E","?","?","R","B",null,"M","$","?","?","M"],"character_chosen":"IRONCLAD","items_purchased":["Metamorphosis","HandDrill","Clothesline","Infernal Blade"],"campfire_rested":2,"item_purchase_floors":[19,19,19,19],"current_hp_per_floor":[72,72,72,72,66,46,37,20,20,41,41,38,24,24,45,8,56,36,36,36,20,0],"gold":179,"neow_bonus":"ONE_RARE_RELIC","is_prod":false,"is_daily":false,"chose_seed":false,"campfire_upgraded":0,"win_rate":0,"timestamp":1555173958,"path_taken":["M","?","?","?","?","E","M","E","T","R","M","E","?","?","R","BOSS","M","$","?","?","M"],"build_version":"2019-01-23","purchased_purges":1,"victory":false,"max_hp_per_floor":[72,72,72,72,72,72,72,72,72,72,72,72,72,72,72,72,72,72,72,72,72,72],"card_choices":[{"not_picked":["Heavy Blade","Flex"],"picked":"Sever Soul","floor":1},{"not_picked":["Armaments","Sword Boomerang"],"picked":"Havoc","floor":3},{"not_picked":["Flex","Anger"],"picked":"Inflame","floor":5},{"not_picked":["Dual Wield","Pommel Strike"],"picked":"Iron Wave","floor":6},{"not_picked":["Heavy Blade","Rampage"],"picked":"Ghostly Armor","floor":7},{"not_picked":["Demon Form","Body Slam"],"picked":"Havoc","floor":8},{"not_picked":["Flex","Shrug It Off"],"picked":"Havoc","floor":11},{"not_picked":["Heavy Blade","Shrug It Off"],"picked":"Warcry","floor":12},{"not_picked":["Limit Break","Brutality"],"picked":"Dark Embrace","floor":16},{"not_picked":["Clash","Pommel Strike","Armaments"],"picked":"Heavy Blade","floor":18}],"player_experience":539592,"relics_obtained":[{"floor":6,"key":"Sundial"},{"floor":8,"key":"Mercury Hourglass"},{"floor":12,"key":"Kunai"},{"floor":17,"key":"Omamori"},{"floor":17,"key":"Question Card"},{"floor":17,"key":"StoneCalendar"}],"event_choices":[{"damage_healed":0,"gold_gain":0,"player_choice":"0 cards matched","damage_taken":0,"max_hp_gain":0,"max_hp_loss":0,"event_name":"Match and Keep!","floor":2,"gold_loss":0,"cards_obtained":[]},{"damage_healed":0,"gold_gain":0,"player_choice":"Upgraded","damage_taken":0,"max_hp_gain":0,"max_hp_loss":0,"event_name":"Upgrade Shrine","floor":4,"gold_loss":0,"cards_upgraded":["Sever Soul"]},{"damage_healed":0,"gold_gain":0,"player_choice":"Entered Light","damage_taken":14,"max_hp_gain":0,"max_hp_loss":0,"event_name":"Shining Light","floor":13,"gold_loss":0,"cards_upgraded":["Bash","Defend_R"]},{"damage_healed":0,"gold_gain":275,"player_choice":"Desecrate","damage_taken":0,"max_hp_gain":0,"max_hp_loss":0,"event_name":"Golden Shrine","floor":14,"gold_loss":0,"cards_obtained":["Regret"]},{"damage_healed":0,"gold_gain":99,"player_choice":"Stole From Cult","damage_taken":0,"max_hp_gain":0,"max_hp_loss":0,"event_name":"Nest","floor":20,"gold_loss":0},{"damage_healed":0,"gold_gain":0,"player_choice":"Fight","damage_taken":0,"max_hp_gain":0,"max_hp_loss":0,"event_name":"Colosseum","floor":21,"gold_loss":0},{"damage_healed":0,"gold_gain":0,"player_choice":"Fled From Nobs","damage_taken":0,"max_hp_gain":0,"max_hp_loss":0,"event_name":"Colosseum","floor":21,"gold_loss":0}],"is_beta":false,"boss_relics":[{"not_picked":["Black Star","Runic Cube"],"picked":"Calling Bell"}],"items_purged_floors":[19],"is_endless":false,"potions_floor_spawned":[1,5,11,12,18],"killed_by":"Shell Parasite","ascension_level":13}