{"gold_per_floor":[111,130,18,31,42,42,68,88,88,88,119,130,144,155,155,255,255,274,291,308,6,6],"floor_reached":22,"playtime":2984,"items_purged":["Strike_R"],"score":202,"play_id":"6d4eeb44-b8d0-40d6-85a9-61bcf5d9fa2b","local_time":"20181108234459","is_ascension_mode":false,"campfire_choices":[{"data":"Juggernaut","floor":6,"key":"SMITH"},{"floor":10,"key":"REST"},{"floor":15,"key":"REST"}],"neow_cost":"NONE","seed_source_timestamp":2528265410083205,"circlet_count":0,"master_deck":["Strike_R","Strike_R","Strike_R","Strike_R","Defend_R","Defend_R","Defend_R","Defend_R","Bash","Clash","Juggernaut+1","Second Wind","Rupture","Clash","Body Slam","Metallicize","Body Slam","Headbutt","Spot Weakness","Armaments","Impervious","Brutality","True Grit+1","Entrench","Master of Strategy","True Grit"],"relics":["Black Blood","PreservedInsect","Bronze Scales","Darkstone Periapt","Regal Pillow"],"potions_floor_usage":[16,22,22],"damage_taken":[{"damage":6,"enemies":"Cultist","floor":1,"turns":4},{"damage":1,"enemies":"Jaw Worm","floor":2,"turns":3},{"damage":0,"enemies":"2 Louse","floor":4,"turns":3},{"damage":9,"enemies":"Lots of Slimes","floor":5,"turns":4},{"damage":35,"enemies":"3 Sentries","floor":7,"turns":7},{"damage":5,"enemies":"Looter","floor":8,"turns":2},{"damage":13,"enemies":"Lagavulin","floor":11,"turns":4},{"damage":13,"enemies":"Red Slaver","floor":12,"turns":2},{"damage":16,"enemies":"Large Slime","floor":13,"turns":4},{"damage":5,"enemies":"Gremlin Gang","floor":14,"turns":4},{"damage":25,"enemies":"The Guardian","floor":16,"turns":8},{"damage":14,"enemies":"Shell Parasite","floor":18,"turns":5},{"damage":18,"enemies":"3 Byrds","floor":19,"turns":4},{"damage":12,"enemies":"Centurion and Healer","floor":20,"turns":6},{"damage":98,"enemies":"Cultist and Chosen","floor":22,"turns":6}],"seed_played":"8739998786771304360","potions_obtained":[{"floor":5,"key":"Swift Potion"},{"floor":7,"key":"Ancient Potion"},{"floor":8,"key":"LiquidBronze"},{"floor":19,"key":"Regen Potion"}],"is_trial":false,"path_per_floor":["M","M","$","M","M","R","E","M","T","R","E","M","M","M","R","B",null,"M","M","M","$","M"],"character_chosen":"IRONCLAD","items_purchased":["Second Wind","Rupture","Master of Strategy","True Grit"],"campfire_rested":2,"item_purchase_floors":[3,3,21,21],"current_hp_per_floor":[80,80,80,80,77,77,48,49,49,73,66,59,49,50,80,61,80,76,68,66,66,0],"gold":6,"neow_bonus":"RANDOM_COMMON_RELIC","is_prod":false,"is_daily":false,"chose_seed":false,"campfire_upgraded":1,"win_rate":0.0,"timestamp":1541742299,"path_taken":["M","M","$","M","M","R","E","M","T","R","E","M","M","M","R","BOSS","M","M","M","$","M"],"build_version":"2018-11-08","purchased_purges":1,"victory":false,"max_hp_per_floor":[80,80,80,80,80,80,80,80,80,80,80,80,80,80,80,80,80,80,80,80,80,80],"card_choices":[{"not_picked":["Headbutt","Perfected Strike"],"picked":"Clash","floor":1},{"not_picked":["Shrug It Off","Headbutt"],"picked":"Juggernaut","floor":2},{"not_picked":["Feel No Pain","Searing Blow"],"picked":"Clash","floor":4},{"not_picked":["Perfected Strike","Iron Wave"],"picked":"Body Slam","floor":5},{"not_picked":["Whirlwind","Body Slam"],"picked":"Metallicize","floor":7},{"not_picked":["True Grit","Twin Strike"],"picked":"Body Slam","floor":8},{"not_picked":["Evolve","Carnage"],"picked":"Headbutt","floor":11},{"not_picked":["Headbutt","Anger"],"picked":"Spot Weakness","floor":12},{"not_picked":["Thunderclap","Blood for Blood"],"picked":"Armaments","floor":13},{"not_picked":["Heavy Blade","Clothesline"],"picked":"Impervious","floor":14},{"not_picked":["Double Tap","Impervious"],"picked":"Brutality","floor":16},{"not_picked":["Cleave","Anger"],"picked":"True Grit+1","floor":18},{"not_picked":["Clothesline+1","Carnage","Sword Boomerang+1"],"picked":"SKIP","floor":19},{"not_picked":["Iron Wave","Uppercut+1"],"picked":"Entrench","floor":20}],"player_experience":123448,"relics_obtained":[{"floor":7,"key":"Bronze Scales"},{"floor":9,"key":"Darkstone Periapt"},{"floor":11,"key":"Regal Pillow"}],"event_choices":[],"is_beta":false,"boss_relics":[{"not_picked":["Snecko Eye","Sozu"],"picked":"Black Blood"}],"items_purged_floors":[21],"is_endless":false,"potions_floor_spawned":[5,7,8,13,14,19,20],"killed_by":"Cultist and Chosen","ascension_level":0}