{"path_per_floor":["M","?","?","?","M","E","R","E","T","R","$","E","R","M","R","B",null,"M","?","M","$","?","E","R","T","T","E","?","M","M","E","R","B",null,"M","?","$","M","T","R"],"character_chosen":"DEFECT","items_purchased":["DataDisk","Tiny Chest","Boot","Pen Nib","Regal Pillow"],"gold_per_floor":[117,117,117,117,137,170,170,214,214,214,68,111,111,130,130,253,253,276,276,289,17,17,50,50,50,73,109,109,128,141,180,180,308,308,324,324,33,57,81,81,81],"floor_reached":41,"campfire_rested":4,"playtime":1688,"item_purchase_floors":[11,21,21,37,37],"current_hp_per_floor":[73,55,55,55,55,35,57,45,55,55,55,29,54,56,56,9,85,78,78,69,69,69,41,41,41,41,37,37,46,55,49,74,37,85,79,79,79,51,51,85,0],"items_purged":["Storm"],"gold":81,"score":509,"play_id":"854bc108-f30a-473c-b395-e561c6afe69c","local_time":"20180621192713","is_prod":false,"is_daily":false,"chose_seed":false,"is_ascension_mode":true,"campfire_upgraded":0,"win_rate":0,"timestamp":1529598433,"campfire_choices":[{"floor":7,"key":"REST"},{"floor":10,"key":"DIG"},{"floor":13,"key":"REST"},{"floor":15,"key":"DIG"},{"floor":24,"key":"DIG"},{"floor":32,"key":"REST"},{"floor":40,"key":"REST"}],"path_taken":["M","?","?","?","?","E","R","E","T","R","$","E","R","M","R","BOSS","M","?","M","?","?","E","R","?","T","E","?","M","M","E","R","BOSS","M","?","$","M","?","R","E"],"build_version":"2018-06-14v2","seed_source_timestamp":561807893296573,"purchased_purges":1,"victory":false,"master_deck":["Strike_B+1","Strike_B+1","Strike_B+1","Defend_B+1","Defend_B+1","Zap+1","Dualcast","Go for the Eyes","Chill","Darkness","Beam Cell","Buffer","Conserve Battery+1","Conserve Battery+1","Self Repair","Darkness","Biased Cognition","Sweeping Beam","Coolheaded+1","Turbo+1"],"max_hp_per_floor":[75,75,75,75,75,75,75,75,85,85,85,85,85,85,85,85,85,85,85,85,85,85,85,85,85,85,85,85,85,85,85,85,85,85,85,85,85,85,85,85,85],"relics":["Cracked Core","War Paint","Golden Idol","Shovel","Blood Vial","Pear","Bottled Flame","DataDisk","Omamori","Lantern","Busted Crown","Tiny Chest","Boot","Meat on the Bone","Toolbox","Shuriken","Art of War","The Courier","Potion Belt","Nuclear Battery","Pen Nib","Regal Pillow","Dream Catcher"],"card_choices":[{"not_picked":["Glacier","Compile Driver"],"picked":"Go for the Eyes","floor":1},{"not_picked":["Turbo","Aggregate"],"picked":"Chill","floor":5},{"not_picked":["Steam","Go for the Eyes","Hello World"],"picked":"SKIP","floor":6},{"not_picked":["Steam","Steam Power"],"picked":"Darkness","floor":8},{"not_picked":["Seek","Hologram"],"picked":"Beam Cell","floor":12},{"not_picked":["Hologram","Fusion","Auto Shields"],"picked":"SKIP","floor":14},{"not_picked":["Creative AI","Hyperbeam"],"picked":"Buffer","floor":16},{"not_picked":["Barrage+1"],"picked":"SKIP","floor":18},{"not_picked":[],"picked":"Conserve Battery+1","floor":20},{"not_picked":["Rebound"],"picked":"SKIP","floor":23},{"not_picked":["Hologram"],"picked":"SKIP","floor":27},{"not_picked":[],"picked":"Self Repair","floor":29},{"not_picked":[],"picked":"Darkness","floor":30},{"not_picked":["Force Field"],"picked":"SKIP","floor":31},{"not_picked":[],"picked":"Biased Cognition","floor":33},{"not_picked":[],"picked":"Sweeping Beam","floor":35},{"not_picked":[],"picked":"Coolheaded+1","floor":38},{"not_picked":[],"picked":"Turbo+1","floor":40}],"player_experience":287843,"potions_floor_usage":[6,8,12,16,23,29,30,31],"damage_taken":[{"damage":2,"enemies":"Jaw Worm","floor":1,"turns":3},{"damage":0,"enemies":"Small Slimes","floor":5,"turns":2},{"damage":20,"enemies":"Lagavulin","floor":6,"turns":7},{"damage":12,"enemies":"3 Sentries","floor":8,"turns":8},{"damage":28,"enemies":"Gremlin Nob","floor":12,"turns":4},{"damage":0,"enemies":"2 Louse","floor":14,"turns":3},{"damage":49,"enemies":"Hexaghost","floor":16,"turns":10},{"damage":7,"enemies":"Shell Parasite","floor":18,"turns":6},{"damage":11,"enemies":"Spheric Guardian","floor":20,"turns":4},{"damage":30,"enemies":"Slavers","floor":23,"turns":8},{"damage":18,"enemies":"Book of Stabbing","floor":27,"turns":6},{"damage":5,"enemies":"Snecko","floor":29,"turns":4},{"damage":0,"enemies":"Slaver and Parasite","floor":30,"turns":5},{"damage":27,"enemies":"Gremlin Leader","floor":31,"turns":8},{"damage":58,"enemies":"Champ","floor":33,"turns":9},{"damage":13,"enemies":"Orb Walker","floor":35,"turns":4},{"damage":37,"enemies":"3 Darklings","floor":38,"turns":6},{"damage":98,"enemies":"Giant Head","floor":41,"turns":10}],"relics_obtained":[{"floor":6,"key":"Shovel"},{"floor":8,"key":"Blood Vial"},{"floor":9,"key":"Pear"},{"floor":10,"key":"Bottled Flame"},{"floor":12,"key":"Omamori"},{"floor":15,"key":"Lantern"},{"floor":23,"key":"Meat on the Bone"},{"floor":24,"key":"Toolbox"},{"floor":25,"key":"Shuriken"},{"floor":26,"key":"Art of War"},{"floor":27,"key":"The Courier"},{"floor":31,"key":"Potion Belt"},{"floor":39,"key":"Dream Catcher"}],"event_choices":[{"event_name":"Golden Idol","player_choice":"Take Damage","floor":2,"damage_taken":0},{"event_name":"The Lab","player_choice":"Got Potions","floor":3,"damage_taken":0},{"event_name":"Bonfire Elementals","player_choice":"BASIC","floor":4,"damage_taken":0},{"event_name":"Purifier","player_choice":"One Purge","floor":19,"damage_taken":0},{"event_name":"Duplicator","player_choice":"One dupe","floor":22,"damage_taken":0},{"event_name":"Back to Basics","player_choice":"Simplicity","floor":28,"damage_taken":0},{"event_name":"Transmorgrifier","player_choice":"Transform","floor":36,"damage_taken":0}],"boss_relics":[{"not_picked":["Velvet Choker","Coffee Dripper"],"picked":"Busted Crown"},{"not_picked":["Astrolabe","Orrery"],"picked":"Nuclear Battery"}],"items_purged_floors":[37],"is_endless":false,"potions_floor_spawned":[1,8,12,20,23,29,30,31],"seed_played":"7318515576301985136","killed_by":"Giant Head","ascension_level":2,"potions_obtained":[{"floor":1,"key":"Swift Potion"},{"floor":3,"key":"SkillPotion"},{"floor":8,"key":"Poison Potion"},{"floor":12,"key":"EssenceOfSteel"},{"floor":20,"key":"FearPotion"},{"floor":23,"key":"FocusPotion"},{"floor":29,"key":"Dexterity Potion"},{"floor":30,"key":"FocusPotion"},{"floor":31,"key":"Energy Potion"}],"is_trial":false}