{"gold_per_floor":[112,112,132,149,160,160,188,204,204,304,320,332,332,348,348,445,445,461,511,529,529,543,571,571,591,591,610,610,610,625,369,369,468,518,534,554,609,609],"floor_reached":38,"playtime":1453,"items_purged":["Writhe"],"score":427,"play_id":"7f498011-11a6-4dfa-916a-00837af73918","local_time":"20190705131057","is_ascension_mode":false,"campfire_choices":[{"data":"Zap","floor":6,"key":"SMITH"},{"data":"Doom and Gloom","floor":13,"key":"SMITH"},{"floor":15,"key":"REST"},{"data":"White Noise","floor":24,"key":"SMITH"},{"floor":28,"key":"REST"},{"data":"Capacitor","floor":32,"key":"SMITH"}],"neow_cost":"NONE","seed_source_timestamp":61579974989870,"circlet_count":0,"master_deck":["Strike_B","Strike_B","Strike_B","Defend_B","Defend_B","Defend_B","Defend_B+1","Zap+1","Dualcast","Sweeping Beam","Doom and Gloom+1","Ball Lightning","Redo","Steam","Rainbow","FTL","Genetic Algorithm","Defragment","Reboot","Clumsy","Clumsy","Beam Cell","Leap+1","Conserve Battery","White Noise+1","Double Energy","Cold Snap+1","Conserve Battery","Capacitor+1","Creative AI","Chill","Conserve Battery+1","Reprogram+1"],"relics":["Cracked Core","Darkstone Periapt","Bag of Preparation","Calling Bell","Blood Vial","Dodecahedron","Du-Vu Doll","Enchiridion","Bag of Marbles","Sundial","Bronze Scales","Tiny House","Nunchaku"],"potions_floor_usage":[5,7,7,20,33,33,37],"damage_taken":[{"damage":1,"enemies":"Jaw Worm","floor":1,"turns":3},{"damage":1,"enemies":"Cultist","floor":3,"turns":3},{"damage":3,"enemies":"Small Slimes","floor":4,"turns":2},{"damage":12,"enemies":"Exordium Thugs","floor":5,"turns":3},{"damage":8,"enemies":"Lagavulin","floor":7,"turns":3},{"damage":14,"enemies":"Gremlin Gang","floor":8,"turns":2},{"damage":11,"enemies":"Blue Slaver","floor":11,"turns":3},{"damage":0,"enemies":"Large Slime","floor":12,"turns":2},{"damage":0,"enemies":"3 Louse","floor":14,"turns":1},{"damage":29,"enemies":"The Guardian","floor":16,"turns":9},{"damage":0,"enemies":"Spheric Guardian","floor":18,"turns":3},{"damage":5,"enemies":"3 Byrds","floor":20,"turns":4},{"damage":16,"enemies":"Centurion and Healer","floor":22,"turns":6},{"damage":29,"enemies":"Slavers","floor":23,"turns":6},{"damage":17,"enemies":"3 Cultists","floor":25,"turns":4},{"damage":12,"enemies":"Shelled Parasite and Fungi","floor":27,"turns":4},{"damage":0,"enemies":"Sentry and Sphere","floor":30,"turns":3},{"damage":62,"enemies":"Collector","floor":33,"turns":8},{"damage":0,"enemies":"3 Darklings","floor":35,"turns":3},{"damage":22,"enemies":"Orb Walker","floor":36,"turns":3},{"damage":45,"enemies":"2 Orb Walkers","floor":37,"turns":5},{"damage":42,"enemies":"Maw","floor":38,"turns":8}],"seed_played":"-8036924245349572639","potions_obtained":[{"floor":0,"key":"SpeedPotion"},{"floor":0,"key":"FocusPotion"},{"floor":0,"key":"Dexterity Potion"},{"floor":3,"key":"Energy Potion"},{"floor":4,"key":"Fire Potion"},{"floor":11,"key":"AttackPotion"},{"floor":23,"key":"SmokeBomb"},{"floor":27,"key":"Regen Potion"},{"floor":30,"key":"Explosive Potion"},{"floor":34,"key":"EssenceOfSteel"}],"is_trial":false,"path_per_floor":["M","?","M","M","M","R","E","M","T","?","M","M","R","M","R","B",null,"M","?","M","?","M","E","R","M","T","M","R","?","M","$","R","B",null,"M","M","?","M"],"character_chosen":"DEFECT","items_purchased":["Bronze Scales","Capacitor"],"campfire_rested":2,"item_purchase_floors":[31,31],"current_hp_per_floor":[74,74,73,70,58,58,50,36,36,36,25,25,25,25,47,18,93,93,93,88,72,58,31,31,16,16,6,33,64,66,66,66,21,98,98,76,33,0],"gold":609,"neow_bonus":"THREE_SMALL_POTIONS","is_prod":false,"is_daily":false,"chose_seed":false,"campfire_upgraded":4,"win_rate":0,"timestamp":1562325057,"path_taken":["M","?","M","?","M","R","E","M","T","?","M","M","R","M","R","BOSS","M","?","?","?","M","E","R","M","T","M","R","?","M","$","R","BOSS","M","M","?","M"],"build_version":"2019-07-01","purchased_purges":1,"victory":false,"max_hp_per_floor":[75,75,75,75,75,75,75,75,75,75,75,75,75,75,75,75,93,93,93,93,93,93,93,93,93,93,93,93,93,93,93,93,93,98,98,98,98,98],"card_choices":[{"not_picked":["Go for the Eyes","Steam"],"picked":"Sweeping Beam","floor":1},{"not_picked":["Hologram","Compile Driver"],"picked":"Ball Lightning","floor":3},{"not_picked":["Chaos","Skim"],"picked":"Redo","floor":4},{"not_picked":["Skim","Turbo"],"picked":"Steam","floor":5},{"not_picked":["Fusion","Hologram"],"picked":"Rainbow","floor":7},{"not_picked":["Compile Driver","Leap","Recycle"],"picked":"SKIP","floor":8},{"not_picked":["Leap","Conserve Battery"],"picked":"FTL","floor":11},{"not_picked":["Redo","All For One"],"picked":"Genetic Algorithm","floor":12},{"not_picked":["Gash","Sweeping Beam"],"picked":"Defragment","floor":14},{"not_picked":["Buffer","All For One"],"picked":"Reboot","floor":16},{"not_picked":["Ball Lightning","Steam Power"],"picked":"Beam Cell","floor":18},{"not_picked":["Barrage+1","Genetic Algorithm"],"picked":"Leap+1","floor":20},{"not_picked":["Storm","Coolheaded"],"picked":"Conserve Battery","floor":22},{"not_picked":["Rainbow","Barrage"],"picked":"White Noise","floor":23},{"not_picked":["Doom and Gloom","Go for the Eyes"],"picked":"Double Energy","floor":25},{"not_picked":["Beam Cell+1","Biased Cognition"],"picked":"Cold Snap+1","floor":27},{"not_picked":["Turbo","Gash"],"picked":"Conserve Battery","floor":30},{"not_picked":["Biased Cognition","Echo Form"],"picked":"Creative AI","floor":33},{"not_picked":["Turbo","Capacitor"],"picked":"Chill","floor":34},{"not_picked":["Stack","Streamline","Ball Lightning"],"picked":"SKIP","floor":35},{"not_picked":["Aggregate+1","Turbo"],"picked":"Conserve Battery+1","floor":36},{"not_picked":["Ball Lightning+1","Doom and Gloom+1"],"picked":"Reprogram+1","floor":37}],"player_experience":27359,"relics_obtained":[{"floor":7,"key":"Darkstone Periapt"},{"floor":9,"key":"Bag of Preparation"},{"floor":17,"key":"Blood Vial"},{"floor":17,"key":"Dodecahedron"},{"floor":17,"key":"Du-Vu Doll"},{"floor":21,"key":"Enchiridion"},{"floor":23,"key":"Bag of Marbles"},{"floor":26,"key":"Sundial"},{"floor":37,"key":"Nunchaku"}],"event_choices":[{"damage_healed":0,"gold_gain":0,"cards_transformed":["Strike_B"],"player_choice":"Transformed","damage_taken":0,"max_hp_gain":0,"max_hp_loss":0,"event_name":"Transmorgrifier","floor":2,"gold_loss":0,"cards_obtained":["Doom and Gloom"]},{"damage_healed":0,"gold_gain":100,"player_choice":"Pray","damage_taken":0,"max_hp_gain":0,"max_hp_loss":0,"event_name":"Golden Shrine","floor":10,"gold_loss":0},{"damage_healed":0,"gold_gain":100,"player_choice":"Bet on Murderer","damage_taken":0,"max_hp_gain":0,"max_hp_loss":0,"event_name":"The Joust","floor":19,"gold_loss":50},{"damage_healed":0,"gold_gain":0,"player_choice":"Obtained Book","damage_taken":16,"max_hp_gain":0,"max_hp_loss":0,"event_name":"Cursed Tome","floor":21,"gold_loss":0},{"damage_healed":31,"gold_gain":0,"player_choice":"Heal","damage_taken":0,"max_hp_gain":0,"max_hp_loss":0,"event_name":"The Library","floor":29,"gold_loss":0},{"damage_healed":0,"gold_gain":0,"player_choice":"Fight","damage_taken":0,"max_hp_gain":0,"max_hp_loss":0,"event_name":"Mysterious Sphere","floor":37,"gold_loss":0}],"is_beta":false,"boss_relics":[{"not_picked":["White Beast Statue","Ectoplasm"],"picked":"Calling Bell"},{"not_picked":["Orrery","Lizard Tail"],"picked":"Tiny House"}],"items_purged_floors":[31],"is_endless":false,"potions_floor_spawned":[3,4,11,23,27,30],"killed_by":"Maw","ascension_level":0}