{"gold_per_floor":[112,62,62,22,32,44,44,59,136,136,154,154,169,25,25,124,124,136,136,154,154,154,154,94,113,138,63,63,73,73,73,73,174,174,192,192,16,16,16,42,58,84,109,109],"floor_reached":44,"playtime":1168,"items_purged":[],"score":479,"play_id":"7f953721-fe4b-4766-85e2-182ecdfff212","local_time":"20190713124246","is_ascension_mode":false,"campfire_choices":[{"data":"Carnage","floor":7,"key":"SMITH"},{"data":"Bash","floor":10,"key":"SMITH"},{"floor":12,"key":"RECALL"},{"data":"Flame Barrier","floor":15,"key":"SMITH"},{"data":"Metallicize","floor":23,"key":"SMITH"},{"data":"Body Slam","floor":28,"key":"SMITH"},{"floor":30,"key":"REST"},{"data":"Ghostly Armor","floor":32,"key":"SMITH"}],"neow_cost":"NONE","seed_source_timestamp":167688899450062,"circlet_count":0,"master_deck":["Strike_R","Strike_R","Defend_R","Defend_R","Bash+1","Carnage+1","Ghostly Armor+1","Flame Barrier+1","Brutality","Metallicize+1","Body Slam+1","Seeing Red","Immolate","Armaments","Mayhem","Madness","Madness","Warcry+1","Headbutt+1"],"relics":["Burning Blood","NeowsBlessing","Art of War","Mercury Hourglass","Bronze Scales","Busted Crown","Blood Vial","Sozu","Orichalcum","Pocketwatch"],"potions_floor_usage":[4,25,33],"damage_taken":[{"damage":0,"enemies":"2 Louse","floor":1,"turns":1},{"damage":0,"enemies":"Small Slimes","floor":5,"turns":1},{"damage":0,"enemies":"Cultist","floor":6,"turns":1},{"damage":3,"enemies":"Red Slaver","floor":8,"turns":4},{"damage":0,"enemies":"2 Fungi Beasts","floor":11,"turns":2},{"damage":0,"enemies":"Looter","floor":13,"turns":3},{"damage":31,"enemies":"Slime Boss","floor":16,"turns":6},{"damage":13,"enemies":"Spheric Guardian","floor":18,"turns":5},{"damage":11,"enemies":"3 Byrds","floor":20,"turns":2},{"damage":19,"enemies":"Centurion and Healer","floor":25,"turns":5},{"damage":9,"enemies":"Shelled Parasite and Fungi","floor":29,"turns":5},{"damage":37,"enemies":"Collector","floor":33,"turns":11},{"damage":11,"enemies":"3 Darklings","floor":35,"turns":5},{"damage":37,"enemies":"Nemesis","floor":40,"turns":7},{"damage":9,"enemies":"Orb Walker","floor":41,"turns":3},{"damage":40,"enemies":"Reptomancer","floor":42,"turns":6},{"damage":14,"enemies":"Spire Growth","floor":44,"turns":3}],"seed_played":"-5904697549926653597","potions_obtained":[{"floor":4,"key":"Fruit Juice"},{"floor":4,"key":"Ancient Potion"},{"floor":4,"key":"SteroidPotion"},{"floor":6,"key":"Swift Potion"},{"floor":8,"key":"PowerPotion"},{"floor":29,"key":"SteroidPotion"}],"is_trial":false,"path_per_floor":["M","?","?","?","M","M","R","M","T","R","M","R","M","$","R","B",null,"M","?","M","?","?","R","?","M","T","?","R","M","R","$","R","B",null,"M","?","$","?","$","E","M","E","T","M"],"character_chosen":"IRONCLAD","items_purchased":["Bronze Scales","Mayhem"],"campfire_rested":1,"item_purchase_floors":[14,37],"current_hp_per_floor":[80,80,73,78,84,85,85,85,85,85,85,85,85,85,85,60,85,78,78,73,57,57,57,57,44,44,44,44,43,70,70,70,41,90,85,85,85,74,74,45,44,12,12,0],"gold":109,"neow_bonus":"THREE_ENEMY_KILL","is_prod":false,"is_daily":false,"chose_seed":false,"campfire_upgraded":6,"win_rate":0,"timestamp":1563014566,"path_taken":["M","?","?","?","M","?","R","M","T","R","M","R","M","?","R","BOSS","M","?","M","?","?","R","?","?","T","?","R","M","R","$","R","BOSS","M","?","?","?","?","E","M","E","T","?"],"build_version":"2019-07-05","purchased_purges":0,"victory":false,"max_hp_per_floor":[80,80,80,85,85,85,85,85,85,85,85,85,85,85,85,85,85,85,85,85,90,90,90,90,90,90,90,90,90,90,90,90,90,90,90,90,90,90,90,90,90,90,90,90],"card_choices":[{"not_picked":["Shrug It Off","Cleave"],"picked":"Carnage","floor":1},{"not_picked":["Twin Strike","Havoc"],"picked":"Ghostly Armor","floor":5},{"not_picked":["Entrench","Twin Strike","Clash"],"picked":"SKIP","floor":6},{"not_picked":["Searing Blow","Clash","Perfected Strike"],"picked":"SKIP","floor":8},{"not_picked":["Clash","Blood for Blood","Thunderclap"],"picked":"SKIP","floor":11},{"not_picked":["Shrug It Off","Headbutt"],"picked":"Flame Barrier","floor":13},{"not_picked":["Immolate","Dark Embrace"],"picked":"Brutality","floor":16},{"not_picked":["Havoc+1"],"picked":"SKIP","floor":18},{"not_picked":["Headbutt"],"picked":"SKIP","floor":20},{"not_picked":[],"picked":"Body Slam","floor":25},{"not_picked":[],"picked":"Seeing Red","floor":29},{"not_picked":[],"picked":"Immolate","floor":33},{"not_picked":["Combust"],"picked":"SKIP","floor":35},{"not_picked":["Dark Embrace"],"picked":"SKIP","floor":40},{"not_picked":[],"picked":"Warcry+1","floor":41},{"not_picked":[],"picked":"Headbutt+1","floor":42}],"player_experience":107720,"relics_obtained":[{"floor":9,"key":"Mercury Hourglass"},{"floor":26,"key":"Blood Vial"},{"floor":40,"key":"Orichalcum"},{"floor":42,"key":"Pocketwatch"}],"event_choices":[{"cards_removed":["Strike_R"],"damage_healed":0,"gold_gain":0,"player_choice":"Card Removal","damage_taken":0,"max_hp_gain":0,"max_hp_loss":0,"event_name":"The Cleric","floor":2,"gold_loss":50},{"damage_healed":0,"gold_gain":0,"player_choice":"Success","damage_taken":7,"relics_obtained":["Art of War"],"max_hp_gain":0,"max_hp_loss":0,"event_name":"Scrap Ooze","floor":3,"gold_loss":0},{"damage_healed":0,"gold_gain":0,"player_choice":"Bought 3 Potions","damage_taken":0,"max_hp_gain":0,"max_hp_loss":0,"event_name":"The Woman in Blue","floor":4,"gold_loss":0},{"damage_healed":0,"gold_gain":0,"player_choice":"Read","damage_taken":0,"max_hp_gain":0,"max_hp_loss":0,"event_name":"The Library","floor":19,"gold_loss":0,"cards_obtained":["Metallicize"]},{"damage_healed":0,"gold_gain":0,"player_choice":"Shed Blood","damage_taken":21,"max_hp_gain":5,"max_hp_loss":0,"event_name":"Forgotten Altar","floor":21,"gold_loss":0},{"cards_removed":["Strike_R"],"damage_healed":0,"gold_gain":0,"player_choice":"Elegance","damage_taken":0,"max_hp_gain":0,"max_hp_loss":0,"event_name":"Back to Basics","floor":22,"gold_loss":0},{"cards_removed":["Defend_R"],"damage_healed":0,"gold_gain":0,"player_choice":"Single Remove","damage_taken":0,"max_hp_gain":0,"max_hp_loss":0,"event_name":"Designer","floor":24,"gold_loss":60},{"cards_removed":["Strike_R"],"damage_healed":0,"gold_gain":0,"player_choice":"Gave Gold","damage_taken":0,"max_hp_gain":0,"max_hp_loss":0,"event_name":"Beggar","floor":27,"gold_loss":75},{"damage_healed":0,"gold_gain":0,"cards_transformed":["Defend_R"],"player_choice":"Transformed","damage_taken":0,"max_hp_gain":0,"max_hp_loss":0,"event_name":"Transmorgrifier","floor":36,"gold_loss":0,"cards_obtained":["Armaments"]},{"damage_healed":0,"gold_gain":0,"player_choice":"Embrace Madness","damage_taken":11,"max_hp_gain":0,"max_hp_loss":0,"event_name":"Winding Halls","floor":38,"gold_loss":0,"cards_obtained":["Madness","Madness"]}],"is_beta":false,"boss_relics":[{"not_picked":["Black Blood","Cursed Key"],"picked":"Busted Crown"},{"not_picked":["Runic Cube","Black Star"],"picked":"Sozu"}],"items_purged_floors":[],"is_endless":false,"potions_floor_spawned":[6,8,13,16,29,35],"killed_by":"Spire Growth","ascension_level":0}