{"gold_per_floor":[119,119,132,145,160,12,12,187,187,221,235,235,247,258,258,357,357,371,371,371,470,298,298,313,345,411,423,435,457,479,501,513,624,636,663,722,734,179,189,224,236,236,236,236,0,35,35,47,47,47],"floor_reached":51,"playtime":2695,"items_purged":["Pain","Accuracy","Eviscerate"],"score":902,"play_id":"376aa466-94f2-483a-bbcf-e055c156ed11","local_time":"20190710201242","is_ascension_mode":false,"campfire_choices":[{"data":"Neutralize","floor":7,"key":"SMITH"},{"data":"Prepared","floor":12,"key":"SMITH"},{"data":"Crippling Poison","floor":15,"key":"SMITH"},{"data":"Tactician","floor":23,"key":"SMITH"},{"data":"Adrenaline","floor":27,"key":"SMITH"},{"data":"Corpse Explosion","floor":32,"key":"SMITH"},{"data":"Burst","floor":42,"key":"SMITH"},{"floor":44,"key":"RECALL"},{"data":"After Image","floor":47,"key":"SMITH"},{"data":"Tactician","floor":49,"key":"SMITH"}],"neow_cost":"NONE","seed_source_timestamp":25173925622748,"circlet_count":0,"master_deck":["Survivor","Neutralize+1","Prepared+1","Poisoned Stab","Tactician+1","Crippling Poison+1","Acrobatics","After Image+1","Malaise","Catalyst+1","Die Die Die","Dagger Spray","Underhanded Strike","Reflex+1","Glass Knife","Slice","Bouncing Flask","Tactician+1","Adrenaline+1","Escape Plan+1","Backflip+1","Corpse Explosion+1","Burst+1","Outmaneuver+1","Finesse","Forethought","Trip","Outmaneuver+1","Blur+1","Prepared+1","Tactician+1"],"relics":["Ring of the Snake","Orichalcum","WarpedTongs","Letter Opener","Pandora\u0027s Box","Singing Bowl","MawBank","War Paint","FaceOfCleric","Runic Pyramid","Unceasing Top","TheAbacus","Paper Crane","Oddly Smooth Stone","Sundial","Red Mask","Bag of Preparation"],"potions_floor_usage":[10,10,25,25,25,33,33,46],"damage_taken":[{"damage":1,"enemies":"Small Slimes","floor":1,"turns":4},{"damage":4,"enemies":"Cultist","floor":3,"turns":4},{"damage":10,"enemies":"Jaw Worm","floor":4,"turns":7},{"damage":6,"enemies":"Looter","floor":5,"turns":4},{"damage":1,"enemies":"3 Sentries","floor":10,"turns":6},{"damage":0,"enemies":"Large Slime","floor":11,"turns":6},{"damage":0,"enemies":"2 Fungi Beasts","floor":13,"turns":3},{"damage":1,"enemies":"Gremlin Gang","floor":14,"turns":4},{"damage":42,"enemies":"Slime Boss","floor":16,"turns":16},{"damage":0,"enemies":"Chosen","floor":18,"turns":5},{"damage":0,"enemies":"3 Byrds","floor":24,"turns":3},{"damage":26,"enemies":"Slavers","floor":25,"turns":5},{"damage":7,"enemies":"Snake Plant","floor":29,"turns":2},{"damage":9,"enemies":"Snecko","floor":30,"turns":4},{"damage":0,"enemies":"Shelled Parasite and Fungi","floor":31,"turns":3},{"damage":16,"enemies":"Collector","floor":33,"turns":5},{"damage":13,"enemies":"3 Shapes","floor":35,"turns":2},{"damage":18,"enemies":"2 Orb Walkers","floor":36,"turns":2},{"damage":0,"enemies":"Orb Walker","floor":39,"turns":3},{"damage":0,"enemies":"Giant Head","floor":40,"turns":4},{"damage":12,"enemies":"Jaw Worm Horde","floor":41,"turns":2},{"damage":0,"enemies":"Nemesis","floor":46,"turns":5},{"damage":0,"enemies":"Writhing Mass","floor":48,"turns":1},{"damage":0,"enemies":"Awakened One","floor":50,"turns":11}],"seed_played":"3607375668827064634","potions_obtained":[{"floor":1,"key":"Strength Potion"},{"floor":3,"key":"PowerPotion"},{"floor":10,"key":"Dexterity Potion"},{"floor":13,"key":"Poison Potion"},{"floor":24,"key":"GamblersBrew"},{"floor":29,"key":"Poison Potion"},{"floor":31,"key":"LiquidBronze"},{"floor":33,"key":"LiquidBronze"},{"floor":35,"key":"Regen Potion"},{"floor":39,"key":"Poison Potion"},{"floor":46,"key":"Block Potion"}],"is_trial":false,"path_per_floor":["M","?","M","M","M","$","R","?","T","E","M","R","M","M","R","B",null,"M","?","?","?","$","R","M","E","T","R","?","M","M","M","R","B",null,"M","?","?","$","M","E","M","R","T","R","?","E","R","M","R","B",null],"character_chosen":"THE_SILENT","items_purchased":["Tactician","Adrenaline","TheAbacus","Paper Crane"],"campfire_rested":0,"item_purchase_floors":[6,22,38,38],"current_hp_per_floor":[69,69,65,55,49,49,49,49,49,48,48,48,48,47,47,5,70,70,70,70,70,70,70,72,46,46,46,46,40,34,35,35,20,78,68,51,41,41,42,45,34,34,34,34,34,49,49,50,50,51],"gold":47,"neow_bonus":"RANDOM_COMMON_RELIC","is_prod":false,"is_daily":false,"chose_seed":false,"campfire_upgraded":9,"win_rate":0,"timestamp":1562782362,"path_taken":["M","?","M","M","?","$","R","?","T","E","M","R","M","M","R","BOSS","M","?","?","?","$","R","M","E","T","R","?","M","?","M","R","BOSS","M","?","?","?","M","E","?","R","T","R","?","E","R","M","R","BOSS"],"build_version":"2019-07-05","purchased_purges":3,"victory":true,"max_hp_per_floor":[70,70,70,70,70,70,70,70,70,70,70,70,70,70,70,70,70,70,70,70,70,70,70,72,72,72,72,72,73,76,77,77,78,78,81,82,82,82,83,86,87,87,87,87,87,88,88,89,89,90],"card_choices":[{"not_picked":["Predator","Acrobatics","Leg Sweep"],"picked":"SKIP","floor":1},{"not_picked":["Riddle With Holes","Cloak And Dagger","Sucker Punch"],"picked":"SKIP","floor":3},{"not_picked":["Dagger Throw","Dodge and Roll"],"picked":"Prepared","floor":4},{"not_picked":["Expertise","Riddle With Holes"],"picked":"Poisoned Stab","floor":5},{"not_picked":["Catalyst","Flying Knee"],"picked":"Crippling Poison","floor":10},{"not_picked":["Blade Dance","Catalyst","Flying Knee"],"picked":"SKIP","floor":11},{"not_picked":["Cloak And Dagger","Slice"],"picked":"Acrobatics","floor":13},{"not_picked":["Blade Dance","Flying Knee"],"picked":"After Image","floor":14},{"not_picked":["Storm of Steel","Die Die Die"],"picked":"Malaise","floor":16},{"not_picked":["Dagger Throw","Acrobatics"],"picked":"Tactician","floor":18},{"not_picked":["Flying Knee","Flechettes","Finisher"],"picked":"Singing Bowl","floor":24},{"not_picked":["Reflex","Choke"],"picked":"Escape Plan+1","floor":25},{"not_picked":["Quick Slash","Deadly Poison"],"picked":"Backflip+1","floor":29},{"not_picked":["Tactician","Slice","Eviscerate"],"picked":"Singing Bowl","floor":30},{"not_picked":["Flying Knee","Outmaneuver"],"picked":"Corpse Explosion","floor":31},{"not_picked":["Tools of the Trade","Unload"],"picked":"Burst","floor":33},{"not_picked":["Dagger Throw","Dash+1","Acrobatics+1"],"picked":"Singing Bowl","floor":35},{"not_picked":["Bouncing Flask","Underhanded Strike"],"picked":"Outmaneuver+1","floor":36},{"not_picked":["Metamorphosis","Jack Of All Trades"],"picked":"Finesse","floor":37},{"not_picked":["Dark Shackles","Sadistic Nature"],"picked":"Forethought","floor":37},{"not_picked":["Jack Of All Trades","Impatience"],"picked":"Trip","floor":37},{"not_picked":["Prepared","Expertise+1"],"picked":"Outmaneuver+1","floor":39},{"not_picked":["Storm of Steel","Crippling Poison","Dagger Spray"],"picked":"Singing Bowl","floor":40},{"not_picked":["Accuracy","Leg Sweep"],"picked":"Blur+1","floor":41},{"not_picked":["Cloak And Dagger+1","Backflip"],"picked":"Prepared+1","floor":46},{"not_picked":["Slice","Dodge and Roll"],"picked":"Tactician+1","floor":48}],"player_experience":64326,"relics_obtained":[{"floor":10,"key":"Letter Opener"},{"floor":25,"key":"MawBank"},{"floor":26,"key":"War Paint"},{"floor":36,"key":"Unceasing Top"},{"floor":40,"key":"Oddly Smooth Stone"},{"floor":43,"key":"Sundial"},{"floor":46,"key":"Bag of Preparation"}],"event_choices":[{"damage_healed":0,"gold_gain":0,"player_choice":"Rummage","damage_taken":0,"relics_obtained":["WarpedTongs"],"max_hp_gain":0,"max_hp_loss":0,"event_name":"Accursed Blacksmith","floor":2,"gold_loss":0,"cards_obtained":["Pain"]},{"damage_healed":0,"gold_gain":175,"player_choice":"AGREE","damage_taken":0,"max_hp_gain":0,"max_hp_loss":0,"event_name":"Liars Game","floor":8,"gold_loss":0,"cards_obtained":["Doubt"]},{"cards_removed":["Doubt"],"damage_healed":0,"gold_gain":0,"player_choice":"Elegance","damage_taken":0,"max_hp_gain":0,"max_hp_loss":0,"event_name":"Back to Basics","floor":19,"gold_loss":0},{"damage_healed":0,"gold_gain":0,"player_choice":"Opened","damage_taken":0,"relics_obtained":["Singing Bowl"],"max_hp_gain":0,"max_hp_loss":0,"event_name":"The Mausoleum","floor":20,"gold_loss":0},{"damage_healed":0,"gold_gain":99,"player_choice":"Stole From Cult","damage_taken":0,"max_hp_gain":0,"max_hp_loss":0,"event_name":"Nest","floor":21,"gold_loss":0},{"damage_healed":0,"gold_gain":0,"player_choice":"Trade","damage_taken":0,"relics_obtained":["FaceOfCleric"],"max_hp_gain":0,"max_hp_loss":0,"event_name":"FaceTrader","floor":28,"gold_loss":0},{"damage_healed":0,"gold_gain":0,"player_choice":"Fight","damage_taken":0,"max_hp_gain":0,"max_hp_loss":0,"event_name":"Mysterious Sphere","floor":36,"gold_loss":0},{"damage_healed":0,"gold_gain":0,"player_choice":"Memory 3","damage_taken":10,"max_hp_gain":0,"max_hp_loss":0,"event_name":"SensoryStone","floor":37,"gold_loss":0},{"damage_healed":0,"gold_gain":0,"player_choice":"Paid","damage_taken":0,"relics_obtained":["Red Mask"],"max_hp_gain":0,"max_hp_loss":0,"event_name":"Tomb of Lord Red Mask","floor":45,"gold_loss":236}],"is_beta":false,"boss_relics":[{"not_picked":["Astrolabe","White Beast Statue"],"picked":"Pandora\u0027s Box"},{"not_picked":["Black Star","Orrery"],"picked":"Runic Pyramid"}],"items_purged_floors":[6,22,38],"is_endless":false,"potions_floor_spawned":[1,3,10,13,24,29,31,33,35,39,46],"ascension_level":0}