{"gold_per_floor":[115,115,115,13,29,29,68,68,68,117,117,138,138,161,161,286,286,302,302,318,318,338,338,365,365,390,410,410,431,53,53,53,53],"floor_reached":33,"playtime":1601,"items_purged":["Injury"],"score":295,"play_id":"448c8caf-871f-426b-85fe-1767ed419ee3","local_time":"20190629171219","is_ascension_mode":true,"campfire_choices":[{"data":"Bash","floor":6,"key":"SMITH"},{"data":"Cleave","floor":8,"key":"SMITH"},{"data":"1","floor":15,"key":"LIFT"},{"data":"2","floor":23,"key":"LIFT"},{"data":"3","floor":25,"key":"LIFT"},{"floor":32,"key":"REST"}],"neow_cost":"NONE","seed_source_timestamp":172493561790702,"circlet_count":0,"master_deck":["Strike_R+1","Strike_R+1","Strike_R+1","Strike_R+1","Strike_R+1","Defend_R+1","Defend_R+1","Defend_R+1","Defend_R+1","Bash+1","Pommel Strike","Cleave+1","Perfected Strike","Uppercut","Cleave+1","Pommel Strike","Corruption","Dark Embrace","Metallicize+1","Havoc","Shrug It Off","Havoc+1","Warcry"],"relics":["Burning Blood","NeowsBlessing","Golden Idol","Meat on the Bone","Matryoshka","Pen Nib","Vajra","Regal Pillow","Girya","Runic Pyramid","PreservedInsect","Blood Vial","Kunai"],"potions_floor_usage":[16,20,33],"damage_taken":[{"damage":0,"enemies":"Small Slimes","floor":1,"turns":1},{"damage":0,"enemies":"Jaw Worm","floor":5,"turns":1},{"damage":0,"enemies":"3 Sentries","floor":7,"turns":2},{"damage":1,"enemies":"2 Louse","floor":12,"turns":2},{"damage":0,"enemies":"Large Slime","floor":14,"turns":3},{"damage":62,"enemies":"The Guardian","floor":16,"turns":9},{"damage":2,"enemies":"Chosen","floor":18,"turns":3},{"damage":24,"enemies":"3 Byrds","floor":20,"turns":5},{"damage":26,"enemies":"Cultist and Chosen","floor":22,"turns":6},{"damage":36,"enemies":"Snake Plant","floor":27,"turns":5},{"damage":23,"enemies":"Chosen and Byrds","floor":29,"turns":6},{"damage":94,"enemies":"Champ","floor":33,"turns":13}],"seed_played":"-4579285506283967101","potions_obtained":[{"floor":5,"key":"SteroidPotion"},{"floor":18,"key":"Weak Potion"},{"floor":22,"key":"Dexterity Potion"}],"is_trial":false,"path_per_floor":["M","?","?","$","M","R","E","R","T","T","?","M","T","M","R","B",null,"M","?","M","?","M","R","T","R","T","M","?","M","$","?","R","B"],"character_chosen":"IRONCLAD","items_purchased":["Cleave","Perfected Strike","Kunai","Warcry"],"campfire_rested":1,"item_purchase_floors":[4,4,30,30],"current_hp_per_floor":[80,80,80,80,80,80,80,80,80,80,80,80,80,80,80,36,80,80,80,62,62,54,54,54,54,54,38,64,49,49,49,80,0],"gold":53,"neow_bonus":"THREE_ENEMY_KILL","is_prod":false,"is_daily":false,"chose_seed":false,"campfire_upgraded":2,"win_rate":0,"timestamp":1561846339,"path_taken":["M","?","?","$","M","R","E","R","T","?","?","M","?","M","R","BOSS","M","?","M","?","M","R","?","R","T","?","?","M","$","?","R","BOSS"],"build_version":"2019-01-23","purchased_purges":1,"victory":false,"max_hp_per_floor":[80,80,80,80,80,80,80,80,80,80,80,80,80,80,80,80,80,80,80,80,80,80,80,80,80,80,80,80,80,80,80,80,80],"card_choices":[{"not_picked":["Flex","True Grit"],"picked":"Pommel Strike","floor":1},{"not_picked":["Disarm","Pommel Strike"],"picked":"Uppercut","floor":5},{"not_picked":["Double Tap","Intimidate"],"picked":"Cleave","floor":7},{"not_picked":["Cleave","Hemokinesis"],"picked":"Pommel Strike","floor":12},{"not_picked":["True Grit","Havoc"],"picked":"Corruption","floor":14},{"not_picked":["Reaper","Impervious"],"picked":"Dark Embrace","floor":16},{"not_picked":["Reckless Charge","Sentinel+1"],"picked":"Metallicize+1","floor":18},{"not_picked":["Uppercut","Flex"],"picked":"Havoc","floor":20},{"not_picked":["Carnage","Clash"],"picked":"Shrug It Off","floor":22},{"not_picked":["Flex","Clash","Metallicize+1"],"picked":"SKIP","floor":27},{"not_picked":["Iron Wave","Perfected Strike"],"picked":"Havoc+1","floor":29}],"player_experience":290809,"relics_obtained":[{"floor":7,"key":"Meat on the Bone"},{"floor":9,"key":"Matryoshka"},{"floor":10,"key":"Pen Nib"},{"floor":10,"key":"Vajra"},{"floor":13,"key":"Regal Pillow"},{"floor":13,"key":"Girya"},{"floor":24,"key":"PreservedInsect"},{"floor":26,"key":"Blood Vial"}],"event_choices":[{"damage_healed":0,"gold_gain":0,"player_choice":"Ignored","damage_taken":0,"max_hp_gain":0,"max_hp_loss":0,"event_name":"Shining Light","floor":2,"gold_loss":0},{"damage_healed":0,"gold_gain":0,"player_choice":"Take Wound","damage_taken":0,"relics_obtained":["Golden Idol"],"max_hp_gain":0,"max_hp_loss":0,"event_name":"Golden Idol","floor":3,"gold_loss":0,"cards_obtained":["Injury"]},{"damage_healed":0,"gold_gain":0,"player_choice":"Grow","damage_taken":0,"max_hp_gain":0,"max_hp_loss":0,"event_name":"Living Wall","floor":11,"gold_loss":0,"cards_upgraded":["Cleave"]},{"damage_healed":0,"gold_gain":0,"player_choice":"Ignored","damage_taken":0,"max_hp_gain":0,"max_hp_loss":0,"event_name":"Ghosts","floor":19,"gold_loss":0},{"damage_healed":0,"gold_gain":0,"player_choice":"Simplicity","damage_taken":0,"max_hp_gain":0,"max_hp_loss":0,"event_name":"Back to Basics","floor":21,"gold_loss":0,"cards_upgraded":["Strike_R","Strike_R","Strike_R","Strike_R","Strike_R","Defend_R","Defend_R","Defend_R","Defend_R"]},{"damage_healed":26,"gold_gain":0,"player_choice":"Heal","damage_taken":0,"max_hp_gain":0,"max_hp_loss":0,"event_name":"The Library","floor":28,"gold_loss":0},{"damage_healed":0,"gold_gain":0,"player_choice":"Ignored","damage_taken":0,"max_hp_gain":0,"max_hp_loss":0,"event_name":"The Mausoleum","floor":31,"gold_loss":0}],"is_beta":false,"boss_relics":[{"not_picked":["Tiny House","Runic Cube"],"picked":"Runic Pyramid"}],"items_purged_floors":[30],"is_endless":false,"potions_floor_spawned":[5,18,22],"killed_by":"Champ","ascension_level":2}