{"gold_per_floor":[112,127,141,155,166,195,195,207,207,207],"floor_reached":10,"playtime":794,"items_purged":[],"score":72,"play_id":"4605426a-717f-4aa2-b819-bc52315b83f2","local_time":"20181128002216","is_ascension_mode":false,"campfire_choices":[],"neow_cost":"NONE","seed_source_timestamp":616353741385901,"circlet_count":0,"master_deck":["Strike_R","Strike_R","Strike_R","Strike_R","Strike_R","Defend_R","Defend_R","Defend_R","Defend_R","Bash","Offering","Clothesline","Thunderclap","Battle Trance","Thunderclap","Shrug It Off","Iron Wave","Evolve"],"relics":["Burning Blood","Kunai","Shuriken"],"potions_floor_usage":[6],"damage_taken":[{"damage":8,"enemies":"Small Slimes","floor":1,"turns":3},{"damage":6,"enemies":"Cultist","floor":2,"turns":2},{"damage":5,"enemies":"2 Louse","floor":3,"turns":2},{"damage":19,"enemies":"2 Fungi Beasts","floor":4,"turns":3},{"damage":22,"enemies":"Large Slime","floor":5,"turns":7},{"damage":23,"enemies":"3 Sentries","floor":6,"turns":6},{"damage":17,"enemies":"Exordium Wildlife","floor":8,"turns":4},{"damage":24,"enemies":"Lots of Slimes","floor":10,"turns":2}],"seed_played":"6772197082522973032","potions_obtained":[{"floor":2,"key":"AttackPotion"},{"floor":3,"key":"Block Potion"},{"floor":6,"key":"SpeedPotion"},{"floor":8,"key":"SpeedPotion"}],"is_trial":false,"path_per_floor":["M","M","M","M","M","E","?","M","T","M"],"character_chosen":"IRONCLAD","items_purchased":[],"campfire_rested":0,"item_purchase_floors":[],"current_hp_per_floor":[78,78,79,66,50,33,33,22,22,0],"gold":207,"neow_bonus":"ONE_RANDOM_RARE_CARD","is_prod":false,"is_daily":false,"chose_seed":false,"campfire_upgraded":0,"win_rate":0.0,"timestamp":1543386136,"path_taken":["M","M","M","M","M","E","?","M","T","M"],"build_version":"2018-11-15","purchased_purges":0,"victory":false,"max_hp_per_floor":[80,80,80,80,80,80,80,80,80,80],"card_choices":[{"not_picked":["Body Slam","Ghostly Armor"],"picked":"Clothesline","floor":1},{"not_picked":["Flex","Twin Strike"],"picked":"Thunderclap","floor":2},{"not_picked":["Iron Wave","True Grit"],"picked":"Second Wind","floor":3},{"not_picked":["Perfected Strike","Sentinel"],"picked":"Battle Trance","floor":4},{"not_picked":["Whirlwind","Impervious"],"picked":"Thunderclap","floor":5},{"not_picked":["Twin Strike","Iron Wave"],"picked":"Shrug It Off","floor":6},{"not_picked":["Anger","Corruption"],"picked":"Evolve","floor":8}],"player_experience":163297,"relics_obtained":[{"floor":6,"key":"Kunai"},{"floor":9,"key":"Shuriken"}],"event_choices":[{"cards_removed":["Second Wind"],"damage_healed":0,"gold_gain":0,"player_choice":"Took Card","damage_taken":0,"max_hp_gain":0,"max_hp_loss":0,"event_name":"NoteForYourself","floor":7,"gold_loss":0,"cards_obtained":["Iron Wave"]}],"is_beta":false,"boss_relics":[],"items_purged_floors":[],"is_endless":false,"potions_floor_spawned":[2,3,6,8],"killed_by":"Lots of Slimes","ascension_level":0}