{"gold_per_floor":[113,132,150,0,16,16,28,55,101,112,112,37,37,56,56,56],"floor_reached":16,"playtime":673,"items_purged":["Strike_R"],"score":104,"play_id":"2f2caf3b-4b5e-4325-a0e3-32a9db69a435","local_time":"20190710113633","is_ascension_mode":false,"campfire_choices":[{"data":"Armaments","floor":6,"key":"SMITH"},{"data":"Barricade","floor":11,"key":"SMITH"},{"data":"Battle Trance","floor":15,"key":"SMITH"}],"neow_cost":"TEN_PERCENT_HP_LOSS","seed_source_timestamp":77927969247304,"circlet_count":0,"master_deck":["Strike_R","Strike_R","Strike_R","Defend_R","Defend_R","Defend_R","Bash","Shrug It Off","Armaments+1","Barricade+1","Battle Trance+1","Evolve"],"relics":["Burning Blood","PreservedInsect","Potion Belt","Orichalcum"],"potions_floor_usage":[14,16,16],"damage_taken":[{"damage":5,"enemies":"Cultist","floor":1,"turns":4},{"damage":8,"enemies":"Jaw Worm","floor":2,"turns":4},{"damage":2,"enemies":"Small Slimes","floor":3,"turns":5},{"damage":4,"enemies":"Looter","floor":5,"turns":4},{"damage":12,"enemies":"Exordium Wildlife","floor":7,"turns":7},{"damage":23,"enemies":"3 Sentries","floor":8,"turns":8},{"damage":1,"enemies":"Blue Slaver","floor":10,"turns":4},{"damage":7,"enemies":"Gremlin Gang","floor":14,"turns":7},{"damage":73,"enemies":"Hexaghost","floor":16,"turns":12}],"seed_played":"8471435267264055651","potions_obtained":[{"floor":2,"key":"FearPotion"},{"floor":5,"key":"SmokeBomb"},{"floor":7,"key":"BloodPotion"},{"floor":8,"key":"Explosive Potion"}],"is_trial":false,"path_per_floor":["M","M","M","$","M","R","M","E","T","M","R","$","$","M","R","B"],"character_chosen":"IRONCLAD","items_purchased":["PreservedInsect"],"campfire_rested":0,"item_purchase_floors":[4],"current_hp_per_floor":[72,70,72,72,72,72,66,49,49,54,54,54,54,53,53,0],"gold":56,"neow_bonus":"REMOVE_TWO","is_prod":false,"is_daily":false,"chose_seed":false,"campfire_upgraded":3,"win_rate":0,"timestamp":1562751393,"path_taken":["M","M","M","$","M","R","M","E","T","M","R","?","$","M","R","BOSS"],"build_version":"2019-07-05","purchased_purges":1,"victory":false,"max_hp_per_floor":[72,72,72,72,72,72,72,72,72,72,72,72,72,72,72,72],"card_choices":[{"not_picked":["Clothesline","Carnage","Iron Wave"],"picked":"SKIP","floor":1},{"not_picked":["Flex","Offering"],"picked":"Shrug It Off","floor":2},{"not_picked":["Twin Strike","Evolve"],"picked":"Armaments","floor":3},{"not_picked":["Sword Boomerang","Headbutt","Dual Wield"],"picked":"SKIP","floor":5},{"not_picked":["Searing Blow","Headbutt","Demon Form"],"picked":"SKIP","floor":7},{"not_picked":["Havoc","Body Slam"],"picked":"Barricade","floor":8},{"not_picked":["Perfected Strike","Entrench"],"picked":"Battle Trance","floor":10},{"not_picked":["Rupture","Pummel"],"picked":"Evolve","floor":14}],"player_experience":53653,"relics_obtained":[{"floor":8,"key":"Potion Belt"},{"floor":9,"key":"Orichalcum"}],"event_choices":[],"is_beta":false,"boss_relics":[],"items_purged_floors":[12],"is_endless":false,"potions_floor_spawned":[2,5,7,8],"killed_by":"Hexaghost","ascension_level":0}