{"path_per_floor":["M","?","?","M","$","?","M","M","T","M","E","?","M","M","R","B",null,"M","?","?","M","M","R"],"character_chosen":"THE_SILENT","items_purchased":["Omamori"],"gold_per_floor":[114,114,189,203,47,47,68,93,140,161,202,202,217,237,237,367,367,387,387,387,406,424,424],"floor_reached":24,"campfire_rested":2,"playtime":2095,"current_hp_per_floor":[70,70,59,59,59,59,59,50,50,50,46,46,39,36,57,24,70,54,54,54,22,3,24],"items_purged":[],"gold":424,"score":200,"play_id":"eb045d94-0bae-4986-85e4-983ededbb3b8","local_time":"20180310232356","is_prod":false,"is_daily":false,"is_ascension_mode":false,"campfire_upgraded":0,"timestamp":1520717036,"path_taken":["M","?","?","?","$","?","M","?","T","M","E","?","M","M","R","BOSS","M","?","?","M","M","R","M"],"build_version":"2018-03-09","purchased_purges":0,"victory":false,"master_deck":["Defend_G","Defend_G","Defend_G","Defend_G","Defend_G","Strike_G","Strike_G","Strike_G","Strike_G","Strike_G","Survivor","Neutralize","Noxious Fumes","Flash of Steel","Backflip","Escape Plan","Caltrops","Dagger Spray","Burst+1","Outmaneuver","Dagger Throw","Backstab","Wraith Form","Endless Agony+1","Crippling Poison","Catalyst","Flying Knee+1"],"max_hp_per_floor":[70,70,70,70,70,70,70,70,70,70,70,70,70,70,70,70,70,70,70,70,70,70,70],"relics":["Ring of the Snake","Omamori","Golden Idol","Orichalcum","Juzu Bracelet","The Specimen"],"card_choices":[{"not_picked":["Deadly Poison","Blade Dance"],"picked":"Noxious Fumes"},{"not_picked":["Outmaneuver","Slice"],"picked":"Escape Plan"},{"not_picked":["Quick Slash","Dagger Spray"],"picked":"Caltrops"},{"not_picked":["Backflip","Heel Hook"],"picked":"Dagger Spray"},{"not_picked":["Calculated Gamble","Footwork"],"picked":"Burst"},{"not_picked":["Cloak And Dagger","Bane"],"picked":"Outmaneuver"},{"not_picked":["Masterful Stab","Bane"],"picked":"Dagger Throw"},{"not_picked":["Poisoned Stab","Infinite Blades"],"picked":"Backstab"},{"not_picked":["Burst","Tools of the Trade"],"picked":"Wraith Form"},{"not_picked":["Quick Slash","Acrobatics"],"picked":"Endless Agony"},{"not_picked":["Heel Hook","Predator"],"picked":"Catalyst"},{"not_picked":["Masterful Stab","Infinite Blades"],"picked":"Flying Knee"}],"player_experience":64444,"potions_floor_usage":[11,11,16,24],"damage_taken":[{"damage":0,"enemies":"Small Slimes","floor":1,"turns":4},{"damage":0,"enemies":"Cultist","floor":4,"turns":4},{"damage":0,"enemies":"2 Louse","floor":7,"turns":3},{"damage":9,"enemies":"Blue Slaver","floor":8,"turns":4},{"damage":0,"enemies":"Looter","floor":10,"turns":4},{"damage":4,"enemies":"3 Sentries","floor":11,"turns":8},{"damage":7,"enemies":"Large Slime","floor":13,"turns":7},{"damage":3,"enemies":"Red Slaver","floor":14,"turns":4},{"damage":33,"enemies":"Slime Boss","floor":16,"turns":10},{"damage":16,"enemies":"3 Byrds","floor":18,"turns":4},{"damage":32,"enemies":"Chosen","floor":21,"turns":6},{"damage":19,"enemies":"Centurion and Healer","floor":22,"turns":8},{"damage":28,"enemies":"Cultist and Chosen","floor":24,"turns":8}],"event_choices":[{"event_name":"Match and Keep!","player_choice":"2 cards matched","floor":2,"damage_taken":0},{"event_name":"World of Goop","player_choice":"Gather Gold","floor":3,"damage_taken":0},{"event_name":"Golden Idol","player_choice":"Take Wound","floor":6,"damage_taken":0},{"event_name":"Living Wall","player_choice":"Grow","floor":12,"damage_taken":0},{"event_name":"Beggar","player_choice":"Ignored","floor":19,"damage_taken":0},{"event_name":"The Library","player_choice":"Read","floor":20,"damage_taken":0}],"boss_relics":[{"not_picked":["Philosopher\u0027s Stone","Cursed Key"],"picked":"The Specimen"}],"potions_floor_spawned":[4,7,14,22],"seed_played":"-5169556903531729250","killed_by":"Cultist and Chosen","ascension_level":0,"is_trial":false}