{"path_per_floor":["M","?","M","?","$","E","?","R","T","M","?","M","M","E","R","B",null,"M","$","M","?","M","R","$","M","T","?","M","E","R","$","R"],"character_chosen":"IRONCLAD","items_purchased":["Regal Pillow","Membership Card","Orichalcum"],"gold_per_floor":[111,111,123,298,73,103,178,178,178,195,195,210,230,260,260,365,365,377,96,114,39,57,57,57,70,122,122,132,162,162,37,37,37],"floor_reached":33,"campfire_rested":3,"playtime":830,"current_hp_per_floor":[78,80,80,80,80,80,69,69,69,68,68,73,63,61,61,67,77,76,76,62,62,57,80,80,61,61,46,38,12,52,52,85,0],"items_purged":["Doubt","Strike_R"],"gold":37,"score":455,"play_id":"619e52e3-1507-4331-92c1-8c985f07647e","local_time":"20180426210418","is_prod":false,"is_daily":false,"chose_seed":false,"is_ascension_mode":true,"campfire_upgraded":2,"timestamp":1524765858,"path_taken":["M","?","M","?","$","E","?","R","T","?","?","M","M","E","R","BOSS","M","?","M","?","M","R","$","?","T","?","M","E","R","$","R","BOSS"],"build_version":"2018-04-19","seed_source_timestamp":31499898706811,"purchased_purges":2,"victory":false,"master_deck":["Strike_R+1","Strike_R+1","Strike_R","Defend_R","Defend_R","Defend_R","Defend_R","Bash+1","Twin Strike+1","Cleave+1","Cleave+1","Thunderclap+1","Bludgeon+1","Cleave+1","Flex","Shockwave","Flame Barrier+1","Shrug It Off"],"max_hp_per_floor":[80,80,80,80,80,80,80,80,80,80,80,80,80,80,80,80,80,80,80,80,80,80,80,80,80,80,85,85,85,85,85,85,85],"relics":["Burning Blood","NeowsBlessing","Regal Pillow","Bottled Lightning","Molten Egg 2","Mercury Hourglass","Mark of Pain","Membership Card","Whetstone","Letter Opener","Orichalcum"],"card_choices":[{"not_picked":["Reckless Charge","Warcry"],"picked":"Twin Strike","floor":3},{"not_picked":["Heavy Blade","Feel No Pain"],"picked":"Cleave","floor":6},{"not_picked":["Body Slam","Rampage"],"picked":"Cleave","floor":13},{"not_picked":["Headbutt","Second Wind"],"picked":"Thunderclap","floor":14},{"not_picked":["Berserk","Dark Embrace"],"picked":"Bludgeon","floor":16},{"not_picked":["Warcry","Havoc"],"picked":"Cleave","floor":18},{"not_picked":["Corruption","Heavy Blade"],"picked":"Flex","floor":20},{"not_picked":["Feel No Pain","Pommel Strike"],"picked":"Shockwave","floor":22},{"not_picked":["Pummel","Inflame"],"picked":"Flame Barrier","floor":25},{"not_picked":["Corruption","Headbutt"],"picked":"Shrug It Off","floor":28}],"player_experience":220338,"potions_floor_usage":[10,16,20,25,29,33],"damage_taken":[{"damage":0,"enemies":"2 Louse","floor":1,"turns":1},{"damage":0,"enemies":"Cultist","floor":3,"turns":1},{"damage":0,"enemies":"Lagavulin","floor":6,"turns":1},{"damage":7,"enemies":"Small Slimes","floor":10,"turns":2},{"damage":1,"enemies":"3 Louse","floor":12,"turns":2},{"damage":16,"enemies":"2 Fungi Beasts","floor":13,"turns":3},{"damage":8,"enemies":"3 Sentries","floor":14,"turns":5},{"damage":0,"enemies":"Slime Boss","floor":16,"turns":6},{"damage":7,"enemies":"Chosen","floor":18,"turns":3},{"damage":20,"enemies":"Shell Parasite","floor":20,"turns":3},{"damage":11,"enemies":"Sentry and Sphere","floor":22,"turns":3},{"damage":25,"enemies":"Chosen and Byrds","floor":25,"turns":4},{"damage":14,"enemies":"Snake Plant","floor":28,"turns":3},{"damage":32,"enemies":"Book of Stabbing","floor":29,"turns":4},{"damage":85,"enemies":"Automaton","floor":33,"turns":8}],"event_choices":[{"event_name":"Wheel of Change","player_choice":"Full Heal","floor":2,"damage_taken":0},{"event_name":"Liars Game","player_choice":"agreed","floor":4,"damage_taken":0},{"event_name":"World of Goop","player_choice":"Gather Gold","floor":7,"damage_taken":0},{"event_name":"Upgrade Shrine","player_choice":"Upgraded","floor":11,"damage_taken":0},{"event_name":"Beggar","player_choice":"Gave Gold","floor":21,"damage_taken":0},{"event_name":"Forgotten Altar","player_choice":"Shed Blood","floor":27,"damage_taken":0}],"boss_relics":[{"not_picked":["Pandora\u0027s Box","Runic Dome"],"picked":"Mark of Pain"}],"potions_floor_spawned":[3,13,14,18,25,29],"seed_played":"-8254769123104956358","killed_by":"Automaton","ascension_level":6,"is_trial":false}