{"gold_per_floor":[112,187,187,201,215,215,235,235,235,235,279,326,351,367,367,490,490,515,785,785,661,661,705,705,728,751,770,770,790,824,1099,1099,1099],"floor_reached":33,"playtime":1323,"items_purged":["Strike_B"],"score":367,"play_id":"f644f79b-4caf-41f7-8d35-21881bd479fc","local_time":"20181017201407","is_ascension_mode":true,"campfire_choices":[{"data":"White Noise","floor":6,"key":"SMITH"},{"data":"Zap","floor":8,"key":"SMITH"},{"floor":10,"key":"REST"},{"floor":15,"key":"REST"},{"floor":24,"key":"REST"},{"floor":28,"key":"REST"},{"floor":32,"key":"REST"}],"neow_cost":"","seed_source_timestamp":564479075114600,"circlet_count":0,"master_deck":["Defend_B","Defend_B","Defend_B","Defend_B","Zap+1","Dualcast","Conserve Battery","White Noise+1","Ball Lightning","Melter","Self Repair","Rainbow+1","Auto Shields+1","Deep Breath+1","Enlightenment+1","Double Energy+1","Conserve Battery+1","Darkness+1","Conserve Battery+1","Chill+1","Regret"],"relics":["Cracked Core","Golden Idol","Toxic Egg 2","Oddly Smooth Stone","Happy Flower","Empty Cage","Kunai","Question Card","Orichalcum","Pantograph"],"potions_floor_usage":[11,16,16,23,23,23,30,33],"damage_taken":[{"damage":1,"enemies":"2 Louse","floor":1,"turns":2},{"damage":3,"enemies":"Jaw Worm","floor":4,"turns":4},{"damage":1,"enemies":"Cultist","floor":5,"turns":3},{"damage":1,"enemies":"Exordium Thugs","floor":7,"turns":2},{"damage":18,"enemies":"3 Sentries","floor":11,"turns":5},{"damage":8,"enemies":"Blue Slaver","floor":13,"turns":3},{"damage":12,"enemies":"Large Slime","floor":14,"turns":5},{"damage":13,"enemies":"The Guardian","floor":16,"turns":10},{"damage":2,"enemies":"Chosen","floor":18,"turns":4},{"damage":30,"enemies":"Gremlin Leader","floor":23,"turns":9},{"damage":0,"enemies":"Spheric Guardian","floor":25,"turns":2},{"damage":28,"enemies":"Snake Plant","floor":27,"turns":5},{"damage":4,"enemies":"Snecko","floor":29,"turns":5},{"damage":39,"enemies":"Slavers","floor":30,"turns":7},{"damage":63,"enemies":"Automaton","floor":33,"turns":10}],"seed_played":"-3502647162962819558","potions_obtained":[{"floor":5,"key":"FocusPotion"},{"floor":11,"key":"SpeedPotion"},{"floor":13,"key":"SkillPotion"},{"floor":14,"key":"Block Potion"},{"floor":16,"key":"FocusPotion"},{"floor":29,"key":"Energy Potion"},{"floor":30,"key":"SkillPotion"}],"is_trial":false,"path_per_floor":["M","?","?","M","M","R","M","R","T","R","E","T","M","M","R","B",null,"M","?","?","$","T","E","R","M","T","M","R","M","E","?","R"],"character_chosen":"DEFECT","items_purchased":["Weak Potion"],"campfire_rested":5,"item_purchase_floors":[21],"current_hp_per_floor":[74,63,45,42,41,41,40,40,40,62,44,44,36,24,46,40,75,73,31,31,31,31,8,30,37,37,16,38,41,9,9,31,0],"gold":1099,"neow_bonus":"","is_prod":false,"is_daily":false,"chose_seed":false,"campfire_upgraded":2,"win_rate":0,"timestamp":1539796447,"path_taken":["M","?","?","?","M","R","M","R","T","R","E","?","M","M","R","BOSS","M","?","?","?","?","E","R","M","T","?","R","M","E","?","R","BOSS"],"build_version":"2018-10-11","purchased_purges":1,"victory":false,"max_hp_per_floor":[75,75,75,75,75,75,75,75,75,75,75,75,75,75,75,75,75,75,75,75,75,75,75,75,75,75,75,75,75,75,75,75,75],"card_choices":[{"not_picked":["Go for the Eyes","Compile Driver"],"picked":"Conserve Battery","floor":1},{"not_picked":["Steam Power","Heatsinks","Streamline"],"picked":"SKIP","floor":4},{"not_picked":["Leap","Melter"],"picked":"White Noise","floor":5},{"not_picked":["Gash","Compile Driver"],"picked":"Ball Lightning","floor":7},{"not_picked":["Beam Cell","Undo+1","Streamline"],"picked":"SKIP","floor":11},{"not_picked":["All For One","Hologram+1"],"picked":"Melter","floor":13},{"not_picked":["Compile Driver","Defragment"],"picked":"Self Repair","floor":14},{"not_picked":["Meteor Strike","Seek+1"],"picked":"Rainbow+1","floor":16},{"not_picked":["Turbo+1","Genetic Algorithm+1"],"picked":"Auto Shields+1","floor":18},{"not_picked":["Fusion+1","Barrage"],"picked":"Double Energy+1","floor":23},{"not_picked":["Cold Snap","Gash","Heatsinks"],"picked":"Conserve Battery+1","floor":25},{"not_picked":["Streamline","Genetic Algorithm+1","Reinforced Body+1"],"picked":"Darkness+1","floor":27},{"not_picked":["Beam Cell","Capacitor","Thunder Strike"],"picked":"Conserve Battery+1","floor":29},{"not_picked":["Sunder","Storm","Hello World"],"picked":"Chill+1","floor":30}],"player_experience":439569,"relics_obtained":[{"floor":9,"key":"Toxic Egg 2"},{"floor":11,"key":"Oddly Smooth Stone"},{"floor":12,"key":"Happy Flower"},{"floor":22,"key":"Kunai"},{"floor":23,"key":"Question Card"},{"floor":26,"key":"Orichalcum"},{"floor":30,"key":"Pantograph"}],"event_choices":[{"event_name":"World of Goop","player_choice":"Gather Gold","floor":2,"damage_taken":0},{"event_name":"Golden Idol","player_choice":"Take Damage","floor":3,"damage_taken":0},{"event_name":"Knowing Skull","player_choice":"CARD CARD GOLD GOLD GOLD ","floor":19,"damage_taken":0},{"event_name":"Back to Basics","player_choice":"Elegance","floor":20,"damage_taken":0},{"event_name":"Golden Shrine","player_choice":"Desecrate","floor":31,"damage_taken":0}],"is_beta":false,"boss_relics":[{"not_picked":["White Beast Statue","Tiny House"],"picked":"Empty Cage"}],"items_purged_floors":[21],"is_endless":false,"potions_floor_spawned":[5,11,13,14,16,29,30],"killed_by":"Automaton","ascension_level":4}