{"gold_per_floor":[122,84,66,89,101,113,140,152,219,261,301,313,325,350,362,479,491,519,124,140,160,76,76,76,94,94,94,113,141,154,154,154,154],"floor_reached":33,"playtime":1265,"items_purged":["Strike_G"],"score":290,"play_id":"456352d4-5d08-42e4-82f4-2624259449bf","local_time":"20190712205342","is_ascension_mode":false,"campfire_choices":[{"data":"Poisoned Stab","floor":6,"key":"SMITH"},{"data":"Neutralize","floor":8,"key":"SMITH"},{"floor":13,"key":"REST"},{"data":"Noxious Fumes","floor":15,"key":"SMITH"},{"data":"Noxious Fumes","floor":24,"key":"SMITH"},{"floor":27,"key":"RECALL"},{"data":"Dodge and Roll","floor":32,"key":"SMITH"}],"neow_cost":"NONE","seed_source_timestamp":110650302837236,"circlet_count":0,"master_deck":["Strike_G","Defend_G+1","Defend_G","Defend_G","Defend_G+1","Survivor","Neutralize+1","Prepared","Poisoned Stab+1","Acrobatics","Bouncing Flask","Noxious Fumes+1","Die Die Die","Noxious Fumes+1","Corpse Explosion","Adrenaline","Dramatic Entrance","Madness","PiercingWail","Well Laid Plans","PiercingWail+1","Caltrops","Dodge and Roll+1"],"relics":["Ring of the Snake","MawBank","Gremlin Horn","Odd Mushroom","Coffee Dripper","Membership Card","Sundial","Pen Nib"],"potions_floor_usage":[10,11,25,29,33,33],"damage_taken":[{"damage":0,"enemies":"Small Slimes","floor":1,"turns":3},{"damage":1,"enemies":"Jaw Worm","floor":4,"turns":6},{"damage":0,"enemies":"Cultist","floor":7,"turns":3},{"damage":22,"enemies":"Lagavulin","floor":10,"turns":8},{"damage":12,"enemies":"The Mushroom Lair","floor":11,"turns":3},{"damage":0,"enemies":"Exordium Wildlife","floor":14,"turns":3},{"damage":10,"enemies":"Hexaghost","floor":16,"turns":8},{"damage":0,"enemies":"Shell Parasite","floor":18,"turns":6},{"damage":0,"enemies":"Chosen","floor":20,"turns":4},{"damage":19,"enemies":"Shelled Parasite and Fungi","floor":21,"turns":4},{"damage":16,"enemies":"Centurion and Healer","floor":25,"turns":3},{"damage":3,"enemies":"3 Cultists","floor":28,"turns":3},{"damage":4,"enemies":"Slavers","floor":29,"turns":3},{"damage":13,"enemies":"Snake Plant","floor":30,"turns":4},{"damage":16,"enemies":"Automaton","floor":33,"turns":8}],"seed_played":"286608993832670562","potions_obtained":[{"floor":1,"key":"Weak Potion"},{"floor":3,"key":"AttackPotion"},{"floor":3,"key":"Energy Potion"},{"floor":7,"key":"SkillPotion"},{"floor":14,"key":"Ancient Potion"},{"floor":25,"key":"GhostInAJar"},{"floor":29,"key":"AttackPotion"},{"floor":30,"key":"LiquidBronze"}],"is_trial":false,"path_per_floor":["M","?","?","M","?","R","M","R","T","E","?","?","R","M","R","B",null,"M","$","M","M","$","?","R","M","T","R","M","E","M","?","R","B"],"character_chosen":"THE_SILENT","items_purchased":["Membership Card","Noxious Fumes","Corpse Explosion","Adrenaline","Dramatic Entrance","Madness"],"campfire_rested":1,"item_purchase_floors":[19,19,19,19,19,22],"current_hp_per_floor":[70,70,70,69,69,69,69,69,69,47,35,21,42,42,42,32,70,70,70,70,51,51,51,51,35,35,35,32,28,15,15,15,0],"gold":154,"neow_bonus":"RANDOM_COMMON_RELIC","is_prod":false,"is_daily":false,"chose_seed":false,"campfire_upgraded":5,"win_rate":0,"timestamp":1562957622,"path_taken":["M","?","?","?","?","R","M","R","T","E","?","?","R","M","R","BOSS","M","$","M","M","$","?","R","M","T","R","M","E","M","?","R","BOSS"],"build_version":"2019-07-05","purchased_purges":1,"victory":false,"max_hp_per_floor":[70,70,70,70,70,70,70,70,70,70,70,70,70,70,70,70,70,70,70,70,70,70,70,70,70,70,70,70,70,70,70,70,70],"card_choices":[{"not_picked":["Distraction","Flechettes"],"picked":"Prepared","floor":1},{"not_picked":["Riddle With Holes","Quick Slash"],"picked":"Poisoned Stab","floor":4},{"not_picked":["Dodge and Roll","Deadly Poison"],"picked":"Acrobatics","floor":7},{"not_picked":["Concentrate","Deflect"],"picked":"Bouncing Flask","floor":10},{"not_picked":["Prepared","PiercingWail"],"picked":"Noxious Fumes","floor":11},{"not_picked":["Sucker Punch","Concentrate","Prepared"],"picked":"SKIP","floor":14},{"not_picked":["Wraith Form v2","Glass Knife"],"picked":"Die Die Die","floor":16},{"not_picked":["Bane","Accuracy","Dagger Throw"],"picked":"SKIP","floor":18},{"not_picked":["Heel Hook","Poisoned Stab","Dagger Spray"],"picked":"SKIP","floor":20},{"not_picked":["All Out Attack","Blade Dance","Prepared"],"picked":"SKIP","floor":21},{"not_picked":["Night Terror","Quick Slash","Poisoned Stab"],"picked":"SKIP","floor":25},{"not_picked":["Deflect","Dash"],"picked":"PiercingWail","floor":28},{"not_picked":["Terror","Dash+1"],"picked":"Well Laid Plans","floor":29},{"not_picked":["Quick Slash","Deadly Poison"],"picked":"PiercingWail+1","floor":30}],"player_experience":102944,"relics_obtained":[{"floor":10,"key":"Gremlin Horn"},{"floor":11,"key":"Odd Mushroom"},{"floor":26,"key":"Sundial"},{"floor":29,"key":"Pen Nib"}],"event_choices":[{"cards_removed":["Strike_G"],"damage_healed":0,"gold_gain":0,"player_choice":"Card Removal","damage_taken":0,"max_hp_gain":0,"max_hp_loss":0,"event_name":"The Cleric","floor":2,"gold_loss":50},{"damage_healed":0,"gold_gain":0,"player_choice":"Bought 2 Potions","damage_taken":0,"max_hp_gain":0,"max_hp_loss":0,"event_name":"The Woman in Blue","floor":3,"gold_loss":0},{"cards_removed":["Strike_G"],"damage_healed":0,"gold_gain":0,"player_choice":"Forget","damage_taken":0,"max_hp_gain":0,"max_hp_loss":0,"event_name":"Living Wall","floor":5,"gold_loss":0},{"damage_healed":0,"gold_gain":0,"player_choice":"Fought Mushrooms","damage_taken":0,"max_hp_gain":0,"max_hp_loss":0,"event_name":"Mushrooms","floor":11,"gold_loss":0},{"damage_healed":0,"gold_gain":0,"player_choice":"Entered Light","damage_taken":14,"max_hp_gain":0,"max_hp_loss":0,"event_name":"Shining Light","floor":12,"gold_loss":0,"cards_upgraded":["Defend_G","Defend_G"]},{"damage_healed":0,"gold_gain":0,"player_choice":"Ignored","damage_taken":0,"max_hp_gain":0,"max_hp_loss":0,"event_name":"Ghosts","floor":23,"gold_loss":0},{"damage_healed":0,"gold_gain":0,"cards_transformed":["Defend_G","Strike_G"],"player_choice":"Became Test Subject","damage_taken":0,"max_hp_gain":0,"max_hp_loss":0,"event_name":"Drug Dealer","floor":31,"gold_loss":0,"cards_obtained":["Caltrops","Dodge and Roll"]}],"is_beta":false,"boss_relics":[{"not_picked":["Cursed Key","Black Star"],"picked":"Coffee Dripper"}],"items_purged_floors":[22],"is_endless":false,"potions_floor_spawned":[1,7,14,25,29,30],"killed_by":"Automaton","ascension_level":0}