{"gold_per_floor":[110,285,285,298,66,96,115,115,115,129,143,143],"floor_reached":12,"playtime":338,"items_purged":["Doubt"],"score":96,"play_id":"9a76c600-fe31-4fb8-a882-1df57e480b14","local_time":"20180930215638","is_ascension_mode":true,"campfire_choices":[{"floor":8,"key":"REST"}],"neow_cost":"TEN_PERCENT_HP_LOSS","seed_source_timestamp":50198721059018,"circlet_count":0,"master_deck":["Strike_B","Strike_B","Strike_B","Strike_B","Defend_B","Defend_B","Defend_B","Defend_B","Zap","Dualcast","Biased Cognition","Gash","Cold Snap","Go for the Eyes","Scrape","Steam","Chaos"],"relics":["Cracked Core","Potion Belt","Membership Card","Lantern","Darkstone Periapt"],"potions_floor_usage":[10],"damage_taken":[{"damage":12,"enemies":"Jaw Worm","floor":1,"turns":2},{"damage":0,"enemies":"2 Louse","floor":4,"turns":2},{"damage":20,"enemies":"Gremlin Nob","floor":6,"turns":4},{"damage":0,"enemies":"Small Slimes","floor":7,"turns":2},{"damage":8,"enemies":"Exordium Wildlife","floor":10,"turns":4},{"damage":24,"enemies":"Gremlin Gang","floor":11,"turns":5},{"damage":25,"enemies":"3 Sentries","floor":12,"turns":5}],"seed_played":"-2089175489038438348","potions_obtained":[{"floor":4,"key":"Energy Potion"},{"floor":7,"key":"EssenceOfSteel"}],"is_trial":false,"path_per_floor":["M","?","?","M","$","E","M","R","T","M","M"],"character_chosen":"DEFECT","items_purchased":["Membership Card"],"campfire_rested":1,"item_purchase_floors":[5],"current_hp_per_floor":[56,56,53,53,53,33,33,53,53,45,21,0],"gold":143,"neow_bonus":"THREE_RARE_CARDS","is_prod":false,"is_daily":false,"chose_seed":false,"campfire_upgraded":0,"win_rate":0,"timestamp":1538333798,"path_taken":["M","?","?","M","$","E","M","R","T","M","M","E"],"build_version":"2018-09-27","purchased_purges":1,"victory":false,"max_hp_per_floor":[68,68,68,68,68,68,68,68,68,68,68,68],"card_choices":[{"not_picked":["Reboot","Seek"],"picked":"Biased Cognition","floor":0},{"not_picked":["Force Field","Go for the Eyes"],"picked":"Gash","floor":1},{"not_picked":["Coolheaded","Ball Lightning"],"picked":"Cold Snap","floor":4},{"not_picked":["Chaos","Hyperbeam"],"picked":"Go for the Eyes","floor":6},{"not_picked":["Turbo","Beam Cell"],"picked":"Scrape","floor":7},{"not_picked":["Skim","Darkness"],"picked":"Steam","floor":10},{"not_picked":["Compile Driver","Ball Lightning"],"picked":"Chaos","floor":11}],"player_experience":407177,"relics_obtained":[{"floor":6,"key":"Lantern"},{"floor":9,"key":"Darkstone Periapt"}],"event_choices":[{"event_name":"Liars Game","player_choice":"agreed","floor":2,"damage_taken":0},{"event_name":"Scrap Ooze","player_choice":"success","floor":3,"damage_taken":3}],"is_beta":false,"boss_relics":[],"items_purged_floors":[5],"is_endless":false,"potions_floor_spawned":[4,7],"killed_by":"3 Sentries","ascension_level":4}