{"path_per_floor":["M","?","M","M","?","R","$","R","T","R","M","?","E","?","R","B",null,"M","?","?","T","?"],"character_chosen":"DEFECT","items_purchased":[],"gold_per_floor":[113,113,130,143,143,143,68,68,68,68,79,79,107,107,107,207,207,218,218,143,214,214,214],"floor_reached":23,"campfire_rested":1,"playtime":701,"item_purchase_floors":[],"current_hp_per_floor":[74,79,77,69,53,53,53,53,53,53,48,41,26,26,50,20,80,34,34,34,34,34,0],"items_purged":["Defend_B"],"gold":214,"score":194,"play_id":"0b0560c8-33fc-42c2-aad1-34277b741f54","local_time":"20180601102845","is_prod":false,"is_daily":false,"chose_seed":false,"is_ascension_mode":true,"campfire_upgraded":3,"win_rate":0.0,"timestamp":1527838125,"campfire_choices":[{"data":"Self Repair","floor":6,"key":"SMITH"},{"data":"Dualcast","floor":8,"key":"SMITH"},{"data":"Zap","floor":10,"key":"SMITH"},{"floor":15,"key":"REST"}],"path_taken":["M","?","M","M","?","R","$","R","T","R","?","?","E","?","R","BOSS","M","?","?","?","?","E"],"build_version":"2018-05-31","seed_source_timestamp":327049543281014,"purchased_purges":1,"victory":false,"master_deck":["Strike_B","Strike_B","Strike_B+1","Defend_B","Defend_B","Zap+1","Dualcast+1","Steam","Loop+1","Self Repair+1","All For One","Redo","Chill+1","Fission","Parasite","Writhe","Pain","BootSequence","Ball Lightning+1","Self Repair"],"max_hp_per_floor":[75,80,80,80,80,80,80,80,80,80,80,80,80,80,80,80,80,80,80,80,80,80,80],"relics":["Cracked Core","Prayer Wheel","Molten Egg 2","Calling Bell","Lantern","Smiling Mask","Bird Faced Urn","Question Card"],"card_choices":[{"not_picked":["Gash","Leap"],"picked":"Steam","floor":1},{"not_picked":["Leap","Stack"],"picked":"Loop","floor":3},{"not_picked":["Ball Lightning","Gash"],"picked":"Self Repair","floor":4},{"not_picked":["Sweeping Beam","Leap"],"picked":"All For One","floor":11},{"not_picked":["Sweeping Beam","Rip and Tear"],"picked":"Redo","floor":11},{"not_picked":["Gash","Capacitor"],"picked":"Chill","floor":13},{"not_picked":["All For One+1","Seek"],"picked":"Fission","floor":16},{"not_picked":["Sweeping Beam+1","Double Energy"],"picked":"BootSequence","floor":18},{"not_picked":["Hologram","BootSequence"],"picked":"Ball Lightning+1","floor":18}],"player_experience":250719,"potions_floor_usage":[13,18,23],"damage_taken":[{"damage":1,"enemies":"Cultist","floor":1,"turns":3},{"damage":2,"enemies":"Jaw Worm","floor":3,"turns":3},{"damage":8,"enemies":"Small Slimes","floor":4,"turns":3},{"damage":5,"enemies":"Looter","floor":11,"turns":2},{"damage":25,"enemies":"Lagavulin","floor":13,"turns":5},{"damage":40,"enemies":"Slime Boss","floor":16,"turns":9},{"damage":46,"enemies":"Chosen","floor":18,"turns":7},{"damage":47,"enemies":"Gremlin Leader","floor":23,"turns":3}],"relics_obtained":[{"floor":9,"key":"Prayer Wheel"},{"floor":13,"key":"Molten Egg 2"},{"floor":17,"key":"Lantern"},{"floor":17,"key":"Smiling Mask"},{"floor":17,"key":"Bird Faced Urn"},{"floor":21,"key":"Question Card"}],"event_choices":[{"event_name":"Big Fish","player_choice":"Donut","floor":2,"damage_taken":0},{"event_name":"Shining Light","player_choice":"Entered Light","floor":5,"damage_taken":0},{"event_name":"Golden Wing","player_choice":"Card Removal","floor":12,"damage_taken":0},{"event_name":"Living Wall","player_choice":"Grow","floor":14,"damage_taken":0},{"event_name":"Vampires","player_choice":"Ignored","floor":19,"damage_taken":0},{"event_name":"Beggar","player_choice":"Gave Gold","floor":20,"damage_taken":0},{"event_name":"The Library","player_choice":"Read","floor":22,"damage_taken":0}],"boss_relics":[{"not_picked":["Tiny House","Sozu"],"picked":"Calling Bell"}],"items_purged_floors":[7],"potions_floor_spawned":[4,16,18],"seed_played":"-7559258933245934680","killed_by":"Gremlin Leader","ascension_level":1,"potions_obtained":[{"floor":4,"key":"Strength Potion"},{"floor":16,"key":"Ancient Potion"},{"floor":18,"key":"GamblersBrew"}],"is_trial":false}