{"gold_per_floor":[113,124,124,124,49,49,75,75,101,101,111,111,183,218,218,323,323,333,333,344,289,28,28,28,60,85,104,104],"floor_reached":28,"playtime":1149,"items_purged":["Strike_B"],"score":315,"play_id":"934662e5-b3e4-48f6-8e70-6ad3c0d4deed","local_time":"20180913122052","is_ascension_mode":true,"campfire_choices":[{"data":"Dualcast","floor":6,"key":"SMITH"},{"floor":8,"key":"REST"},{"data":"Conserve Battery","floor":10,"key":"SMITH"},{"data":"Zap","floor":12,"key":"SMITH"},{"floor":15,"key":"REST"},{"data":"Hyperbeam","floor":23,"key":"SMITH"}],"neow_cost":"NONE","seed_source_timestamp":175196174986479,"circlet_count":0,"master_deck":["Defend_B","Defend_B","Defend_B","Defend_B","Zap+1","Dualcast+1","Beam Cell","Self Repair","Conserve Battery+1","Conserve Battery","Hyperbeam+1","Fission+1","Leap+1","Bite","Bite","Bite","Bite","Bite","Force Field+1","Loop+1","Loop+1","White Noise+1"],"relics":["Cracked Core","Vajra","StoneCalendar","Kunai","Regal Pillow","Toxic Egg 2","Pocketwatch","Snecko Eye","Tiny Chest","Frozen Egg 2","Boot","Art of War"],"potions_floor_usage":[20],"damage_taken":[{"damage":6,"enemies":"Jaw Worm","floor":1,"turns":4},{"damage":5,"enemies":"2 Louse","floor":2,"turns":3},{"damage":25,"enemies":"3 Sentries","floor":7,"turns":7},{"damage":7,"enemies":"Small Slimes","floor":11,"turns":2},{"damage":42,"enemies":"Gremlin Nob","floor":14,"turns":6},{"damage":2,"enemies":"Slime Boss","floor":16,"turns":7},{"damage":14,"enemies":"3 Byrds","floor":18,"turns":3},{"damage":0,"enemies":"2 Thieves","floor":20,"turns":2},{"damage":36,"enemies":"Slavers","floor":25,"turns":6},{"damage":22,"enemies":"Cultist and Chosen","floor":27,"turns":7},{"damage":40,"enemies":"Snake Plant","floor":28,"turns":3}],"seed_played":"-5322594626660272396","potions_obtained":[{"floor":7,"key":"Strength Potion"},{"floor":11,"key":"Energy Potion"}],"is_trial":false,"path_per_floor":["M","M","?","?","$","R","E","R","T","R","M","R","T","E","R","B",null,"M","?","M","?","$","R","?","E","T","M"],"character_chosen":"DEFECT","items_purchased":["Frozen Egg 2"],"campfire_rested":2,"item_purchase_floors":[22],"current_hp_per_floor":[69,64,64,57,57,57,39,61,61,61,61,61,61,26,63,68,75,61,52,52,52,52,52,52,33,33,32,0],"gold":104,"neow_bonus":"RANDOM_COMMON_RELIC","is_prod":false,"is_daily":false,"chose_seed":false,"campfire_upgraded":4,"win_rate":0,"timestamp":1536830452,"path_taken":["M","M","?","?","$","R","E","R","T","R","?","R","?","E","R","BOSS","M","?","M","?","$","R","?","E","T","M","?"],"build_version":"2018-09-06","purchased_purges":1,"victory":false,"max_hp_per_floor":[75,75,75,75,75,75,75,75,75,75,75,75,75,75,75,75,75,75,52,52,52,52,52,52,52,52,52,52],"card_choices":[{"not_picked":["Compile Driver","Gash"],"picked":"Beam Cell","floor":1},{"not_picked":["Reinforced Body","Conserve Battery"],"picked":"Self Repair","floor":2},{"not_picked":["Coolheaded","Force Field"],"picked":"Conserve Battery","floor":7},{"not_picked":["Reinforced Body","Consume"],"picked":"Conserve Battery","floor":11},{"not_picked":["Cold Snap","Defragment"],"picked":"Hyperbeam","floor":14},{"not_picked":["Electrodynamics","Creative AI"],"picked":"Fission+1","floor":16},{"not_picked":["Doom and Gloom","Reinforced Body+1"],"picked":"Leap+1","floor":18},{"not_picked":["Coolheaded+1","Ball Lightning+1"],"picked":"Force Field+1","floor":20},{"not_picked":["Barrage","Go for the Eyes"],"picked":"Loop+1","floor":25},{"not_picked":["Redo+1","Go for the Eyes+1"],"picked":"White Noise+1","floor":27}],"player_experience":362094,"relics_obtained":[{"floor":7,"key":"Kunai"},{"floor":9,"key":"Regal Pillow"},{"floor":13,"key":"Toxic Egg 2"},{"floor":14,"key":"Pocketwatch"},{"floor":25,"key":"Boot"},{"floor":26,"key":"Art of War"}],"event_choices":[{"event_name":"Big Fish","player_choice":"Box","floor":3,"damage_taken":0},{"event_name":"Golden Wing","player_choice":"Card Removal","floor":4,"damage_taken":0},{"event_name":"Vampires","player_choice":"Became a vampire","floor":19,"damage_taken":0},{"event_name":"Addict","player_choice":"Obtained Relic","floor":21,"damage_taken":0},{"event_name":"The Library","player_choice":"Read","floor":24,"damage_taken":0}],"is_beta":false,"boss_relics":[{"not_picked":["Orrery","Runic Pyramid"],"picked":"Snecko Eye"}],"items_purged_floors":[5],"is_endless":false,"potions_floor_spawned":[7,11],"killed_by":"Snake Plant","ascension_level":4}