{"gold_per_floor":[211,211,221,296,312,312,272,285,285,301,301,317,317,115,115,115],"floor_reached":16,"playtime":824,"items_purged":["Strike_G"],"score":179,"play_id":"23984340-6092-42ee-b0b8-58cd90bb1145","local_time":"20190710232222","is_ascension_mode":true,"campfire_choices":[{"floor":6.0,"key":"REST"},{"floor":13,"key":"REST"},{"data":"Footwork","floor":15,"key":"SMITH"}],"neow_cost":"NONE","seed_source_timestamp":525697277836752,"circlet_count":0,"master_deck":["AscendersBane","Strike_G","Strike_G","Strike_G","Strike_G","Defend_G","Defend_G","Defend_G","Defend_G","Defend_G","Survivor","Neutralize","Skewer","Deadly Poison","Dagger Spray","Night Terror","Sucker Punch","Footwork+1","Dash"],"special_seed":0,"relics":["Ring of the Snake","Singing Bowl"],"potions_floor_usage":[16],"damage_taken":[{"damage":2.0,"enemies":"Small Slimes","floor":1.0,"turns":6.0},{"damage":2.0,"enemies":"Jaw Worm","floor":3.0,"turns":4.0},{"damage":1.0,"enemies":"2 Louse","floor":5.0,"turns":3.0},{"damage":8.0,"enemies":"Looter","floor":7.0,"turns":4.0},{"damage":22,"enemies":"Exordium Thugs","floor":8,"turns":5},{"damage":1,"enemies":"2 Fungi Beasts","floor":10,"turns":3},{"damage":4,"enemies":"Blue Slaver","floor":12,"turns":5},{"damage":33,"enemies":"Slime Boss","floor":16,"turns":11}],"seed_played":"904845713562848298","potions_obtained":[{"floor":1.0,"key":"Regen Potion"},{"floor":5.0,"key":"Swift Potion"}],"is_trial":false,"path_per_floor":["M","?","M","?","M","R","M","M","T","M","?","M","R","$","R","B"],"character_chosen":"THE_SILENT","items_purchased":["Footwork","Dash"],"campfire_rested":2,"item_purchase_floors":[14,14],"current_hp_per_floor":[57,22,20,9,8,27,33,11,11,12,12,10,31,31,31,0],"gold":115,"neow_bonus":"HUNDRED_GOLD","is_prod":false,"is_daily":false,"chose_seed":false,"campfire_upgraded":1,"win_rate":0,"timestamp":1562815342,"path_taken":["M","?","M","?","?","R","M","?","T","M","?","M","R","$","R","BOSS"],"build_version":"2019-07-05","purchased_purges":1,"victory":false,"max_hp_per_floor":[66,66,66,66,66,66,66,66,66,68,68,70,70,70,70,70],"card_choices":[{"not_picked":["Outmaneuver","Sucker Punch"],"picked":"Skewer","floor":1.0},{"not_picked":["Blade Dance","Cloak And Dagger"],"picked":"Deadly Poison","floor":3.0},{"not_picked":["Sucker Punch","Distraction"],"picked":"Dagger Spray","floor":5.0},{"not_picked":["Catalyst","Poisoned Stab"],"picked":"Night Terror","floor":7},{"not_picked":["Underhanded Strike","Bouncing Flask"],"picked":"Sucker Punch","floor":8},{"not_picked":["Sucker Punch","Flying Knee","Tactician"],"picked":"Singing Bowl","floor":10},{"not_picked":["Poisoned Stab","Calculated Gamble","Concentrate"],"picked":"Singing Bowl","floor":12}],"player_experience":2447848,"relics_obtained":[],"event_choices":[{"damage_healed":0.0,"max_hp_gain":0.0,"max_hp_loss":0.0,"gold_gain":0.0,"event_name":"Scrap Ooze","player_choice":"Success","floor":2.0,"gold_loss":0.0,"damage_taken":35.0,"relics_obtained":["Singing Bowl"]},{"damage_healed":0.0,"max_hp_gain":0.0,"max_hp_loss":0.0,"gold_gain":75.0,"event_name":"World of Goop","player_choice":"Gather Gold","floor":4.0,"gold_loss":0.0,"damage_taken":11.0},{"damage_healed":0,"gold_gain":0,"player_choice":"Ignored","damage_taken":0,"max_hp_gain":0,"max_hp_loss":0,"event_name":"Golden Wing","floor":11,"gold_loss":0}],"is_beta":false,"boss_relics":[],"items_purged_floors":[14],"is_endless":false,"potions_floor_spawned":[1,5],"killed_by":"Slime Boss","ascension_level":19}