{"gold_per_floor":[119,119,134,153,153,186,186,213,261,261],"floor_reached":10,"playtime":331,"items_purged":[],"score":87,"play_id":"15ed1b2e-6a5e-4f3e-86fd-9c0e56e628eb","local_time":"20180802131352","is_ascension_mode":true,"campfire_choices":[{"floor":7,"key":"REST"}],"neow_cost":"","seed_source_timestamp":412024070892191,"circlet_count":0,"master_deck":["Strike_B","Strike_B","Strike_B","Strike_B","Defend_B","Defend_B","Defend_B","Zap","Dualcast","Redo","Conserve Battery","White Noise","Normality","Tempest","BootSequence"],"relics":["Cracked Core","Symbiotic Virus","Potion Belt","Art of War","Ancient Tea Set"],"potions_floor_usage":[8],"damage_taken":[{"damage":3,"enemies":"Jaw Worm","floor":1,"turns":4},{"damage":1,"enemies":"Cultist","floor":3,"turns":3},{"damage":0,"enemies":"Small Slimes","floor":4,"turns":2},{"damage":58,"enemies":"Gremlin Nob","floor":6,"turns":5},{"damage":17,"enemies":"3 Sentries","floor":8,"turns":5},{"damage":27,"floor":10,"turns":3}],"seed_played":"5159566300452043028","potions_obtained":[{"floor":1,"key":"Ancient Potion"},{"floor":6,"key":"AttackPotion"}],"is_trial":false,"path_per_floor":["M","?","M","M","?","E","R","E","T"],"character_chosen":"DEFECT","items_purchased":[],"campfire_rested":1,"item_purchase_floors":[],"current_hp_per_floor":[72,72,71,71,71,13,35,18,18,0],"gold":261,"neow_bonus":"","is_prod":false,"is_daily":false,"chose_seed":false,"campfire_upgraded":0,"win_rate":0,"timestamp":1533204832,"path_taken":["M","?","M","M","?","E","R","E","T","?"],"build_version":"2018-07-26","purchased_purges":0,"victory":false,"max_hp_per_floor":[75,75,75,75,75,75,75,75,75,75],"card_choices":[{"not_picked":["Leap","Barrage"],"picked":"Redo","floor":1},{"not_picked":["Heatsinks","Rebound"],"picked":"Conserve Battery","floor":3},{"not_picked":["Genetic Algorithm","Beam Cell"],"picked":"White Noise","floor":4},{"not_picked":["Undo","Streamline"],"picked":"Tempest","floor":6},{"not_picked":["Rip and Tear","Redo"],"picked":"BootSequence","floor":8}],"player_experience":326702,"relics_obtained":[{"floor":6,"key":"Potion Belt"},{"floor":8,"key":"Art of War"},{"floor":9,"key":"Ancient Tea Set"}],"event_choices":[{"event_name":"Purifier","player_choice":"One Purge","floor":2,"damage_taken":0},{"event_name":"Accursed Blacksmith","player_choice":"Rummage","floor":5,"damage_taken":0},{"event_name":"Mushrooms","player_choice":"Fought Mushrooms","floor":10,"damage_taken":0}],"is_beta":false,"boss_relics":[],"items_purged_floors":[],"is_endless":false,"potions_floor_spawned":[1,6],"ascension_level":3}