{"gold_per_floor":[111,111,126,76,76,111,131,131,131,152,152,152,152,163,163,163],"floor_reached":16,"playtime":367,"items_purged":[],"score":203,"play_id":"57f6e244-7e23-42a4-8a92-f0e05f532c3a","local_time":"20190405172758","is_ascension_mode":true,"campfire_choices":[{"floor":13,"key":"RECALL"},{"floor":15,"key":"REST"}],"neow_cost":"NONE","seed_source_timestamp":35116831975300,"circlet_count":0,"master_deck":["AscendersBane","Strike_R","Strike_R+1","Strike_R","Strike_R","Defend_R","Defend_R","Defend_R+1","Defend_R","Bash","Whirlwind","Cleave","Pummel","Thunderclap+1"],"relics":["Burning Blood","NeowsBlessing","Frozen Egg 2","WingedGreaves","Kunai","Odd Mushroom","Molten Egg 2"],"potions_floor_usage":[10,14],"damage_taken":[{"damage":0,"enemies":"2 Louse","floor":1,"turns":1},{"damage":0,"enemies":"Small Slimes","floor":3,"turns":1},{"damage":0,"enemies":"Gremlin Nob","floor":6,"turns":1},{"damage":1,"enemies":"Cultist","floor":7,"turns":4},{"damage":6,"enemies":"The Mushroom Lair","floor":10,"turns":3},{"damage":11,"enemies":"Blue Slaver","floor":14,"turns":4},{"damage":78,"enemies":"Hexaghost","floor":16,"turns":9}],"seed_played":"4535392578335500777","potions_obtained":[{"floor":3,"key":"Block Potion"},{"floor":10,"key":"PowerPotion"},{"floor":14,"key":"SmokeBomb"}],"is_trial":false,"path_per_floor":["M","?","M","?","?","E","M","?","T","?","?","T","R","M","R","B"],"character_chosen":"IRONCLAD","items_purchased":[],"campfire_rested":1,"item_purchase_floors":[],"current_hp_per_floor":[78,78,80,80,80,80,80,73,73,73,57,57,57,52,76,0],"gold":163,"neow_bonus":"THREE_ENEMY_KILL","is_prod":false,"is_daily":false,"chose_seed":false,"campfire_upgraded":0,"win_rate":0,"timestamp":1554474478,"path_taken":["M","?","M","?","?","E","?","?","T","?","?","?","R","?","R","BOSS"],"build_version":"2019-01-23","purchased_purges":0,"victory":false,"max_hp_per_floor":[80,80,80,80,80,80,80,80,80,80,80,80,80,80,80,80],"card_choices":[{"not_picked":["Clash","Evolve"],"picked":"Whirlwind","floor":1},{"not_picked":["Headbutt","Rupture+1"],"picked":"Cleave","floor":3},{"not_picked":["Entrench","Heavy Blade","Cleave"],"picked":"SKIP","floor":6},{"not_picked":["Sentinel","Whirlwind","Rupture+1"],"picked":"SKIP","floor":7},{"not_picked":["Rage","Power Through"],"picked":"Pummel","floor":10},{"not_picked":["Flex","Anger+1"],"picked":"Thunderclap+1","floor":14}],"player_experience":524753,"relics_obtained":[{"floor":5,"key":"WingedGreaves"},{"floor":6,"key":"Kunai"},{"floor":10,"key":"Odd Mushroom"},{"floor":12,"key":"Molten Egg 2"}],"event_choices":[{"damage_healed":0,"gold_gain":0,"player_choice":"Box","damage_taken":0,"relics_obtained":["Frozen Egg 2"],"max_hp_gain":0,"max_hp_loss":0,"event_name":"Big Fish","floor":2,"gold_loss":0,"cards_obtained":["Regret"]},{"cards_removed":["Regret"],"damage_healed":0,"gold_gain":0,"player_choice":"Card Removal","damage_taken":0,"max_hp_gain":0,"max_hp_loss":0,"event_name":"The Cleric","floor":4,"gold_loss":50},{"damage_healed":0,"gold_gain":0,"player_choice":"Relic","damage_taken":0,"max_hp_gain":0,"max_hp_loss":0,"event_name":"Wheel of Change","floor":5,"gold_loss":0},{"cards_removed":["Strike_R"],"damage_healed":0,"gold_gain":0,"player_choice":"Card Removal","damage_taken":7,"max_hp_gain":0,"max_hp_loss":0,"event_name":"Golden Wing","floor":8,"gold_loss":0},{"damage_healed":0,"gold_gain":0,"player_choice":"Fought Mushrooms","damage_taken":0,"max_hp_gain":0,"max_hp_loss":0,"event_name":"Mushrooms","floor":10,"gold_loss":0},{"damage_healed":0,"gold_gain":0,"player_choice":"Entered Light","damage_taken":16,"max_hp_gain":0,"max_hp_loss":0,"event_name":"Shining Light","floor":11,"gold_loss":0,"cards_upgraded":["Strike_R","Defend_R"]}],"is_beta":false,"boss_relics":[],"items_purged_floors":[],"is_endless":false,"potions_floor_spawned":[3,10,14],"killed_by":"Hexaghost","ascension_level":13}