{"gold_per_floor":[119,119,194,213,213,239,239,239,262,35,47,47,80,107,107,107],"floor_reached":16,"playtime":581,"items_purged":[],"score":183,"play_id":"a65a11dc-c88a-4d59-af46-6fd9f7d41312","local_time":"20180820145005","is_ascension_mode":true,"campfire_choices":[{"floor":7,"key":"REST"},{"floor":12,"key":"REST"},{"data":"Pommel Strike","floor":15,"key":"SMITH"}],"neow_cost":"","seed_source_timestamp":367673438168035,"circlet_count":0,"master_deck":["Strike_R","Strike_R","Strike_R","Strike_R","Strike_R","Defend_R","Defend_R","Defend_R","Defend_R","Bash","Metallicize+1","Regret","Pommel Strike+1","Shrug It Off","Thunderclap"],"relics":["Burning Blood","Bag of Marbles","Dead Branch","FaceOfCleric","Strawberry","Strange Spoon","Art of War","Odd Mushroom"],"potions_floor_usage":[6,13,13,16],"damage_taken":[{"damage":6,"enemies":"2 Louse","floor":1,"turns":3},{"damage":0,"enemies":"Jaw Worm","floor":4,"turns":5},{"damage":56,"enemies":"Lagavulin","floor":6,"turns":9},{"damage":3,"enemies":"Cultist","floor":11,"turns":4},{"damage":8,"enemies":"3 Sentries","floor":13,"turns":10},{"damage":29,"floor":14,"turns":5},{"damage":56,"enemies":"Hexaghost","floor":16,"turns":10}],"seed_played":"7728901231980630454","potions_obtained":[{"floor":4,"key":"SpeedPotion"},{"floor":6,"key":"EssenceOfSteel"},{"floor":11,"key":"EssenceOfSteel"},{"floor":14,"key":"Strength Potion"}],"is_trial":false,"path_per_floor":["M","?","?","M","?","E","R","?","T","$","M","R","E","?","R"],"character_chosen":"IRONCLAD","items_purchased":["Strange Spoon","Shrug It Off"],"campfire_rested":2,"item_purchase_floors":[10,10],"current_hp_per_floor":[72,72,61,67,67,17,41,41,48,48,52,78,77,55,55,0],"gold":107,"neow_bonus":"","is_prod":false,"is_daily":false,"chose_seed":false,"campfire_upgraded":1,"win_rate":0,"timestamp":1534765805,"path_taken":["M","?","?","M","?","E","R","?","T","?","M","R","E","?","R","BOSS"],"build_version":"2018-08-16","purchased_purges":0,"victory":false,"max_hp_per_floor":[80,80,80,80,80,80,80,80,87,87,88,88,89,90,90,90],"card_choices":[{"not_picked":["Body Slam","Carnage"],"picked":"Metallicize","floor":1},{"not_picked":["Clothesline","True Grit","Searing Blow"],"picked":"SKIP","floor":4},{"not_picked":["Flex","Exhume"],"picked":"Pommel Strike","floor":6},{"not_picked":["Armaments","Power Through"],"picked":"Thunderclap","floor":11},{"not_picked":["Battle Trance","Rage","Twin Strike"],"picked":"SKIP","floor":13}],"player_experience":340903,"relics_obtained":[{"floor":6,"key":"Dead Branch"},{"floor":9,"key":"Strawberry"},{"floor":13,"key":"Art of War"},{"floor":14,"key":"Odd Mushroom"}],"event_choices":[{"event_name":"Living Wall","player_choice":"Grow","floor":2,"damage_taken":0},{"event_name":"World of Goop","player_choice":"Gather Gold","floor":3,"damage_taken":0},{"event_name":"Big Fish","player_choice":"Box","floor":5,"damage_taken":0},{"event_name":"FaceTrader","player_choice":"Trade","floor":8,"damage_taken":0},{"event_name":"Mushrooms","player_choice":"Fought Mushrooms","floor":14,"damage_taken":0}],"is_beta":false,"boss_relics":[],"items_purged_floors":[],"is_endless":false,"potions_floor_spawned":[4,6,11,14],"killed_by":"Hexaghost","ascension_level":8}