{"gold_per_floor":[16,16,28,28,203,216,227,177,229,31,42,68,68,85,85,184,184,204,220,100,112,67,67],"floor_reached":23,"playtime":615,"items_purged":["Strike_R"],"score":338,"play_id":"578ba9c5-681a-4e8f-be4d-e563383ab6a9","local_time":"20181017082813","is_ascension_mode":true,"campfire_choices":[{"data":"Whirlwind","floor":13,"key":"SMITH"},{"floor":15,"key":"REST"}],"neow_cost":"NO_GOLD","seed_source_timestamp":522832899122300,"circlet_count":0,"master_deck":["Strike_R","Strike_R","Strike_R","Strike_R+1","Defend_R","Defend_R","Defend_R","Defend_R","Bash+1","AscendersBane","Whirlwind+1","Offering","Pommel Strike","Spot Weakness","Limit Break","Flex","Flex"],"relics":["Burning Blood","Du-Vu Doll","Happy Flower","Sling","Regal Pillow","Mark of Pain"],"potions_floor_usage":[12,16,18,23,23],"damage_taken":[{"damage":4,"enemies":"2 Louse","floor":1,"turns":3},{"damage":0,"enemies":"Small Slimes","floor":3,"turns":2},{"damage":12,"enemies":"Jaw Worm","floor":6,"turns":2},{"damage":7,"enemies":"Exordium Thugs","floor":7,"turns":3},{"damage":15,"enemies":"Red Slaver","floor":11,"turns":2},{"damage":6,"enemies":"Gremlin Nob","floor":12,"turns":2},{"damage":12,"enemies":"2 Fungi Beasts","floor":14,"turns":3},{"damage":50,"enemies":"Hexaghost","floor":16,"turns":9},{"damage":0,"enemies":"2 Thieves","floor":18,"turns":1},{"damage":17,"enemies":"Shell Parasite","floor":19,"turns":3},{"damage":34,"enemies":"Shelled Parasite and Fungi","floor":21,"turns":3},{"damage":50,"enemies":"Book of Stabbing","floor":23,"turns":3}],"seed_played":"5431767223415218097","potions_obtained":[{"floor":3,"key":"SpeedPotion"},{"floor":6,"key":"FearPotion"},{"floor":12,"key":"BloodPotion"},{"floor":16,"key":"SteroidPotion"},{"floor":18,"key":"Explosive Potion"}],"is_trial":false,"path_per_floor":["M","?","M","$","?","M","M","?","T","$","M","E","R","M","R","B",null,"M","M","$","M","$"],"character_chosen":"IRONCLAD","items_purchased":["Sling","Flex","Flex"],"campfire_rested":1,"item_purchase_floors":[10,20,22],"current_hp_per_floor":[74,58,64,64,64,58,57,57,57,57,48,48,48,42,80,36,69,75,64,64,36,36,0],"gold":67,"neow_bonus":"ONE_RARE_RELIC","is_prod":false,"is_daily":false,"chose_seed":false,"campfire_upgraded":1,"win_rate":0,"timestamp":1539754093,"path_taken":["M","?","?","?","?","M","M","?","T","$","?","E","R","M","R","BOSS","M","M","$","M","$","E"],"build_version":"2018-10-11","purchased_purges":1,"victory":false,"max_hp_per_floor":[80,80,80,80,80,80,80,80,80,80,80,80,80,80,80,80,80,80,80,80,80,80,80],"card_choices":[{"not_picked":["Clothesline","Clash"],"picked":"Whirlwind","floor":1},{"not_picked":["Wild Strike","Evolve","Fire Breathing"],"picked":"SKIP","floor":3},{"not_picked":["Dual Wield","Rupture"],"picked":"Offering","floor":6},{"not_picked":["Twin Strike","Warcry"],"picked":"Pommel Strike","floor":7},{"not_picked":["Pommel Strike","True Grit","Cleave"],"picked":"SKIP","floor":11},{"not_picked":["Sentinel","Shrug It Off"],"picked":"Spot Weakness","floor":12},{"not_picked":["Whirlwind","True Grit","Twin Strike"],"picked":"SKIP","floor":14},{"not_picked":["Juggernaut","Fiend Fire"],"picked":"Limit Break","floor":16},{"not_picked":["Searing Blow","Clothesline","Headbutt"],"picked":"SKIP","floor":18},{"not_picked":["Body Slam+1","Thunderclap","Twin Strike"],"picked":"SKIP","floor":19},{"not_picked":["Perfected Strike+1","Clothesline+1","Sword Boomerang"],"picked":"SKIP","floor":21}],"player_experience":437335,"relics_obtained":[{"floor":9,"key":"Happy Flower"},{"floor":12,"key":"Regal Pillow"}],"event_choices":[{"event_name":"Shining Light","player_choice":"Entered Light","floor":2,"damage_taken":0},{"event_name":"Liars Game","player_choice":"agreed","floor":5,"damage_taken":0},{"event_name":"The Cleric","player_choice":"Card Removal","floor":8,"damage_taken":0}],"is_beta":false,"boss_relics":[{"not_picked":["Ectoplasm","Empty Cage"],"picked":"Mark of Pain"}],"items_purged_floors":[20],"is_endless":false,"potions_floor_spawned":[3,6,12,16,18],"killed_by":"Book of Stabbing","ascension_level":11}