{"gold_per_floor":[113,126,144,157,82,82,257,257,257,273,284,149,149,176,176,271,321,337,137,137,137,148,148,163,163,163,173,173,187,219,43,43,142,142,158,176,224,224,224,224,240,240,240,251,251,251,264,264,264,264],"floor_reached":51,"playtime":1771,"items_purged":["Strike_R","Strike_R","Doubt","Writhe"],"score":970,"play_id":"66cfeba6-892e-46cc-88d5-62b16dee0f27","local_time":"20180930102153","is_ascension_mode":true,"campfire_choices":[{"data":"Inflame","floor":6,"key":"SMITH"},{"data":"Infernal Blade","floor":8,"key":"SMITH"},{"data":"Demon Form","floor":13,"key":"SMITH"},{"floor":15,"key":"REST"},{"data":"Whirlwind","floor":23,"key":"SMITH"},{"data":"Demon Form","floor":25,"key":"SMITH"},{"floor":32,"key":"REST"},{"floor":40,"key":"REST"},{"floor":42,"key":"REST"},{"floor":45,"key":"REST"},{"data":"Demon Form","floor":49,"key":"SMITH"}],"neow_cost":"NONE","seed_source_timestamp":7024610157977,"circlet_count":0,"master_deck":["Strike_R","Strike_R","Defend_R+1","Defend_R","Defend_R","Defend_R","Infernal Blade+1","Inflame+1","Thunderclap","Demon Form+1","Inflame","Demon Form+1","Pommel Strike+1","Whirlwind+1","Seeing Red+1","Shrug It Off+1","Havoc+1","Pummel+1","Shrug It Off+1","Demon Form+1","Ghostly Armor+1","Havoc+1"],"relics":["Burning Blood","Toxic Egg 2","Mercury Hourglass","Tiny House","Matryoshka","Centennial Puzzle","Pantograph","Boot","Sozu","Ice Cream","Juzu Bracelet","Dead Branch","Meat on the Bone"],"potions_floor_usage":[4,11,11,14,16,18,24,27,30,33],"damage_taken":[{"damage":11,"enemies":"Cultist","floor":1,"turns":4},{"damage":12,"enemies":"Jaw Worm","floor":2,"turns":2},{"damage":0,"enemies":"Small Slimes","floor":3,"turns":3},{"damage":19,"enemies":"Exordium Wildlife","floor":4,"turns":4},{"damage":11,"enemies":"2 Fungi Beasts","floor":10,"turns":3},{"damage":13,"enemies":"Gremlin Gang","floor":11,"turns":4},{"damage":20,"enemies":"Lagavulin","floor":14,"turns":4},{"damage":54,"enemies":"The Guardian","floor":16,"turns":11},{"damage":12,"enemies":"Spheric Guardian","floor":18,"turns":5},{"damage":7,"enemies":"Chosen","floor":22,"turns":5},{"damage":0,"enemies":"Sentry and Sphere","floor":24,"turns":1},{"damage":33,"enemies":"Shelled Parasite and Fungi","floor":27,"turns":4},{"damage":4,"enemies":"Centurion and Healer","floor":29,"turns":5},{"damage":27,"enemies":"Gremlin Leader","floor":30,"turns":7},{"damage":65,"enemies":"Champ","floor":33,"turns":8},{"damage":11,"enemies":"Orb Walker","floor":35,"turns":2},{"damage":11,"enemies":"3 Shapes","floor":36,"turns":6},{"damage":37,"enemies":"Mysterious Sphere","floor":37,"turns":4},{"damage":30,"enemies":"Transient","floor":41,"turns":5},{"damage":36,"enemies":"Spire Growth","floor":44,"turns":5},{"damage":30,"enemies":"Maw","floor":47,"turns":6},{"damage":69,"enemies":"Time Eater","floor":50,"turns":7}],"seed_played":"1216648315426558162","potions_obtained":[{"floor":0,"key":"Swift Potion"},{"floor":0,"key":"SteroidPotion"},{"floor":0,"key":"SmokeBomb"},{"floor":1,"key":"Explosive Potion"},{"floor":4,"key":"Swift Potion"},{"floor":14,"key":"SpeedPotion"},{"floor":16,"key":"Block Potion"},{"floor":17,"key":"Ancient Potion"},{"floor":18,"key":"Energy Potion"},{"floor":29,"key":"LiquidBronze"},{"floor":30,"key":"EssenceOfSteel"}],"is_trial":false,"path_per_floor":["M","M","M","M","$","R","?","R","T","M","M","$","R","E","R","B",null,"M","$","?","?","M","R","M","R","T","M","?","M","E","$","R","B",null,"M","M","?","?","?","R","M","R","T","M","R","?","M","T","R","B"],"character_chosen":"IRONCLAD","items_purchased":["Inflame","Whirlwind","Shrug It Off+1"],"campfire_rested":5,"item_purchase_floors":[12,19,31],"current_hp_per_floor":[67,61,73,60,60,60,60,60,60,55,48,48,48,34,58,10,68,62,62,62,62,61,61,67,67,67,40,40,42,21,21,46,12,67,62,57,26,26,18,43,19,44,44,14,39,74,59,59,59,23],"gold":264,"neow_bonus":"THREE_SMALL_POTIONS","is_prod":false,"is_daily":false,"chose_seed":false,"campfire_upgraded":6,"win_rate":0,"timestamp":1538292113,"path_taken":["M","?","?","?","?","R","?","R","T","?","M","$","R","E","R","BOSS","M","$","?","?","M","R","M","R","T","?","?","M","E","?","R","BOSS","M","M","?","?","?","R","M","R","T","M","R","?","M","?","R","BOSS"],"build_version":"2018-09-27","purchased_purges":4,"victory":true,"max_hp_per_floor":[80,80,80,80,80,80,80,80,80,80,80,80,80,80,80,80,85,85,85,85,85,85,85,85,85,85,85,85,85,85,85,85,85,85,85,85,85,85,85,85,85,85,85,85,85,74,74,74,74,74],"card_choices":[{"not_picked":["Anger","Sword Boomerang"],"picked":"Infernal Blade","floor":1},{"not_picked":["Iron Wave","Havoc"],"picked":"Inflame","floor":2},{"not_picked":["Headbutt","Blood for Blood","Wild Strike"],"picked":"SKIP","floor":3},{"not_picked":["Reaper","Havoc"],"picked":"Thunderclap","floor":4},{"not_picked":["Body Slam","Anger","Clothesline"],"picked":"SKIP","floor":10},{"not_picked":["Spot Weakness+1","Clothesline"],"picked":"Demon Form","floor":11},{"not_picked":["Sever Soul","Rupture","Twin Strike"],"picked":"SKIP","floor":14},{"not_picked":["Fiend Fire","Reaper"],"picked":"Demon Form","floor":16},{"not_picked":["Iron Wave","Perfected Strike+1"],"picked":"Pommel Strike+1","floor":18},{"not_picked":["Clash","Thunderclap"],"picked":"Shrug It Off+1","floor":22},{"not_picked":["Headbutt","Barricade"],"picked":"Havoc+1","floor":24},{"not_picked":["Iron Wave+1","Uppercut+1"],"picked":"Pummel","floor":27},{"not_picked":["Anger+1","Thunderclap","Wild Strike"],"picked":"SKIP","floor":29},{"not_picked":["Rampage","Feed","Cleave"],"picked":"SKIP","floor":30},{"not_picked":["Dark Embrace","Juggernaut"],"picked":"Demon Form","floor":33},{"not_picked":["Anger","Evolve"],"picked":"Ghostly Armor+1","floor":35},{"not_picked":["Body Slam","Flex+1"],"picked":"Havoc+1","floor":36},{"not_picked":["True Grit+1","Warcry+1","Sword Boomerang"],"picked":"SKIP","floor":41},{"not_picked":["Havoc+1","Rupture+1","Reckless Charge"],"picked":"SKIP","floor":44},{"not_picked":["Battle Trance+1","Barricade","Evolve+1"],"picked":"SKIP","floor":47}],"player_experience":402526,"relics_obtained":[{"floor":9,"key":"Toxic Egg 2"},{"floor":14,"key":"Mercury Hourglass"},{"floor":26,"key":"Centennial Puzzle"},{"floor":26,"key":"Pantograph"},{"floor":30,"key":"Boot"},{"floor":37,"key":"Ice Cream"},{"floor":43,"key":"Juzu Bracelet"},{"floor":43,"key":"Dead Branch"},{"floor":48,"key":"Meat on the Bone"}],"event_choices":[{"event_name":"Liars Game","player_choice":"agreed","floor":7,"damage_taken":0},{"event_name":"Transmorgrifier","player_choice":"Transform","floor":20,"damage_taken":0},{"event_name":"The Mausoleum","player_choice":"Yes","floor":21,"damage_taken":0},{"event_name":"Upgrade Shrine","player_choice":"Upgraded","floor":28,"damage_taken":0},{"event_name":"Mysterious Sphere","player_choice":"Fight","floor":37,"damage_taken":0},{"event_name":"Falling","player_choice":"Removed Attack","floor":38,"damage_taken":0},{"event_name":"Wheel of Change","player_choice":"Damage","floor":39,"damage_taken":0},{"event_name":"The Moai Head","player_choice":"Heal","floor":46,"damage_taken":0}],"is_beta":false,"boss_relics":[{"not_picked":["Eternal Feather","Black Star"],"picked":"Tiny House"},{"not_picked":["Orrery","Snecko Eye"],"picked":"Sozu"}],"items_purged_floors":[5,12,19,31],"is_endless":false,"potions_floor_spawned":[1,4,14,16,18,29,30,36,37],"ascension_level":9}