{"gold_per_floor":[119,119,44,44,63,91,91,109,109,142,67,67,79,154,154,227,227,247,247,1,12,32,32,32],"floor_reached":24,"playtime":780,"items_purged":["Defend_R"],"score":401,"play_id":"c8657c09-e0ce-46d9-868b-6976ce46e4f4","local_time":"20190627190134","is_ascension_mode":true,"campfire_choices":[{"data":"Flame Barrier","floor":7,"key":"SMITH"},{"data":"Shrug It Off","floor":12,"key":"SMITH"},{"data":"Searing Blow+1","floor":15,"key":"SMITH"},{"floor":23,"key":"REST"}],"neow_cost":"NONE","seed_source_timestamp":39664173550300,"circlet_count":0,"master_deck":["AscendersBane","Strike_R","Strike_R+1","Strike_R+1","Defend_R","Defend_R","Defend_R","Bash","Pommel Strike","Ghostly Armor","Flame Barrier+1","Shrug It Off+1","Spot Weakness","Searing Blow+2","Juggernaut","Infernal Blade","Rampage+1"],"relics":["Burning Blood","NeowsBlessing","Molten Egg 2","Gremlin Horn","Centennial Puzzle","Black Star","Enchiridion","HandDrill"],"potions_floor_usage":[10,16,16,21,24],"damage_taken":[{"damage":0,"enemies":"Cultist","floor":1,"turns":1},{"damage":0,"enemies":"Small Slimes","floor":5,"turns":1},{"damage":0,"enemies":"3 Sentries","floor":6,"turns":2},{"damage":0,"enemies":"2 Louse","floor":8,"turns":3},{"damage":2,"enemies":"Gremlin Nob","floor":10,"turns":4},{"damage":0,"enemies":"Exordium Wildlife","floor":13,"turns":4},{"damage":10,"enemies":"The Guardian","floor":16,"turns":13},{"damage":24,"enemies":"Shell Parasite","floor":18,"turns":8},{"damage":0,"enemies":"3 Byrds","floor":21,"turns":4},{"damage":30,"enemies":"Centurion and Healer","floor":22,"turns":6},{"damage":54,"enemies":"Gremlin Leader","floor":24,"turns":11}],"seed_played":"-3503574282091579209","potions_obtained":[{"floor":6,"key":"EssenceOfSteel"},{"floor":8,"key":"Fire Potion"},{"floor":10,"key":"Weak Potion"},{"floor":18,"key":"Fire Potion"},{"floor":22,"key":"Dexterity Potion"}],"is_trial":false,"path_per_floor":["M","?","?","?","M","E","R","M","T","E","$","R","M","?","R","B",null,"M","?","$","M","M","R","E"],"character_chosen":"IRONCLAD","items_purchased":["HandDrill","Rampage+1"],"campfire_rested":1,"item_purchase_floors":[20,20],"current_hp_per_floor":[74,51,51,44,50,56,56,62,62,66,66,66,72,61,61,57,71,53,32,32,38,14,36,0],"gold":32,"neow_bonus":"THREE_ENEMY_KILL","is_prod":false,"is_daily":false,"chose_seed":false,"campfire_upgraded":3,"win_rate":0,"timestamp":1561651294,"path_taken":["M","?","?","?","?","E","R","M","T","E","$","R","M","?","R","BOSS","M","?","$","M","M","R","E"],"build_version":"2019-01-23","purchased_purges":1,"victory":false,"max_hp_per_floor":[75,75,75,75,75,75,75,75,75,75,75,75,75,75,75,75,75,75,75,75,75,75,75,75],"card_choices":[{"not_picked":["Flex","Combust"],"picked":"Pommel Strike","floor":1},{"not_picked":["Clothesline","Twin Strike"],"picked":"Ghostly Armor","floor":5},{"not_picked":["Anger","Body Slam"],"picked":"Flame Barrier","floor":6},{"not_picked":["Wild Strike+1","Havoc"],"picked":"Shrug It Off","floor":8},{"not_picked":["Havoc","Anger+1"],"picked":"Spot Weakness","floor":10},{"not_picked":["Second Wind","Power Through"],"picked":"Searing Blow+1","floor":13},{"not_picked":["Brutality","Bludgeon+1"],"picked":"Juggernaut","floor":16},{"not_picked":["Headbutt+1","Body Slam+1"],"picked":"Infernal Blade","floor":18},{"not_picked":["Spot Weakness","Warcry","Rampage+1"],"picked":"SKIP","floor":21},{"not_picked":["Pommel Strike+1","Corruption","Power Through"],"picked":"SKIP","floor":22}],"player_experience":627755,"relics_obtained":[{"floor":6,"key":"Molten Egg 2"},{"floor":9,"key":"Gremlin Horn"},{"floor":10,"key":"Centennial Puzzle"},{"floor":19,"key":"Enchiridion"}],"event_choices":[{"damage_healed":0,"gold_gain":0,"player_choice":"Entered Light","damage_taken":23,"max_hp_gain":0,"max_hp_loss":0,"event_name":"Shining Light","floor":2,"gold_loss":0,"cards_upgraded":["Strike_R","Strike_R"]},{"cards_removed":["Strike_R"],"damage_healed":0,"gold_gain":0,"player_choice":"Card Removal","damage_taken":0,"max_hp_gain":0,"max_hp_loss":0,"event_name":"The Cleric","floor":3,"gold_loss":75},{"cards_removed":["Strike_R"],"damage_healed":0,"gold_gain":0,"player_choice":"Card Removal","damage_taken":7,"max_hp_gain":0,"max_hp_loss":0,"event_name":"Golden Wing","floor":4,"gold_loss":0},{"damage_healed":0,"gold_gain":75,"player_choice":"Gather Gold","damage_taken":11,"max_hp_gain":0,"max_hp_loss":0,"event_name":"World of Goop","floor":14,"gold_loss":0},{"damage_healed":0,"gold_gain":0,"player_choice":"Obtained Book","damage_taken":21,"max_hp_gain":0,"max_hp_loss":0,"event_name":"Cursed Tome","floor":19,"gold_loss":0}],"is_beta":false,"boss_relics":[{"not_picked":["Runic Dome","Orrery"],"picked":"Black Star"}],"items_purged_floors":[11],"is_endless":false,"potions_floor_spawned":[6,8,10,18,22],"killed_by":"Gremlin Leader","ascension_level":15}