{"path_per_floor":["M","?","?","M","M","R","E","R","T","M","E","$","?","E","R","B",null,"M","?","?","M","M","R","E","R","T","?","E","M"],"character_chosen":"DEFECT","items_purchased":["Gremlin Horn","Bandage Up"],"gold_per_floor":[112,287,287,307,320,320,355,355,424,439,473,63,63,97,97,194,194,212,212,212,232,246,246,280,280,280,250,282,302,302],"floor_reached":30,"campfire_rested":3,"playtime":1388,"item_purchase_floors":[12,12],"current_hp_per_floor":[80,80,80,77,76,76,67,67,67,59,45,45,45,36,60,43,82,52,52,46,38,42,66,34,58,58,58,51,42,0],"items_purged":["Doubt"],"gold":302,"score":315,"play_id":"a8245b38-5f5c-4615-a72e-ca6f6aafa8ce","local_time":"20180619105306","is_prod":false,"is_daily":false,"chose_seed":false,"is_ascension_mode":true,"campfire_upgraded":2,"win_rate":0,"timestamp":1529394786,"campfire_choices":[{"data":"Sweeping Beam","floor":6,"key":"SMITH"},{"data":"Defragment","floor":8,"key":"SMITH"},{"floor":15,"key":"REST"},{"floor":23,"key":"REST"},{"floor":25,"key":"REST"}],"path_taken":["M","?","?","M","?","R","E","R","T","?","E","$","?","E","R","BOSS","M","?","?","M","M","R","E","R","T","?","E","?","E"],"build_version":"2018-06-14v2","seed_source_timestamp":358463781341272,"purchased_purges":1,"victory":false,"master_deck":["Strike_B","Strike_B","Strike_B","Strike_B","Defend_B","Defend_B","Defend_B","Zap+1","Dualcast","Sweeping Beam+1","Defragment+1","Redo","Sunder","Bandage Up","Heatsinks","Rip and Tear","Electrodynamics","Chill+1","RitualDagger","Fusion","Reboot"],"max_hp_per_floor":[82,82,82,82,82,82,82,82,82,82,82,82,82,82,82,82,82,82,82,82,82,82,82,82,82,82,82,82,82,82],"relics":["Cracked Core","Art of War","Meat on the Bone","Happy Flower","Gremlin Horn","Ancient Tea Set","Inserter","Ginger","Bottled Lightning","Smiling Mask"],"card_choices":[{"not_picked":["Beam Cell","Darkness"],"picked":"Sweeping Beam","floor":1},{"not_picked":["Streamline","Compile Driver","Hologram"],"picked":"SKIP","floor":4},{"not_picked":["Streamline","Stack","Steam Power"],"picked":"SKIP","floor":5},{"not_picked":["Ball Lightning","Chaos"],"picked":"Defragment","floor":7},{"not_picked":["Turbo","Streamline"],"picked":"Redo","floor":10},{"not_picked":["Darkness","Echo Form"],"picked":"Sunder","floor":11},{"not_picked":["Fission","Machine Learning"],"picked":"Rip and Tear","floor":14},{"not_picked":["Core Surge","Biased Cognition"],"picked":"Electrodynamics","floor":16},{"not_picked":["Barrage","Beam Cell"],"picked":"Chill+1","floor":18},{"not_picked":["Rebound","Turbo","Barrage"],"picked":"SKIP","floor":21},{"not_picked":["Leap","Stack","Cold Snap"],"picked":"SKIP","floor":22},{"not_picked":["Leap","White Noise"],"picked":"Fusion","floor":24},{"not_picked":["Darkness","Sweeping Beam"],"picked":"Reboot","floor":28},{"not_picked":["Redo","Rebound","Coolheaded"],"picked":"SKIP","floor":29}],"player_experience":273217,"potions_floor_usage":[7,7,21,22,24,28,29,30],"damage_taken":[{"damage":2,"enemies":"Jaw Worm","floor":1,"turns":3},{"damage":3,"enemies":"2 Louse","floor":4,"turns":2},{"damage":1,"enemies":"Cultist","floor":5,"turns":3},{"damage":9,"enemies":"3 Sentries","floor":7,"turns":5},{"damage":8,"enemies":"Red Slaver","floor":10,"turns":4},{"damage":26,"enemies":"Lagavulin","floor":11,"turns":8},{"damage":25,"enemies":"3 Sentries","floor":14,"turns":6},{"damage":21,"enemies":"Slime Boss","floor":16,"turns":8},{"damage":46,"enemies":"Chosen","floor":18,"turns":5},{"damage":24,"enemies":"Shell Parasite","floor":21,"turns":6},{"damage":0,"enemies":"3 Cultists","floor":22,"turns":3},{"damage":48,"enemies":"Book of Stabbing","floor":24,"turns":5},{"damage":23,"enemies":"Slavers","floor":28,"turns":2},{"damage":13,"enemies":"Centurion and Healer","floor":29,"turns":4},{"damage":59,"enemies":"Book of Stabbing","floor":30,"turns":5}],"relics_obtained":[{"floor":7,"key":"Art of War"},{"floor":9,"key":"Meat on the Bone"},{"floor":11,"key":"Happy Flower"},{"floor":14,"key":"Ancient Tea Set"},{"floor":24,"key":"Ginger"},{"floor":26,"key":"Bottled Lightning"},{"floor":28,"key":"Smiling Mask"}],"event_choices":[{"event_name":"Liars Game","player_choice":"agreed","floor":2,"damage_taken":0},{"event_name":"Living Wall","player_choice":"Grow","floor":3,"damage_taken":0},{"event_name":"Transmorgrifier","player_choice":"Transform","floor":13,"damage_taken":0},{"event_name":"Drug Dealer","player_choice":"Ignored","floor":19,"damage_taken":0},{"event_name":"Nest","player_choice":"Joined the Cult","floor":20,"damage_taken":0},{"event_name":"The Woman in Blue","player_choice":"Bought 2 Potions","floor":27,"damage_taken":0}],"boss_relics":[{"not_picked":["Velvet Choker","Eternal Feather"],"picked":"Inserter"}],"items_purged_floors":[12],"is_endless":false,"potions_floor_spawned":[4,5,10,21,22,24,29],"seed_played":"6128444914619993466","killed_by":"Book of Stabbing","ascension_level":2,"potions_obtained":[{"floor":4,"key":"Explosive Potion"},{"floor":5,"key":"Block Potion"},{"floor":10,"key":"Dexterity Potion"},{"floor":21,"key":"Dexterity Potion"},{"floor":22,"key":"Fire Potion"},{"floor":24,"key":"GamblersBrew"},{"floor":27,"key":"Swift Potion"},{"floor":27,"key":"FairyPotion"},{"floor":29,"key":"Strength Potion"}],"is_trial":false}