{"gold_per_floor":[112,287,287,297,315,340,340,340,394,35,35,48,48,77,77,176,176,194,220,232,331,347,381,381,410,437,455,455,471,471,490,490,490],"floor_reached":33,"playtime":830,"items_purged":["Regret"],"score":521,"play_id":"ef28f861-e739-49b4-bda2-7f255bf044f9","local_time":"20181103105146","is_ascension_mode":true,"campfire_choices":[{"data":"Whirlwind","floor":7,"key":"SMITH"},{"data":"Offering","floor":11,"key":"SMITH"},{"data":"Flex","floor":13,"key":"SMITH"},{"data":"Thunderclap","floor":15,"key":"SMITH"},{"data":"Double Tap","floor":24,"key":"SMITH"},{"data":"Infernal Blade","floor":28,"key":"SMITH"},{"floor":30,"key":"REST"},{"floor":32,"key":"REST"}],"neow_cost":"NONE","seed_source_timestamp":131234292389600,"circlet_count":0,"master_deck":["AscendersBane","Strike_R","Strike_R","Strike_R","Strike_R","Strike_R","Defend_R","Defend_R","Defend_R","Defend_R+1","Bash","Whirlwind+1","Doubt","Disarm+1","Flex+1","Thunderclap+1","Offering+1","Double Tap+1","Infernal Blade+1"],"relics":["Burning Blood","NeowsBlessing","Art of War","Singing Bowl","Tiny Chest","Membership Card","Frozen Egg 2","Mark of Pain","Red Mask","Meat on the Bone","Blue Candle","Bag of Marbles"],"potions_floor_usage":[6,6,16,19,23,29,33],"damage_taken":[{"damage":0,"enemies":"Small Slimes","floor":1,"turns":1},{"damage":0,"enemies":"Jaw Worm","floor":4,"turns":1},{"damage":0,"enemies":"2 Louse","floor":5,"turns":1},{"damage":6,"enemies":"3 Sentries","floor":6,"turns":1},{"damage":6,"enemies":"Large Slime","floor":12,"turns":3},{"damage":6,"enemies":"Gremlin Nob","floor":14,"turns":2},{"damage":43,"enemies":"The Guardian","floor":16,"turns":11},{"damage":0,"enemies":"3 Byrds","floor":18,"turns":2},{"damage":6,"enemies":"Masked Bandits","floor":19,"turns":1},{"damage":11,"enemies":"Spheric Guardian","floor":20,"turns":3},{"damage":31,"enemies":"Centurion and Healer","floor":22,"turns":6},{"damage":12,"enemies":"Gremlin Leader","floor":23,"turns":5},{"damage":20,"enemies":"Slavers","floor":25,"turns":2},{"damage":9,"enemies":"Snake Plant","floor":27,"turns":2},{"damage":47,"enemies":"Snecko","floor":29,"turns":4},{"damage":11,"enemies":"Chosen and Byrds","floor":31,"turns":3},{"damage":93,"enemies":"Automaton","floor":33,"turns":6}],"seed_played":"-6941929087024266516","potions_obtained":[{"floor":4,"key":"Explosive Potion"},{"floor":5,"key":"SkillPotion"},{"floor":12,"key":"Explosive Potion"},{"floor":16,"key":"GamblersBrew"},{"floor":22,"key":"SteroidPotion"},{"floor":27,"key":"LiquidBronze"},{"floor":29,"key":"Weak Potion"},{"floor":31,"key":"Dexterity Potion"}],"is_trial":false,"path_per_floor":["M","?","?","M","M","E","R","?","T","$","R","M","R","?","R","B",null,"M","?","M","?","M","E","R","E","T","M","R","M","R","M","R","B"],"character_chosen":"IRONCLAD","items_purchased":["Membership Card","Offering"],"campfire_rested":2,"item_purchase_floors":[10,10],"current_hp_per_floor":[78,78,78,80,80,80,80,64,64,64,64,66,66,68,68,31,71,79,79,76,76,53,49,49,49,49,60,60,33,62,59,89,0],"gold":490,"neow_bonus":"THREE_ENEMY_KILL","is_prod":false,"is_daily":false,"chose_seed":false,"campfire_upgraded":6,"win_rate":0,"timestamp":1541235106,"path_taken":["M","?","?","M","M","E","R","?","T","$","R","M","R","?","R","BOSS","M","?","M","?","M","E","R","E","T","?","R","M","R","M","R","BOSS"],"build_version":"2018-11-01","purchased_purges":1,"victory":false,"max_hp_per_floor":[80,80,80,80,80,80,80,80,80,80,80,82,82,84,84,84,84,86,86,88,88,90,92,92,94,94,96,96,98,98,100,100,100],"card_choices":[{"not_picked":["Clash","Corruption"],"picked":"Whirlwind","floor":1},{"not_picked":["Sword Boomerang","True Grit"],"picked":"Disarm","floor":4},{"not_picked":["Whirlwind","True Grit"],"picked":"Flex","floor":5},{"not_picked":["Reckless Charge","Hemokinesis"],"picked":"Thunderclap","floor":6},{"not_picked":["Anger","Carnage","Shrug It Off"],"picked":"Singing Bowl","floor":12},{"not_picked":["Body Slam","Anger","Feel No Pain"],"picked":"Singing Bowl","floor":14},{"not_picked":["Impervious","Dark Embrace+1"],"picked":"Double Tap","floor":16},{"not_picked":["Warcry","Pummel","Wild Strike"],"picked":"Singing Bowl","floor":18},{"not_picked":["Sentinel","Power Through"],"picked":"Infernal Blade","floor":19},{"not_picked":["Entrench","Pummel","Cleave"],"picked":"Singing Bowl","floor":20},{"not_picked":["Warcry","True Grit","Iron Wave"],"picked":"Singing Bowl","floor":22},{"not_picked":["Cleave","Sword Boomerang","Entrench"],"picked":"Singing Bowl","floor":23},{"not_picked":["Rage","Heavy Blade","Power Through+1"],"picked":"Singing Bowl","floor":25},{"not_picked":["Battle Trance","Power Through","Sword Boomerang"],"picked":"Singing Bowl","floor":27},{"not_picked":["Brutality+1","Shrug It Off","Warcry"],"picked":"Singing Bowl","floor":29},{"not_picked":["Shrug It Off","Cleave","Thunderclap"],"picked":"Singing Bowl","floor":31}],"player_experience":456340,"relics_obtained":[{"floor":6,"key":"Singing Bowl"},{"floor":9,"key":"Tiny Chest"},{"floor":14,"key":"Frozen Egg 2"},{"floor":19,"key":"Red Mask"},{"floor":23,"key":"Meat on the Bone"},{"floor":25,"key":"Blue Candle"},{"floor":26,"key":"Bag of Marbles"}],"event_choices":[{"damage_healed":0,"gold_gain":175,"player_choice":"AGREE","damage_taken":0,"max_hp_gain":0,"max_hp_loss":0,"event_name":"Liars Game","floor":2,"gold_loss":0,"cards_obtained":["Doubt"]},{"damage_healed":0,"gold_gain":0,"player_choice":"Box","damage_taken":0,"relics_obtained":["Art of War"],"max_hp_gain":0,"max_hp_loss":0,"event_name":"Big Fish","floor":3,"gold_loss":0,"cards_obtained":["Regret"]},{"damage_healed":0,"gold_gain":0,"player_choice":"Entered Light","damage_taken":16,"max_hp_gain":0,"max_hp_loss":0,"event_name":"Shining Light","floor":8,"gold_loss":0,"cards_upgraded":["Disarm","Defend_R"]},{"damage_healed":0,"gold_gain":30,"player_choice":"Searched \u00272\u0027 times","damage_taken":0,"max_hp_gain":0,"max_hp_loss":0,"event_name":"Dead Adventurer","floor":14,"gold_loss":0},{"damage_healed":0,"gold_gain":0,"player_choice":"Fought Bandits","damage_taken":0,"max_hp_gain":0,"max_hp_loss":0,"event_name":"Masked Bandits","floor":19,"gold_loss":0},{"damage_healed":0,"gold_gain":99,"player_choice":"Stole From Cult","damage_taken":0,"max_hp_gain":0,"max_hp_loss":0,"event_name":"Nest","floor":21,"gold_loss":0}],"is_beta":false,"boss_relics":[{"not_picked":["Ectoplasm","Astrolabe"],"picked":"Mark of Pain"}],"items_purged_floors":[10],"is_endless":false,"potions_floor_spawned":[4,5,12,16,22,27,29,31],"killed_by":"Automaton","ascension_level":12}