{"path_per_floor":["M","$","?","M","?","R","E","T","T","$","E","R","M","$","R","B",null,"M","?","?","M"],"character_chosen":"IRONCLAD","items_purchased":["Shrug It Off"],"gold_per_floor":[118,43,43,66,66,66,134,134,134,34,70,70,95,70,70,189,189,205,205,205,220,220],"floor_reached":22,"campfire_rested":1,"playtime":638,"current_hp_per_floor":[78,78,58,64,57,57,63,63,63,63,50,50,50,50,74,41,70,58,58,42,24,0],"items_purged":["Strike_R","Defend_R"],"gold":220,"score":280,"play_id":"0b80b07e-d321-474f-a7f5-f6bd3fc206b4","local_time":"20180416142912","is_prod":false,"is_daily":false,"chose_seed":false,"is_ascension_mode":true,"campfire_upgraded":2,"timestamp":1523878152,"path_taken":["M","$","?","M","?","R","E","?","T","$","E","R","?","?","R","BOSS","M","?","?","?","M"],"build_version":"2018-04-12","seed_source_timestamp":340049199182572,"purchased_purges":2,"victory":false,"master_deck":["Strike_R","Strike_R","Strike_R","Defend_R","Defend_R","Defend_R","Bash","Combust+1","Flame Barrier+1","Offering","Shrug It Off","Juggernaut","Shockwave+1","Writhe"],"max_hp_per_floor":[80,80,80,80,80,80,80,80,80,80,80,80,80,80,80,80,80,80,80,80,80,80],"relics":["Burning Blood","NeowsBlessing","Golden Idol","Tiny Chest","Centennial Puzzle","Bottled Tornado","Bag of Preparation","Mark of Pain","Dodecahedron","Enchiridion"],"card_choices":[{"not_picked":["Armaments","Hemokinesis"],"picked":"Combust","floor":1},{"not_picked":["Flex","Evolve"],"picked":"Flame Barrier","floor":4},{"not_picked":["Body Slam","Clothesline"],"picked":"Offering","floor":7},{"not_picked":["Bludgeon","Immolate"],"picked":"Juggernaut","floor":16},{"not_picked":["Warcry","True Grit"],"picked":"Shockwave","floor":18}],"player_experience":205072,"potions_floor_usage":[16,16,22,22],"damage_taken":[{"damage":0,"enemies":"2 Louse","floor":1,"turns":1},{"damage":0,"enemies":"Cultist","floor":4,"turns":1},{"damage":0,"enemies":"Gremlin Nob","floor":7,"turns":1},{"damage":19,"enemies":"3 Sentries","floor":11,"turns":6},{"damage":6,"enemies":"Jaw Worm","floor":13,"turns":3},{"damage":39,"enemies":"The Guardian","floor":16,"turns":17},{"damage":18,"enemies":"Spheric Guardian","floor":18,"turns":4},{"damage":24,"enemies":"3 Byrds","floor":21,"turns":2},{"damage":24,"enemies":"Slaver and Parasite","floor":22,"turns":5}],"event_choices":[{"event_name":"Golden Idol","player_choice":"Take Damage","floor":3,"damage_taken":0},{"event_name":"Golden Wing","player_choice":"Card Removal","floor":5,"damage_taken":0},{"event_name":"The Mausoleum","player_choice":"Yes","floor":19,"damage_taken":0},{"event_name":"Cursed Tome","player_choice":"Obtained Book","floor":20,"damage_taken":0}],"boss_relics":[{"not_picked":["Lizard Tail","Velvet Choker"],"picked":"Mark of Pain"}],"potions_floor_spawned":[4,11,13,18,21],"seed_played":"-189024315372937457","killed_by":"Slaver and Parasite","ascension_level":6,"is_trial":false}