{"path_per_floor":["M","?","M","?","?","E","M","R","T","$","E","R","M","E","R"],"character_chosen":"IRONCLAD","items_purchased":["Flex","Bronze Scales"],"gold_per_floor":[118,118,136,211,211,243,263,263,263,16,46,46,59,87,87,87],"floor_reached":16,"campfire_rested":3,"playtime":602,"item_purchase_floors":[10,10],"current_hp_per_floor":[72,72,70,59,59,33,37,61,61,61,24,48,36,9,33,0],"items_purged":["Strike_R"],"gold":87,"score":165,"play_id":"90c4135b-5fd5-4309-9c06-5e74fc18d34c","local_time":"20180622194346","is_prod":false,"is_daily":false,"chose_seed":false,"is_ascension_mode":true,"campfire_upgraded":0,"win_rate":0,"timestamp":1529685826,"campfire_choices":[{"floor":8,"key":"REST"},{"floor":12,"key":"REST"},{"floor":15,"key":"REST"}],"path_taken":["M","?","M","?","?","E","M","R","T","$","E","R","M","E","R","BOSS"],"build_version":"2018-06-21","seed_source_timestamp":37914744959038,"purchased_purges":1,"circlet_count":0,"victory":false,"master_deck":["Strike_R","Strike_R","Strike_R","Strike_R","Defend_R","Defend_R","Defend_R","Defend_R","Bash","Disarm","Flex","Regret","Shockwave","Shockwave","Flex","Seeing Red","Reaper"],"max_hp_per_floor":[80,80,80,80,80,80,80,80,80,80,80,80,82,82,82,82],"relics":["Burning Blood","Dodecahedron","Blood Vial","Singing Bowl","Bronze Scales","Shuriken","Happy Flower"],"card_choices":[{"not_picked":["Shrug It Off","Infernal Blade"],"picked":"Disarm","floor":1},{"not_picked":["Sword Boomerang","Thunderclap"],"picked":"Flex","floor":3},{"not_picked":["Blood for Blood","Dual Wield"],"picked":"Shockwave","floor":6},{"not_picked":["Dropkick","Fire Breathing"],"picked":"Shockwave","floor":7},{"not_picked":["Warcry","Cleave"],"picked":"Seeing Red","floor":11},{"not_picked":["Rupture","Dual Wield","Pommel Strike"],"picked":"Singing Bowl","floor":13},{"not_picked":["Clash","Power Through"],"picked":"Reaper","floor":14}],"player_experience":292189,"potions_floor_usage":[6,6,6,13,16],"damage_taken":[{"damage":6,"enemies":"Cultist","floor":1,"turns":3},{"damage":8,"enemies":"2 Louse","floor":3,"turns":3},{"damage":32,"enemies":"3 Sentries","floor":6,"turns":7},{"damage":4,"enemies":"Small Slimes","floor":7,"turns":4},{"damage":45,"enemies":"Lagavulin","floor":11,"turns":6},{"damage":22,"enemies":"Exordium Wildlife","floor":13,"turns":6},{"damage":35,"enemies":"3 Sentries","floor":14,"turns":8},{"damage":55,"enemies":"The Guardian","floor":16,"turns":10}],"relics_obtained":[{"floor":6,"key":"Blood Vial"},{"floor":9,"key":"Singing Bowl"},{"floor":11,"key":"Shuriken"},{"floor":14,"key":"Happy Flower"}],"event_choices":[{"event_name":"The Lab","player_choice":"Got Potions","floor":2,"damage_taken":0},{"event_name":"World of Goop","player_choice":"Gather Gold","floor":4,"damage_taken":0},{"event_name":"Big Fish","player_choice":"Box","floor":5,"damage_taken":0}],"boss_relics":[],"items_purged_floors":[10],"is_endless":false,"potions_floor_spawned":[1,6,7,11],"seed_played":"4445550106909407175","killed_by":"The Guardian","ascension_level":8,"potions_obtained":[{"floor":1,"key":"FearPotion"},{"floor":2,"key":"Poison Potion"},{"floor":2,"key":"Poison Potion"},{"floor":2,"key":"LiquidBronze"},{"floor":6,"key":"Energy Potion"},{"floor":7,"key":"FearPotion"},{"floor":11,"key":"FairyPotion"}],"is_trial":false}