{"gold_per_floor":[366,516,441,460,460,460,15,15,15,27,27,45,120,120,120,120],"floor_reached":16,"playtime":952,"items_purged":["Normality"],"score":172,"play_id":"486f434e-a5e7-41cb-91f8-848f5d0abb3d","local_time":"20190710234423","is_ascension_mode":true,"campfire_choices":[{"data":"Well Laid Plans","floor":6,"key":"SMITH"},{"data":"Crippling Poison","floor":11,"key":"SMITH"},{"data":"Footwork","floor":15,"key":"SMITH"}],"neow_cost":"CURSE","seed_source_timestamp":526896026622458,"circlet_count":0,"master_deck":["AscendersBane","Strike_G","Strike_G","Strike_G","Strike_G","Strike_G","Defend_G","Defend_G","Defend_G","Defend_G","Defend_G","Survivor","Neutralize","Footwork+1","Well Laid Plans+1","Crippling Poison+1","PiercingWail"],"relics":["Ring of the Snake","Orichalcum","Matryoshka","Potion Belt","Blood Vial","Dodecahedron"],"potions_floor_usage":[16,16],"damage_taken":[{"damage":11,"enemies":"Small Slimes","floor":1,"turns":5},{"damage":7,"enemies":"2 Louse","floor":4,"turns":5},{"damage":0,"enemies":"Jaw Worm","floor":10,"turns":6},{"damage":11,"enemies":"Large Slime","floor":12,"turns":11},{"damage":43,"enemies":"Hexaghost","floor":16,"turns":15}],"seed_played":"-2696435298082341903","potions_obtained":[{"floor":4,"key":"FearPotion"},{"floor":12,"key":"SkillPotion"}],"is_trial":false,"path_per_floor":["M","?","$","M","?","R","$","?","T","M","R","M","?","?","R","B"],"character_chosen":"THE_SILENT","items_purchased":["Orichalcum","Matryoshka"],"campfire_rested":0,"item_purchase_floors":[7,7],"current_hp_per_floor":[48,48,48,41,34,34,34,56,56,58,58,49,38,33,33,0],"gold":120,"neow_bonus":"TWO_FIFTY_GOLD","is_prod":false,"is_daily":false,"chose_seed":false,"campfire_upgraded":3,"win_rate":0,"timestamp":1562816663,"path_taken":["M","?","$","M","?","R","$","?","T","M","R","?","?","?","R","BOSS"],"build_version":"2019-07-05","purchased_purges":1,"victory":false,"max_hp_per_floor":[66,66,66,66,66,66,66,66,66,66,66,66,66,66,66,66],"card_choices":[{"not_picked":["Slice","Backflip"],"picked":"Footwork","floor":1},{"not_picked":["Quick Slash","Poisoned Stab"],"picked":"Well Laid Plans","floor":4},{"not_picked":["Underhanded Strike","Flying Knee"],"picked":"Crippling Poison","floor":10},{"not_picked":["Dodge and Roll","Footwork"],"picked":"PiercingWail","floor":12}],"player_experience":2448672,"relics_obtained":[{"floor":9,"key":"Potion Belt"},{"floor":9,"key":"Blood Vial"}],"event_choices":[{"damage_healed":0,"gold_gain":150,"player_choice":"AGREE","damage_taken":0,"max_hp_gain":0,"max_hp_loss":0,"event_name":"Liars Game","floor":2,"gold_loss":0,"cards_obtained":["Doubt"]},{"cards_removed":["Doubt"],"damage_healed":0,"gold_gain":0,"player_choice":"Card Removal","damage_taken":7,"max_hp_gain":0,"max_hp_loss":0,"event_name":"Golden Wing","floor":5,"gold_loss":0},{"damage_healed":22,"gold_gain":0,"player_choice":"Banana","damage_taken":0,"max_hp_gain":0,"max_hp_loss":0,"event_name":"Big Fish","floor":8,"gold_loss":0},{"damage_healed":0,"gold_gain":75,"player_choice":"Gather Gold","damage_taken":11,"max_hp_gain":0,"max_hp_loss":0,"event_name":"World of Goop","floor":13,"gold_loss":0},{"damage_healed":0,"gold_gain":0,"player_choice":"Success","damage_taken":5,"relics_obtained":["Dodecahedron"],"max_hp_gain":0,"max_hp_loss":0,"event_name":"Scrap Ooze","floor":14,"gold_loss":0}],"is_beta":false,"boss_relics":[],"items_purged_floors":[3],"is_endless":false,"potions_floor_spawned":[4,12],"killed_by":"Hexaghost","ascension_level":19}