{"gold_per_floor":[10,27,27,44,54,54,83,96,96,113,113,141,157,174,174,174],"floor_reached":16,"playtime":535,"items_purged":[],"score":203,"play_id":"aa2c6a11-406e-441c-ba4a-eae8f77e1afe","local_time":"20190530194910","is_ascension_mode":true,"campfire_choices":[{"data":"Heavy Blade","floor":6,"key":"SMITH"},{"floor":11,"key":"REST"},{"floor":15,"key":"REST"}],"neow_cost":"NO_GOLD","seed_source_timestamp":44621156435300,"circlet_count":0,"master_deck":["AscendersBane","Strike_R","Strike_R","Strike_R","Strike_R","Strike_R","Defend_R","Defend_R","Defend_R","Defend_R","Bash","Heavy Blade+1","Bloodletting","Heavy Blade","Feed","Shockwave","Limit Break","Uppercut"],"relics":["Burning Blood","Lantern","The Courier","Letter Opener"],"potions_floor_usage":[7,8,10],"damage_taken":[{"damage":12,"enemies":"Small Slimes","floor":1,"turns":4},{"damage":11,"enemies":"Cultist","floor":2,"turns":4},{"damage":14,"enemies":"Jaw Worm","floor":4,"turns":4},{"damage":14,"enemies":"3 Louse","floor":5,"turns":3},{"damage":48,"enemies":"3 Sentries","floor":7,"turns":8},{"damage":9,"enemies":"Looter","floor":8,"turns":3},{"damage":3,"enemies":"2 Fungi Beasts","floor":10,"turns":2},{"damage":32,"enemies":"Gremlin Nob","floor":12,"turns":4},{"damage":15,"enemies":"3 Louse","floor":13,"turns":4},{"damage":10,"enemies":"Large Slime","floor":14,"turns":5},{"damage":62,"enemies":"Slime Boss","floor":16,"turns":7}],"seed_played":"2606785909031019443","potions_obtained":[{"floor":5,"key":"Regen Potion"},{"floor":7,"key":"Strength Potion"},{"floor":8,"key":"Swift Potion"},{"floor":12,"key":"GamblersBrew"}],"is_trial":false,"path_per_floor":["M","M","?","M","M","R","E","M","T","M","R","E","M","M","R","B"],"character_chosen":"IRONCLAD","items_purchased":[],"campfire_rested":2,"item_purchase_floors":[],"current_hp_per_floor":[62,57,85,77,69,69,42,39,39,42,67,41,35,34,61,0],"gold":174,"neow_bonus":"THREE_RARE_CARDS","is_prod":false,"is_daily":false,"chose_seed":false,"campfire_upgraded":1,"win_rate":0,"timestamp":1559234950,"path_taken":["M","M","?","M","?","R","E","M","T","M","R","E","M","M","R","BOSS"],"build_version":"2019-01-23","purchased_purges":0,"victory":false,"max_hp_per_floor":[75,75,85,85,85,85,85,85,85,85,85,85,88,91,91,91],"card_choices":[{"not_picked":["Dark Embrace","Brutality"],"picked":"Exhume","floor":0},{"not_picked":["Wild Strike","Warcry"],"picked":"Heavy Blade","floor":1},{"not_picked":["Armaments","Sword Boomerang","Havoc"],"picked":"SKIP","floor":2},{"not_picked":["Havoc","Perfected Strike"],"picked":"Bloodletting","floor":4},{"not_picked":["Perfected Strike","Sword Boomerang"],"picked":"Heavy Blade","floor":5},{"not_picked":["Dropkick","Whirlwind"],"picked":"Feed","floor":7},{"not_picked":["Warcry","True Grit"],"picked":"Shockwave","floor":8},{"not_picked":["Twin Strike","Wild Strike","Heavy Blade"],"picked":"SKIP","floor":10},{"not_picked":["Warcry","Twin Strike","Evolve"],"picked":"SKIP","floor":12},{"not_picked":["Flex","Clothesline"],"picked":"Limit Break","floor":13},{"not_picked":["Battle Trance","Warcry"],"picked":"Uppercut","floor":14}],"player_experience":622663,"relics_obtained":[{"floor":7,"key":"Lantern"},{"floor":9,"key":"The Courier"},{"floor":12,"key":"Letter Opener"}],"event_choices":[{"cards_removed":["Exhume"],"damage_healed":18,"gold_gain":0,"player_choice":"Offered Rare","damage_taken":0,"max_hp_gain":10,"max_hp_loss":0,"event_name":"Bonfire Elementals","floor":3,"gold_loss":0}],"is_beta":false,"boss_relics":[],"items_purged_floors":[],"is_endless":false,"potions_floor_spawned":[5,7,8,12],"killed_by":"Slime Boss","ascension_level":15}