{"gold_per_floor":[112,112,132,18,35,35,69,69,146,173,173,191,206,234,234,337,337,302,316,316,333,346,346,346],"floor_reached":24,"playtime":6904,"items_purged":["Strike_R"],"score":218,"play_id":"391b0869-0b83-4117-a688-2630402050da","local_time":"20181112000945","is_ascension_mode":false,"campfire_choices":[{"data":"Metallicize","floor":6,"key":"SMITH"},{"data":"Berserk","floor":8,"key":"SMITH"},{"data":"Metallicize","floor":11,"key":"SMITH"},{"floor":15,"key":"REST"},{"floor":23,"key":"REST"}],"neow_cost":"NONE","seed_source_timestamp":2785031873837618,"circlet_count":0,"master_deck":["Strike_R","Strike_R","Strike_R","Strike_R","Defend_R","Defend_R+1","Defend_R+1","Defend_R","Bash","Metallicize+1","Metallicize+1","Rage","Iron Wave","Berserk+1","Clash","Sever Soul","Shrug It Off","Fiend Fire","Demon Form+1","Fire Breathing+1","True Grit+1","Writhe","Rage","Armaments","Feel No Pain+1","Metallicize+1"],"relics":["Burning Blood","War Paint","Frozen Egg 2","Paper Frog","Happy Flower","Prayer Wheel"],"potions_floor_usage":[7,7,10,16,21,22],"damage_taken":[{"damage":6,"enemies":"2 Louse","floor":1,"turns":3},{"damage":6,"enemies":"Cultist","floor":3,"turns":4},{"damage":0,"enemies":"Small Slimes","floor":5,"turns":3},{"damage":21,"enemies":"Gremlin Nob","floor":7,"turns":5},{"damage":22,"enemies":"3 Sentries","floor":10,"turns":15},{"damage":1,"enemies":"3 Louse","floor":12,"turns":4},{"damage":6,"enemies":"Gremlin Gang","floor":13,"turns":4},{"damage":35,"enemies":"Lagavulin","floor":14,"turns":7},{"damage":19,"enemies":"The Guardian","floor":16,"turns":9},{"damage":37,"enemies":"2 Thieves","floor":18,"turns":5},{"damage":10,"enemies":"Chosen","floor":19,"turns":6},{"damage":18,"enemies":"Centurion and Healer","floor":21,"turns":8},{"damage":7,"enemies":"Sentry and Sphere","floor":22,"turns":5},{"damage":56,"enemies":"Book of Stabbing","floor":24,"turns":6}],"seed_played":"3773225650776030798","potions_obtained":[{"floor":1,"key":"Explosive Potion"},{"floor":5,"key":"Explosive Potion"},{"floor":7,"key":"BloodPotion"},{"floor":14,"key":"Weak Potion"},{"floor":16,"key":"PowerPotion"},{"floor":21,"key":"SteroidPotion"}],"is_trial":false,"path_per_floor":["M","?","M","$","M","R","E","R","T","E","R","M","M","E","R","B",null,"M","M","?","M","M","R","E"],"character_chosen":"IRONCLAD","items_purchased":["Rage"],"campfire_rested":2,"item_purchase_floors":[4],"current_hp_per_floor":[80,80,80,80,80,80,65,65,65,57,57,62,62,33,57,44,80,49,45,45,33,32,56,0],"gold":346,"neow_bonus":"RANDOM_COLORLESS","is_prod":false,"is_daily":false,"chose_seed":false,"campfire_upgraded":3,"win_rate":0.0,"timestamp":1542002985,"path_taken":["M","?","M","$","M","R","E","R","T","E","R","M","?","E","R","BOSS","M","M","?","M","M","R","E"],"build_version":"2018-11-08","purchased_purges":1,"victory":false,"max_hp_per_floor":[80,80,80,80,80,80,80,80,80,80,80,80,80,80,80,80,80,80,80,80,80,80,80,80],"card_choices":[{"not_picked":["Perfected Strike","Clash"],"picked":"Metallicize","floor":1},{"not_picked":["Clothesline","Dropkick"],"picked":"Metallicize","floor":3},{"not_picked":["Entrench","Warcry"],"picked":"Iron Wave","floor":5},{"not_picked":["Shockwave","Pommel Strike"],"picked":"Berserk","floor":7},{"not_picked":["Sword Boomerang","Fiend Fire"],"picked":"Clash","floor":10},{"not_picked":["Shrug It Off","Reckless Charge"],"picked":"Sever Soul","floor":12},{"not_picked":["Body Slam","Perfected Strike"],"picked":"Shrug It Off","floor":13},{"not_picked":["Bludgeon","Sword Boomerang"],"picked":"Fiend Fire","floor":14},{"not_picked":["Offering","Feed"],"picked":"Demon Form+1","floor":16},{"not_picked":["Flame Barrier","Twin Strike"],"picked":"Fire Breathing+1","floor":18},{"not_picked":["Sword Boomerang","Power Through"],"picked":"True Grit+1","floor":19},{"not_picked":["Shrug It Off","Cleave"],"picked":"Rage","floor":21},{"not_picked":["Cleave","Perfected Strike"],"picked":"Armaments","floor":21},{"not_picked":["Power Through","Cleave"],"picked":"Feel No Pain+1","floor":22},{"not_picked":["Clothesline","Warcry+1"],"picked":"Metallicize+1","floor":22}],"player_experience":126432,"relics_obtained":[{"floor":7,"key":"War Paint"},{"floor":9,"key":"Frozen Egg 2"},{"floor":10,"key":"Paper Frog"},{"floor":14,"key":"Happy Flower"}],"event_choices":[{"cards_removed":["Blind"],"damage_healed":0,"gold_gain":0,"player_choice":"Offered Uncommon","damage_taken":0,"max_hp_gain":0,"max_hp_loss":0,"event_name":"Bonfire Elementals","floor":2,"gold_loss":0},{"damage_healed":0,"gold_gain":0,"player_choice":"Opened","damage_taken":0,"relics_obtained":["Prayer Wheel"],"max_hp_gain":0,"max_hp_loss":0,"event_name":"The Mausoleum","floor":20,"gold_loss":0,"cards_obtained":["Writhe"]}],"is_beta":false,"boss_relics":[{"not_picked":[]}],"items_purged_floors":[4],"is_endless":false,"potions_floor_spawned":[1,5,7,14,16,21],"killed_by":"Book of Stabbing","ascension_level":0}