{"gold_per_floor":[362,362,388,407,420,420,420,431,515,542,542,542,124,149,149,149],"floor_reached":16,"playtime":1028,"items_purged":[],"score":205,"play_id":"1bdeb9be-8629-4941-9983-1fe7fad8d7b7","local_time":"20190706112427","is_ascension_mode":true,"campfire_choices":[{"data":"Deadly Poison","floor":6,"key":"SMITH"},{"floor":12,"key":"REST"},{"floor":15,"key":"REST"}],"neow_cost":"TEN_PERCENT_HP_LOSS","seed_source_timestamp":136821976007050,"circlet_count":0,"master_deck":["AscendersBane","Strike_G","Strike_G+1","Strike_G+1","Strike_G","Strike_G","Defend_G","Defend_G","Defend_G","Defend_G","Defend_G","Survivor","Neutralize","Sucker Punch","Deadly Poison+1","Deadly Poison","Malaise","Backflip","Leg Sweep"],"relics":["Ring of the Snake","Whetstone","Tiny Chest","Centennial Puzzle","Art of War","Juzu Bracelet","Du-Vu Doll"],"potions_floor_usage":[14,14],"damage_taken":[{"damage":4,"enemies":"2 Louse","floor":1,"turns":4},{"damage":2,"enemies":"Jaw Worm","floor":4,"turns":4},{"damage":0,"enemies":"Small Slimes","floor":5,"turns":3},{"damage":8,"enemies":"2 Fungi Beasts","floor":8,"turns":4},{"damage":44,"enemies":"3 Sentries","floor":10,"turns":11},{"damage":12,"enemies":"Lagavulin","floor":14,"turns":6},{"damage":36,"enemies":"Slime Boss","floor":16,"turns":7}],"seed_played":"2164182867363171804","potions_obtained":[{"floor":4,"key":"Poison Potion"}],"is_trial":false,"path_per_floor":["M","?","T","M","M","R","?","M","T","E","?","R","$","E","R","B"],"character_chosen":"THE_SILENT","items_purchased":["Art of War","Juzu Bracelet","Backflip","AttackPotion"],"campfire_rested":2,"item_purchase_floors":[13,13,13,13],"current_hp_per_floor":[55,55,55,53,53,53,58,50,50,6,6,25,25,13,32,0],"gold":149,"neow_bonus":"TWO_FIFTY_GOLD","is_prod":false,"is_daily":false,"chose_seed":false,"campfire_upgraded":1,"win_rate":0,"timestamp":1562426667,"path_taken":["M","?","?","M","M","R","?","M","T","E","?","R","$","E","R","BOSS"],"build_version":"2019-07-05","purchased_purges":0,"victory":false,"max_hp_per_floor":[60,60,60,60,60,60,65,65,65,65,65,65,65,65,65,65],"card_choices":[{"not_picked":["Cloak And Dagger","Accuracy","Deflect"],"picked":"SKIP","floor":1},{"not_picked":["Eviscerate","Caltrops"],"picked":"Sucker Punch","floor":4},{"not_picked":["Backflip","Blur"],"picked":"Deadly Poison","floor":5},{"not_picked":["Flying Knee","Finisher"],"picked":"Deadly Poison","floor":8},{"not_picked":["A Thousand Cuts","Quick Slash"],"picked":"Malaise","floor":10},{"not_picked":["Bane","Masterful Stab"],"picked":"Leg Sweep","floor":14}],"player_experience":2392525,"relics_obtained":[{"floor":3,"key":"Whetstone"},{"floor":9,"key":"Tiny Chest"},{"floor":10,"key":"Centennial Puzzle"},{"floor":14,"key":"Du-Vu Doll"}],"event_choices":[{"damage_healed":0,"gold_gain":0,"player_choice":"Ignored","damage_taken":0,"max_hp_gain":0,"max_hp_loss":0,"event_name":"Liars Game","floor":2,"gold_loss":0},{"damage_healed":0,"gold_gain":0,"player_choice":"Donut","damage_taken":0,"max_hp_gain":5,"max_hp_loss":0,"event_name":"Big Fish","floor":7,"gold_loss":0},{"damage_healed":0,"gold_gain":0,"player_choice":"Ignored","damage_taken":0,"max_hp_gain":0,"max_hp_loss":0,"event_name":"Shining Light","floor":11,"gold_loss":0}],"is_beta":false,"boss_relics":[],"items_purged_floors":[],"is_endless":false,"potions_floor_spawned":[4],"killed_by":"Slime Boss","ascension_level":18}