{"gold_per_floor":[115,115,40,60,60,60,88,88,388,417,417,429,429,444,444,542,542,560,576,596,606,620,620,620,620],"floor_reached":25,"playtime":748,"items_purged":["Decay"],"score":238,"play_id":"2027c650-92e4-409c-9c39-01ba1d5fb2e3","local_time":"20190628205231","is_ascension_mode":false,"campfire_choices":[{"data":"Ball Lightning","floor":6,"key":"SMITH"},{"data":"Zap","floor":8,"key":"SMITH"},{"data":"Sweeping Beam","floor":15,"key":"SMITH"},{"floor":23,"key":"REST"}],"neow_cost":"NONE","seed_source_timestamp":43345998258908,"circlet_count":0,"master_deck":["Strike_B","Defend_B","Defend_B","Defend_B","Zap+1","Dualcast","Gash","Ball Lightning+1","Sweeping Beam+1","White Noise","Double Energy","Reboot","Conserve Battery","Capacitor+1","Self Repair+1","Leap+1","Hologram","Genetic Algorithm"],"relics":["Cracked Core","NeowsBlessing","PreservedInsect","Old Coin","Potion Belt","Fusion Hammer"],"potions_floor_usage":[10,16,21],"damage_taken":[{"damage":0,"enemies":"Jaw Worm","floor":1,"turns":1},{"damage":0,"enemies":"Cultist","floor":4,"turns":1},{"damage":0,"enemies":"Gremlin Nob","floor":7,"turns":1},{"damage":14,"enemies":"3 Sentries","floor":10,"turns":5},{"damage":0,"enemies":"Small Slimes","floor":12,"turns":2},{"damage":0,"enemies":"Looter","floor":14,"turns":1},{"damage":26,"enemies":"Hexaghost","floor":16,"turns":8},{"damage":0,"enemies":"Chosen","floor":18,"turns":3},{"damage":12,"enemies":"Spheric Guardian","floor":19,"turns":4},{"damage":15,"enemies":"Shelled Parasite and Fungi","floor":20,"turns":5},{"damage":11,"enemies":"Centurion and Healer","floor":21,"turns":4},{"damage":35,"enemies":"3 Cultists","floor":22,"turns":5},{"damage":51,"enemies":"Slavers","floor":25,"turns":4}],"seed_played":"681960672126633508","potions_obtained":[{"floor":4,"key":"Block Potion"},{"floor":12,"key":"Block Potion"},{"floor":16,"key":"Explosive Potion"},{"floor":19,"key":"Poison Potion"},{"floor":20,"key":"FearPotion"},{"floor":22,"key":"Weak Potion"}],"is_trial":false,"path_per_floor":["M","?","$","M","$","R","E","R","T","E","?","M","?","M","R","B",null,"M","M","M","M","M","R","?","E"],"character_chosen":"DEFECT","items_purchased":[],"campfire_rested":1,"item_purchase_floors":[],"current_hp_per_floor":[75,75,75,75,75,75,75,75,75,61,54,54,54,54,54,28,75,75,63,48,47,22,44,44,0],"gold":620,"neow_bonus":"THREE_ENEMY_KILL","is_prod":false,"is_daily":false,"chose_seed":false,"campfire_upgraded":3,"win_rate":0,"timestamp":1561747951,"path_taken":["M","?","$","?","?","R","E","R","T","E","?","M","?","M","R","BOSS","M","M","?","M","M","R","?","E"],"build_version":"2019-01-23","purchased_purges":1,"victory":false,"max_hp_per_floor":[75,75,75,75,75,75,75,75,75,75,75,75,75,75,75,75,75,75,75,75,75,75,75,75,75],"card_choices":[{"not_picked":["Barrage","Darkness"],"picked":"Gash","floor":1},{"not_picked":["Steam","Undo"],"picked":"Ball Lightning","floor":4},{"not_picked":["Consume","All For One","Barrage"],"picked":"SKIP","floor":7},{"not_picked":["Barrage","Turbo"],"picked":"Sweeping Beam","floor":10},{"not_picked":["Redo","Cold Snap"],"picked":"White Noise","floor":12},{"not_picked":["Reprogram","Coolheaded"],"picked":"Double Energy","floor":14},{"not_picked":["Multi-Cast","Creative AI"],"picked":"Reboot","floor":16},{"not_picked":["Blizzard","Barrage"],"picked":"Conserve Battery","floor":18},{"not_picked":["Turbo","Stack"],"picked":"Capacitor+1","floor":19},{"not_picked":["Redo","BootSequence"],"picked":"Self Repair+1","floor":20},{"not_picked":["Doom and Gloom","Creative AI","Stack"],"picked":"SKIP","floor":21},{"not_picked":["Stack","Sweeping Beam"],"picked":"Leap+1","floor":22}],"player_experience":14664,"relics_obtained":[{"floor":7,"key":"PreservedInsect"},{"floor":9,"key":"Old Coin"},{"floor":10,"key":"Potion Belt"}],"event_choices":[{"damage_healed":0,"gold_gain":0,"player_choice":"Cursed","damage_taken":0,"max_hp_gain":0,"max_hp_loss":0,"event_name":"Wheel of Change","floor":2,"gold_loss":0,"cards_obtained":["Decay"]},{"cards_removed":["Strike_B"],"damage_healed":0,"gold_gain":0,"player_choice":"Card Removal","damage_taken":7,"max_hp_gain":0,"max_hp_loss":0,"event_name":"Golden Wing","floor":11,"gold_loss":0},{"cards_removed":["Strike_B"],"damage_healed":0,"gold_gain":0,"player_choice":"Offered Basic","damage_taken":0,"max_hp_gain":0,"max_hp_loss":0,"event_name":"Bonfire Elementals","floor":13,"gold_loss":0},{"damage_healed":0,"gold_gain":0,"cards_transformed":["Strike_B","Defend_B"],"player_choice":"Became Test Subject","damage_taken":0,"max_hp_gain":0,"max_hp_loss":0,"event_name":"Drug Dealer","floor":24,"gold_loss":0,"cards_obtained":["Hologram","Genetic Algorithm"]}],"is_beta":false,"boss_relics":[{"not_picked":["Eternal Feather","Lizard Tail"],"picked":"Fusion Hammer"}],"items_purged_floors":[3],"is_endless":false,"potions_floor_spawned":[4,12,16,19,20,22],"killed_by":"Slavers","ascension_level":0}