{"gold_per_floor":[109,109,109,125,138,163,163,177,177,177,177,191,244,275,275,275],"floor_reached":16,"playtime":526,"items_purged":[],"score":182,"play_id":"e334110a-d86d-4518-94a5-fcab9fcc4821","local_time":"20190404212226","is_ascension_mode":true,"campfire_choices":[{"floor":7,"key":"REST"},{"floor":10,"key":"RECALL"},{"floor":15,"key":"REST"}],"neow_cost":"PERCENT_DAMAGE","seed_source_timestamp":48388894192400,"circlet_count":0,"master_deck":["AscendersBane","Strike_R","Strike_R","Strike_R","Strike_R","Defend_R","Defend_R","Defend_R","Bash","Metallicize","Pommel Strike","Cleave","Pommel Strike","Thunderclap","Pommel Strike"],"relics":["Burning Blood","Gambling Chip","Unceasing Top","PreservedInsect","Letter Opener"],"potions_floor_usage":[12],"damage_taken":[{"damage":6,"enemies":"Cultist","floor":1,"turns":4},{"damage":5,"enemies":"2 Louse","floor":4,"turns":4},{"damage":12,"enemies":"Jaw Worm","floor":5,"turns":4},{"damage":27,"enemies":"3 Sentries","floor":6,"turns":9},{"damage":11,"enemies":"Large Slime","floor":8,"turns":6},{"damage":4,"enemies":"3 Louse","floor":12,"turns":3},{"damage":16,"enemies":"Gremlin Nob","floor":14,"turns":3},{"damage":53,"enemies":"Hexaghost","floor":16,"turns":9}],"seed_played":"3835358946180582811","potions_obtained":[{"floor":8,"key":"Block Potion"}],"is_trial":false,"path_per_floor":["M","$","?","M","M","E","R","M","T","R","?","M","T","E","R","B"],"character_chosen":"IRONCLAD","items_purchased":[],"campfire_rested":2,"item_purchase_floors":[],"current_hp_per_floor":[51,51,51,52,46,25,49,44,44,44,37,39,39,29,53,0],"gold":275,"neow_bonus":"ONE_RARE_RELIC","is_prod":false,"is_daily":false,"chose_seed":false,"campfire_upgraded":0,"win_rate":0,"timestamp":1554402146,"path_taken":["M","$","?","M","M","E","R","?","T","R","?","M","?","E","R","BOSS"],"build_version":"2019-01-23","purchased_purges":0,"victory":false,"max_hp_per_floor":[80,80,80,80,80,80,80,80,80,80,80,80,80,80,80,80],"card_choices":[{"not_picked":["Headbutt","Clothesline"],"picked":"Metallicize","floor":1},{"not_picked":["Clash","Body Slam"],"picked":"Pommel Strike","floor":4},{"not_picked":["Body Slam","Sword Boomerang"],"picked":"Cleave","floor":5},{"not_picked":["Sword Boomerang","Sever Soul"],"picked":"Pommel Strike","floor":6},{"not_picked":["Perfected Strike","Searing Blow"],"picked":"Thunderclap","floor":8},{"not_picked":["Blood for Blood","Clash","Havoc"],"picked":"SKIP","floor":12},{"not_picked":["Bloodletting","Sever Soul"],"picked":"Pommel Strike","floor":14}],"player_experience":523685,"relics_obtained":[{"floor":6,"key":"Unceasing Top"},{"floor":13,"key":"PreservedInsect"},{"floor":14,"key":"Letter Opener"}],"event_choices":[{"cards_removed":["Defend_R"],"damage_healed":0,"gold_gain":0,"player_choice":"Offered Basic","damage_taken":0,"max_hp_gain":0,"max_hp_loss":0,"event_name":"Bonfire Elementals","floor":3,"gold_loss":0},{"cards_removed":["Strike_R"],"damage_healed":0,"gold_gain":0,"player_choice":"Card Removal","damage_taken":7,"max_hp_gain":0,"max_hp_loss":0,"event_name":"Golden Wing","floor":11,"gold_loss":0}],"is_beta":false,"boss_relics":[],"items_purged_floors":[],"is_endless":false,"potions_floor_spawned":[8],"killed_by":"Hexaghost","ascension_level":13}