{"gold_per_floor":[116,116,132,146,2,28,28,45,45,374,85,85,35,45,45,148,148,160,70,70,85,62,93,93,43,90,140,190,190],"floor_reached":29,"playtime":713,"items_purged":["Doubt","Defend_R"],"score":384,"play_id":"45ee5846-dd5c-4a56-a587-7ef973b4916d","local_time":"20180824140749","is_ascension_mode":true,"campfire_choices":[{"data":"Bloodletting","floor":7,"key":"SMITH"},{"data":"Flex","floor":12,"key":"SMITH"},{"data":"Flex","floor":15,"key":"SMITH"}],"neow_cost":"CURSE","seed_source_timestamp":710601419838802,"circlet_count":0,"master_deck":["Strike_R","Strike_R","Strike_R","Defend_R+1","Whirlwind+1","Flex+1","Double Tap","Bloodletting+1","Spot Weakness","Spot Weakness","Thunderclap","Flex+1","Offering","Flex","Limit Break"],"relics":["Burning Blood","Bird Faced Urn","Pantograph","Du-Vu Doll","Old Coin","Unceasing Top","Empty Cage","Turnip","SsserpentHead","Blood Vial","Nilry\u0027s Codex"],"potions_floor_usage":[4,10,16,16,21,29],"damage_taken":[{"damage":4,"enemies":"Small Slimes","floor":1,"turns":4},{"damage":7,"enemies":"2 Louse","floor":3,"turns":2},{"damage":14,"enemies":"Jaw Worm","floor":4,"turns":5},{"damage":20,"enemies":"Gremlin Nob","floor":6,"turns":4},{"damage":18,"enemies":"Red Slaver","floor":8,"turns":3},{"damage":15,"enemies":"3 Sentries","floor":10,"turns":3},{"damage":17,"enemies":"Exordium Thugs","floor":14,"turns":4},{"damage":43,"enemies":"The Guardian","floor":16,"turns":8},{"damage":18,"enemies":"Shell Parasite","floor":18,"turns":2},{"damage":20,"enemies":"2 Thieves","floor":21,"turns":2},{"damage":6,"enemies":"Slavers","floor":23,"turns":1},{"damage":28,"enemies":"Book of Stabbing","floor":29,"turns":2}],"seed_played":"4636001390260008566","potions_obtained":[{"floor":3,"key":"Regen Potion"},{"floor":8,"key":"BloodPotion"},{"floor":10,"key":"SpeedPotion"},{"floor":14,"key":"Weak Potion"},{"floor":18,"key":"Explosive Potion"},{"floor":23,"key":"Fire Potion"}],"is_trial":false,"path_per_floor":["M","?","M","M","$","E","R","M","T","E","$","R","?","M","R","B",null,"M","?","$","M","$","E","?","$","T","?","?"],"character_chosen":"IRONCLAD","items_purchased":["Bloodletting","Unceasing Top","Flex"],"campfire_rested":0,"item_purchase_floors":[5,11,22],"current_hp_per_floor":[74,74,73,79,79,65,65,53,53,52,52,52,52,41,41,29,67,55,55,55,41,41,41,41,41,41,41,25,0],"gold":190,"neow_bonus":"ONE_RARE_RELIC","is_prod":false,"is_daily":false,"chose_seed":false,"campfire_upgraded":3,"win_rate":0,"timestamp":1535108869,"path_taken":["M","?","?","M","?","E","R","M","T","E","$","R","?","M","R","BOSS","M","?","?","?","$","E","?","?","T","?","?","E"],"build_version":"2018-08-23v2","purchased_purges":2,"victory":false,"max_hp_per_floor":[80,80,80,80,80,80,80,80,80,80,80,80,80,80,80,80,80,80,80,80,80,80,80,80,80,80,80,80,80],"card_choices":[{"not_picked":["Headbutt","Twin Strike"],"picked":"Whirlwind","floor":1},{"not_picked":["Wild Strike","Combust"],"picked":"Flex","floor":3},{"not_picked":["Corruption","Pommel Strike"],"picked":"Double Tap","floor":4},{"not_picked":["Power Through","Havoc"],"picked":"Spot Weakness","floor":6},{"not_picked":["Reckless Charge","Headbutt"],"picked":"Spot Weakness","floor":8},{"not_picked":["Flex","Havoc"],"picked":"Thunderclap","floor":10},{"not_picked":["Pummel","Burning Pact"],"picked":"Flex","floor":14},{"not_picked":["Demon Form","Limit Break"],"picked":"Offering","floor":16},{"not_picked":["Dual Wield+1","Rupture","Iron Wave+1"],"picked":"SKIP","floor":18},{"not_picked":["Power Through","Infernal Blade","True Grit"],"picked":"SKIP","floor":21},{"not_picked":["Evolve","Body Slam","Shrug It Off+1"],"picked":"SKIP","floor":23}],"player_experience":345391,"relics_obtained":[{"floor":6,"key":"Pantograph"},{"floor":9,"key":"Du-Vu Doll"},{"floor":10,"key":"Old Coin"},{"floor":23,"key":"Turnip"},{"floor":26,"key":"Blood Vial"},{"floor":28,"key":"Nilry\u0027s Codex"}],"event_choices":[{"event_name":"Living Wall","player_choice":"Grow","floor":2,"damage_taken":0},{"event_name":"The Cleric","player_choice":"Card Removal","floor":13,"damage_taken":0},{"event_name":"Designer","player_choice":"Full Service","floor":19,"damage_taken":0},{"event_name":"FaceTrader","player_choice":"Trade","floor":24,"damage_taken":0},{"event_name":"Transmorgrifier","player_choice":"Transform","floor":27,"damage_taken":0},{"event_name":"Cursed Tome","player_choice":"Obtained Book","floor":28,"damage_taken":0}],"is_beta":false,"boss_relics":[{"not_picked":["Astrolabe","Fusion Hammer"],"picked":"Empty Cage"}],"items_purged_floors":[5,25],"is_endless":false,"potions_floor_spawned":[3,8,10,14,18,23],"killed_by":"Book of Stabbing","ascension_level":8}