{"path_per_floor":["M","$","?","?","M","M","?","E","T","M","R","M","M","M","R","B",null,"M","?","?","$","M","R","E","R","T","?","M","M"],"character_chosen":"THE_SILENT","items_purchased":["Infinite Blades","Lee\u0027s Waffle"],"gold_per_floor":[114,76,151,151,164,181,181,213,289,309,309,328,338,348,348,443,443,430,430,430,222,238,238,271,271,271,186,202,220],"floor_reached":30,"campfire_rested":0,"playtime":3258,"current_hp_per_floor":[70,70,59,59,53,53,53,50,50,41,41,43,43,38,38,25,70,37,24,24,82,71,71,38,38,38,38,34,33],"items_purged":[],"gold":220,"score":252,"play_id":"79058ae7-da3a-4ad6-9cc8-76a212d3ca3e","local_time":"20180306222210","is_prod":false,"is_daily":false,"is_ascension_mode":false,"campfire_upgraded":4,"timestamp":1520367730,"path_taken":["M","$","?","?","M","M","?","E","T","M","R","M","?","?","R","BOSS","M","?","?","$","M","R","E","R","T","?","M","?","M"],"build_version":"2018-03-01-PROD1","purchased_purges":1,"victory":false,"master_deck":["Defend_G","Defend_G","Defend_G","Defend_G","Defend_G","Strike_G","Strike_G","Strike_G","Strike_G","Strike_G","Neutralize","Noxious Fumes+1","Infinite Blades","Dash","Outmaneuver","Envenom+1","Expertise","Deadly Poison","Poisoned Stab","Prepared","Burst","Poisoned Stab","Poisoned Stab","Crippling Poison+1","PiercingWail","All Out Attack","Deadly Poison","Malaise","Die Die Die+1","PiercingWail","Deadly Poison+1"],"max_hp_per_floor":[70,70,70,70,70,70,70,70,70,70,70,70,70,70,70,70,70,70,75,75,82,82,82,82,82,82,82,82,82],"relics":["Ring of the Snake","Kunai","Meat on the Bone","Orrery","Lee\u0027s Waffle","Toolbox","Girya","Ancient Tea Set"],"card_choices":[{"not_picked":["Underhanded Strike","Terror"],"picked":"Noxious Fumes"},{"not_picked":["Acrobatics","Slice"],"picked":"Dash"},{"not_picked":["Dodge and Roll","Calculated Gamble"],"picked":"Outmaneuver"},{"not_picked":["Sucker Punch","Backstab"],"picked":"Envenom"},{"not_picked":["Footwork","Dodge and Roll"],"picked":"Expertise"},{"not_picked":["Deflect","Acrobatics"],"picked":"Deadly Poison"},{"not_picked":["Dagger Spray","Backflip"],"picked":"Poisoned Stab"},{"not_picked":["Underhanded Strike","Acrobatics"],"picked":"Prepared"},{"not_picked":["Adrenaline","Bullet Time"],"picked":"Burst"},{"not_picked":["Sucker Punch","Outmaneuver"],"picked":"Poisoned Stab"},{"not_picked":["Backstab","Deadly Poison"],"picked":"Poisoned Stab"},{"not_picked":["Backflip","Dagger Throw"],"picked":"Crippling Poison"},{"not_picked":["Heel Hook","Distraction"],"picked":"PiercingWail"},{"not_picked":["Quick Slash","Blade Dance"],"picked":"All Out Attack"},{"not_picked":["Slice","Flying Knee"],"picked":"Deadly Poison"},{"not_picked":["Dodge and Roll","Backflip"],"picked":"Malaise"},{"not_picked":["Heel Hook","Deadly Poison"],"picked":"Die Die Die"},{"not_picked":["Dagger Spray","Slice"],"picked":"PiercingWail"},{"not_picked":["Well Laid Plans","Acrobatics"],"picked":"Deadly Poison"}],"player_experience":10883,"potions_floor_usage":[8,16,16,16,24,24,24,28,30],"damage_taken":[{"damage":0,"enemies":"Cultist","floor":1,"turns":4},{"damage":6,"enemies":"Small Slimes","floor":5,"turns":4},{"damage":0,"enemies":"2 Louse","floor":6,"turns":4},{"damage":3,"enemies":"Gremlin Nob","floor":8,"turns":5},{"damage":9,"enemies":"Looter","floor":10,"turns":4},{"damage":10,"enemies":"Large Slime","floor":12,"turns":6},{"damage":12,"enemies":"Exordium Thugs","floor":13,"turns":6},{"damage":5,"enemies":"Looter","floor":14,"turns":4},{"damage":25,"enemies":"Slime Boss","floor":16,"turns":10},{"damage":33,"enemies":"2 Thieves","floor":18,"turns":4},{"damage":11,"enemies":"Chosen","floor":22,"turns":5},{"damage":60,"enemies":"Book of Stabbing","floor":24,"turns":8},{"damage":16,"enemies":"Centurion and Healer","floor":28,"turns":9},{"damage":13,"enemies":"Snecko","floor":29,"turns":6},{"damage":36,"enemies":"3 Cultists","floor":30,"turns":4}],"event_choices":[{"event_name":"World of Goop","player_choice":"Gather Gold","floor":3,"damage_taken":0},{"event_name":"Golden Wing","player_choice":"Ignored","floor":4,"damage_taken":0},{"event_name":"Bonfire Elementals","player_choice":"BASIC","floor":7,"damage_taken":0},{"event_name":"Forgotten Altar","player_choice":"Shed Blood","floor":19,"damage_taken":0},{"event_name":"The Lab","player_choice":"Got Potions","floor":20,"damage_taken":0},{"event_name":"Addict","player_choice":"Obtained Relic","floor":27,"damage_taken":0}],"boss_relics":[{"not_picked":["Runic Dome","Question Card"],"picked":"Orrery"}],"potions_floor_spawned":[5,8,10,12,24,29],"seed_played":"-1694424934247273083","killed_by":"3 Cultists","ascension_level":0,"is_trial":false}