{"path_per_floor":["M","T","?","?","M","E","M","E","T","M","E","M","R","M","R","B",null,"M","?","?","$","M","M","?","R","T","T","M","R","M","E","R","B",null,"M","?","$","?","M","R","E","R","T","T","M","$"],"character_chosen":"DEFECT","items_purchased":["Bronze Scales","Ginger","Blood Vial","Lantern","Kunai","Shuriken"],"gold_per_floor":[119,146,221,396,408,440,456,490,490,504,533,544,544,560,560,658,658,677,927,1077,401,416,428,428,428,454,454,472,472,491,521,521,621,651,666,666,164,164,177,177,205,205,230,253,271,17,17],"floor_reached":47,"campfire_rested":6,"playtime":2290,"item_purchase_floors":[],"current_hp_per_floor":[74,74,63,63,54,40,35,11,11,10,9,9,31,31,53,74,75,56,56,56,56,44,26,26,48,48,48,46,46,36,16,38,22,80,67,67,67,57,41,65,38,62,62,69,47,47,0],"items_purged":["Normality","Strike_B"],"gold":17,"score":592,"play_id":"ccc4c1b4-062f-48e8-82b2-d0deecffbcf4","local_time":"20180614152602","is_prod":false,"is_daily":false,"chose_seed":false,"is_ascension_mode":true,"campfire_upgraded":1,"win_rate":0,"timestamp":1528979162,"campfire_choices":[{"floor":13.0,"key":"REST"},{"floor":15.0,"key":"REST"},{"floor":25.0,"key":"REST"},{"data":"Thunder Strike","floor":29.0,"key":"SMITH"},{"floor":32.0,"key":"REST"},{"floor":40.0,"key":"REST"},{"floor":42,"key":"REST"}],"path_taken":["M","?","?","?","M","E","M","E","T","?","E","M","R","M","R","BOSS","M","?","?","$","M","M","?","R","T","?","M","R","M","E","R","BOSS","M","?","$","?","M","R","E","R","T","?","M","$","E"],"build_version":"2018-06-07v3","seed_source_timestamp":0,"purchased_purges":2,"victory":false,"master_deck":["Strike_B","Strike_B","Strike_B","Defend_B+1","Defend_B","Defend_B","Zap+1","Dualcast","Core Surge","Sweeping Beam","Doubt","Conserve Battery","Sunder+1","Hello World","Chaos+1","Redo+1","Sunder","Steam+1","Beam Cell","Thunder Strike+1","Writhe","Writhe","Tempest+1","Recycle+1","Regret","Reinforced Body+1","Conserve Battery+1","FTL+1","Steam+1","Sunder+1","Defragment+1","Rainbow+1","Storm","Ball Lightning+1","Static Discharge","Madness+1","Madness+1","Defragment+1","Capacitor+1","Ball Lightning+1"],"max_hp_per_floor":[75,75,75,75,75,75,75,75,75,75,75,75,75,75,75,75,75,75,75,75,75,75,75,75,75,75,75,75,75,75,75,75,75,80,80,80,80,80,80,80,80,80,80,87,87,87,87],"relics":["Cracked Core","Potion Belt","Toxic Egg 2","Torii","Pantograph","War Paint","Calling Bell","Meat on the Bone","Pen Nib","Prayer Wheel","Bronze Scales","Ginger","Blood Vial","Thread and Needle","Boot","Letter Opener","Blue Candle","Tiny House","Lantern","Kunai","Molten Egg 2","Vajra","Strawberry","Shuriken"],"card_choices":[{"not_picked":["Barrage","Hologram"],"picked":"Sweeping Beam","floor":1.0},{"not_picked":["Sweeping Beam","Turbo"],"picked":"Conserve Battery","floor":5.0},{"not_picked":["Genetic Algorithm","Double Energy"],"picked":"Sunder","floor":6.0},{"not_picked":["Reinforced Body+1","Barrage"],"picked":"Hello World","floor":7.0},{"not_picked":["Compile Driver","Machine Learning"],"picked":"Chaos+1","floor":8.0},{"not_picked":["Streamline","Coolheaded+1"],"picked":"Redo+1","floor":10.0},{"not_picked":["Double Energy+1","Sweeping Beam"],"picked":"Sunder","floor":11.0},{"not_picked":["Force Field+1","Hologram+1"],"picked":"Steam+1","floor":12.0},{"not_picked":["Auto Shields+1","Storm"],"picked":"Beam Cell","floor":14.0},{"not_picked":["Fission+1","Reboot+1"],"picked":"Thunder Strike","floor":16.0},{"not_picked":["Ball Lightning","Go for the Eyes+1"],"picked":"Tempest+1","floor":18.0},{"not_picked":["Redo+1","Chaos+1"],"picked":"Recycle+1","floor":18.0},{"not_picked":["Go for the Eyes","Coolheaded+1"],"picked":"Reinforced Body+1","floor":22.0},{"not_picked":["Turbo+1","Chaos+1"],"picked":"Conserve Battery+1","floor":22.0},{"not_picked":["Leap+1","Stack+1"],"picked":"FTL+1","floor":23.0},{"not_picked":["Auto Shields+1","Core Surge"],"picked":"Steam+1","floor":23.0},{"not_picked":["Streamline","Genetic Algorithm+1","Coolheaded+1"],"picked":"SKIP","floor":28.0},{"not_picked":["Stack+1","Rip and Tear","Leap+1"],"picked":"SKIP","floor":28.0},{"not_picked":["Turbo+1","Stack+1"],"picked":"Sunder+1","floor":30.0},{"not_picked":["Sweeping Beam+1","Turbo+1","Chill+1"],"picked":"SKIP","floor":30.0},{"not_picked":["Barrage","Force Field+1"],"picked":"Defragment+1","floor":31.0},{"not_picked":["Thunder Strike","Echo Form"],"picked":"Rainbow+1","floor":33.0},{"not_picked":["Sweeping Beam","Cold Snap"],"picked":"Storm","floor":34.0},{"not_picked":["Gash","Beam Cell"],"picked":"Ball Lightning+1","floor":35.0},{"not_picked":["Turbo+1","Go for the Eyes"],"picked":"Static Discharge","floor":35.0},{"not_picked":["Coolheaded+1","Force Field+1"],"picked":"Defragment+1","floor":39.0},{"not_picked":["Rebound","Streamline+1","Chill+1"],"picked":"SKIP","floor":39.0},{"not_picked":["Compile Driver+1","Heatsinks+1"],"picked":"Capacitor+1","floor":41},{"not_picked":["Streamline+1","Cold Snap+1"],"picked":"Ball Lightning+1","floor":45},{"not_picked":["Heatsinks+1","Turbo+1","Recycle+1"],"picked":"SKIP","floor":45}],"player_experience":259035,"potions_floor_usage":[],"damage_taken":[{"damage":1.0,"enemies":"Cultist","floor":1.0,"turns":3.0},{"damage":9.0,"enemies":"Jaw Worm","floor":5.0,"turns":3.0},{"damage":14.0,"enemies":"3 Sentries","floor":6.0,"turns":7.0},{"damage":5.0,"enemies":"Small Slimes","floor":7.0,"turns":2.0},{"damage":24.0,"enemies":"Lagavulin","floor":8.0,"turns":7.0},{"damage":1.0,"enemies":"2 Fungi Beasts","floor":10.0,"turns":3.0},{"damage":1.0,"enemies":"3 Sentries","floor":11.0,"turns":5.0},{"damage":0.0,"enemies":"Large Slime","floor":12.0,"turns":4.0},{"damage":0.0,"enemies":"3 Louse","floor":14.0,"turns":2.0},{"damage":1.0,"enemies":"The Guardian","floor":16.0,"turns":9.0},{"damage":19.0,"enemies":"Chosen","floor":18.0,"turns":4.0},{"damage":23.0,"enemies":"2 Thieves","floor":22.0,"turns":3.0},{"damage":32.0,"enemies":"Snake Plant","floor":23.0,"turns":4.0},{"damage":16.0,"enemies":"Chosen and Byrds","floor":28.0,"turns":5.0},{"damage":24.0,"enemies":"Slaver and Parasite","floor":30.0,"turns":6.0},{"damage":34.0,"enemies":"Book of Stabbing","floor":31.0,"turns":4.0},{"damage":55.0,"enemies":"Collector","floor":33.0,"turns":7.0},{"damage":13.0,"enemies":"Orb Walker","floor":35.0,"turns":4.0},{"damage":18.0,"enemies":"3 Darklings","floor":39.0,"turns":2.0},{"damage":41,"enemies":"Nemesis","floor":41,"turns":7},{"damage":24,"enemies":"Maw","floor":45,"turns":7},{"damage":51,"enemies":"2 Orb Walkers","floor":47,"turns":3}],"relics_obtained":[{"floor":2.0,"key":"Potion Belt"},{"floor":6.0,"key":"Toxic Egg 2"},{"floor":8.0,"key":"Torii"},{"floor":9.0,"key":"Pantograph"},{"floor":11.0,"key":"War Paint"},{"floor":17.0,"key":"Meat on the Bone"},{"floor":17.0,"key":"Pen Nib"},{"floor":17.0,"key":"Prayer Wheel"},{"floor":26.0,"key":"Boot"},{"floor":27.0,"key":"Letter Opener"},{"floor":31.0,"key":"Blue Candle"},{"floor":41,"key":"Molten Egg 2"},{"floor":43,"key":"Vajra"},{"floor":44,"key":"Strawberry"}],"event_choices":[{"event_name":"World of Goop","player_choice":"Gather Gold","floor":3.0,"damage_taken":0.0},{"event_name":"Liars Game","player_choice":"agreed","floor":4.0,"damage_taken":0.0},{"event_name":"Golden Shrine","player_choice":"Desecrate","floor":19.0,"damage_taken":0.0},{"event_name":"Nest","player_choice":"Stole From Cult","floor":20.0,"damage_taken":0.0},{"event_name":"Wheel of Change","player_choice":"Relic","floor":24.0,"damage_taken":0.0},{"event_name":"Falling","player_choice":"Removed Skill","floor":36.0,"damage_taken":0.0},{"event_name":"Winding Halls","player_choice":"Embrace Madness","floor":38.0,"damage_taken":0.0}],"boss_relics":[{"not_picked":["Orrery","Velvet Choker"],"picked":"Calling Bell"},{"not_picked":["Runic Dome","Snecko Eye"],"picked":"Tiny House"}],"items_purged_floors":[],"potions_floor_spawned":[1,10,12,14,18,23,30,35],"seed_played":"7414547018204437170","killed_by":"2 Orb Walkers","ascension_level":2,"potions_obtained":[{"floor":1.0,"key":"SteroidPotion"},{"floor":10.0,"key":"LiquidBronze"},{"floor":12.0,"key":"Regen Potion"},{"floor":14.0,"key":"SteroidPotion"},{"floor":18.0,"key":"Weak Potion"},{"floor":23.0,"key":"LiquidBronze"},{"floor":30.0,"key":"Strength Potion"},{"floor":34.0,"key":"Explosive Potion"},{"floor":35.0,"key":"PowerPotion"}],"is_trial":false}