{"path_per_floor":["M","?","?","M","M","E","?","R","T","M","$","R","$","M","R","B",null,"M","?","?","$","M","E","?","R","T","R","M","R","?","$","R","B",null,"M","?","M","M","$","R","M","?","T","M","?"],"character_chosen":"IRONCLAD","items_purchased":[],"gold_per_floor":[114,114,114,126,145,171,171,171,171,189,114,114,14,33,33,136,136,151,151,66,66,80,107,107,107,107,107,118,118,118,118,118,219,219,233,0,16,29,29,29,47,47,47,67,67,67],"floor_reached":46,"campfire_rested":2,"playtime":1208,"current_hp_per_floor":[72,72,72,70,68,43,43,43,43,44,44,44,44,46,67,43,72,61,45,45,45,53,59,59,59,59,78,78,78,78,78,78,66,78,71,71,67,62,62,62,7,7,7,21,41,0],"items_purged":["Regret","Defend_R"],"gold":67,"score":609,"play_id":"b23ec53f-9fe5-4f25-b868-00f5b8a89971","local_time":"20180325001556","is_prod":false,"is_daily":false,"is_ascension_mode":true,"campfire_upgraded":6,"timestamp":1521929756,"path_taken":["M","?","?","M","M","E","?","R","T","M","$","R","?","?","R","BOSS","M","?","?","?","M","E","?","R","T","R","M","R","?","$","R","BOSS","M","?","?","M","$","R","?","?","T","M","?","E"],"build_version":"2018-03-22v2","purchased_purges":2,"victory":false,"master_deck":["Strike_R","Strike_R","Strike_R","Strike_R","Strike_R","Defend_R","Bash+1","Brutality+1","Wild Strike","Flex+1","Cleave+1","Twin Strike","Cleave+1","Feed","Whirlwind+1","Necronomicurse","Feed","Writhe","Reaper+1","Injury","Injury","Clumsy","Sword Boomerang+1","Sword Boomerang+1","Sword Boomerang+1","Writhe"],"max_hp_per_floor":[72,72,72,72,72,72,72,72,72,72,72,72,72,72,72,72,72,75,75,75,75,78,78,78,78,78,78,78,78,78,78,78,78,78,78,78,78,78,78,78,78,78,78,81,81,81],"relics":["Burning Blood","Oddly Smooth Stone","Kunai","Orichalcum","Velvet Choker","Necronomicon","Paper Frog","Toxic Egg 2","Pen Nib","Thread and Needle","Calling Bell","Blue Candle","Molten Egg 2","Charon\u0027s Ashes","Red Mask","Self Forming Clay"],"card_choices":[{"not_picked":["Immolate","Dark Embrace"],"picked":"Brutality","floor":0},{"not_picked":["Reckless Charge","Iron Wave"],"picked":"Wild Strike","floor":1},{"not_picked":["Anger","Iron Wave"],"picked":"Flex","floor":4},{"not_picked":["Barricade","Iron Wave"],"picked":"Cleave","floor":5},{"not_picked":["Battle Trance","Perfected Strike"],"picked":"Twin Strike","floor":10},{"not_picked":["Wild Strike","Clash"],"picked":"Cleave","floor":14},{"not_picked":["Exhume","Demon Form"],"picked":"Feed","floor":16},{"not_picked":["Clash","Combust"],"picked":"Whirlwind","floor":18},{"not_picked":["Shrug It Off","Sword Boomerang"],"picked":"Feed","floor":23},{"not_picked":["Barricade","Fiend Fire"],"picked":"Reaper","floor":33},{"not_picked":["Perfected Strike","Hemokinesis"],"picked":"Sword Boomerang","floor":38},{"not_picked":["Havoc","Wild Strike"],"picked":"Sword Boomerang","floor":41}],"player_experience":128999,"potions_floor_usage":[5,6,14,16,23,28,33,44],"damage_taken":[{"damage":5,"enemies":"Jaw Worm","floor":1,"turns":4},{"damage":8,"enemies":"2 Louse","floor":4,"turns":2},{"damage":8,"enemies":"Small Slimes","floor":5,"turns":2},{"damage":40,"enemies":"Lagavulin","floor":6,"turns":5},{"damage":5,"enemies":"Looter","floor":10,"turns":2},{"damage":4,"enemies":"Exordium Thugs","floor":14,"turns":3},{"damage":30,"enemies":"Slime Boss","floor":16,"turns":8},{"damage":20,"enemies":"2 Thieves","floor":18,"turns":3},{"damage":1,"enemies":"Chosen","floor":22,"turns":2},{"damage":0,"enemies":"Slavers","floor":23,"turns":1},{"damage":0,"enemies":"Centurion and Healer","floor":28,"turns":1},{"damage":18,"enemies":"Collector","floor":33,"turns":5},{"damage":13,"enemies":"3 Darklings","floor":35,"turns":3},{"damage":10,"enemies":"3 Shapes","floor":37,"turns":1},{"damage":21,"enemies":"Maw","floor":38,"turns":6},{"damage":61,"enemies":"4 Shapes","floor":41,"turns":3},{"damage":25,"enemies":"3 Darklings","floor":44,"turns":4},{"damage":47,"enemies":"Nemesis","floor":46,"turns":4}],"event_choices":[{"event_name":"Living Wall","player_choice":"Forget","floor":2,"damage_taken":0},{"event_name":"The Lab","player_choice":"Got Potions","floor":3,"damage_taken":0},{"event_name":"Big Fish","player_choice":"Box","floor":7,"damage_taken":0},{"event_name":"Cursed Tome","player_choice":"Obtained Book","floor":19,"damage_taken":0},{"event_name":"Addict","player_choice":"Obtained Relic","floor":20,"damage_taken":0},{"event_name":"The Mausoleum","player_choice":"Yes","floor":24,"damage_taken":0},{"event_name":"Vampires","player_choice":"Ignored","floor":30,"damage_taken":0},{"event_name":"Tomb of Lord Red Mask","player_choice":"Paid","floor":36,"damage_taken":0},{"event_name":"Transmorgrifier","player_choice":"Transform","floor":42,"damage_taken":0},{"event_name":"Winding Halls","player_choice":"Writhe","floor":45,"damage_taken":0}],"boss_relics":[{"not_picked":["Runic Dome","Pandora\u0027s Box"],"picked":"Velvet Choker"},{"not_picked":["Runic Cube","Runic Pyramid"],"picked":"Calling Bell"}],"potions_floor_spawned":[1,14,16,18,22,41],"seed_played":"7859362289629948644","killed_by":"Nemesis","ascension_level":1,"is_trial":false}