{"gold_per_floor":[359,373,373,373,107,107,122,122,122,152,152,163,173,184,184,288,288,299,299,312,326,20,20,37,37,37,37,56,82,95,107,107,107],"floor_reached":33,"playtime":1338,"items_purged":["Regret"],"score":325,"play_id":"4ff3930f-1632-4d35-858e-e1e909908946","local_time":"20180805203259","is_ascension_mode":true,"campfire_choices":[{"data":"Beam Cell","floor":6,"key":"SMITH"},{"data":"Rip and Tear","floor":8,"key":"SMITH"},{"floor":11,"key":"REST"},{"floor":15,"key":"REST"},{"data":"1","floor":23,"key":"LIFT"},{"floor":32,"key":"REST"}],"neow_cost":"TEN_PERCENT_HP_LOSS","seed_source_timestamp":696558152846110,"circlet_count":0,"master_deck":["Strike_B","Strike_B","Strike_B","Strike_B","Defend_B","Defend_B","Defend_B","Defend_B+1","Zap","Dualcast+1","Sweeping Beam","Beam Cell+1","Rip and Tear+1","Melter","Multi-Cast","Core Surge","Genetic Algorithm+1","Self Repair+1","Go for the Eyes","Leap+1","Core Surge","Chill+1","White Noise","Redo+1","Electrodynamics+1"],"relics":["Cracked Core","Bronze Scales","Strange Spoon","Gambling Chip","Omamori","Fusion Hammer","Frozen Egg 2","Girya","Smiling Mask","Pear"],"potions_floor_usage":[10,13,16,29,33,33],"damage_taken":[{"damage":1,"enemies":"Cultist","floor":1,"turns":3},{"damage":7,"enemies":"Jaw Worm","floor":2,"turns":3},{"damage":4,"enemies":"2 Louse","floor":7,"turns":2},{"damage":17,"enemies":"3 Sentries","floor":10,"turns":4},{"damage":0,"enemies":"2 Fungi Beasts","floor":12,"turns":2},{"damage":0,"enemies":"Lots of Slimes","floor":13,"turns":1},{"damage":6,"enemies":"Red Slaver","floor":14,"turns":2},{"damage":12,"enemies":"Slime Boss","floor":16,"turns":6},{"damage":0,"enemies":"Spheric Guardian","floor":18,"turns":1},{"damage":6,"enemies":"3 Byrds","floor":20,"turns":3},{"damage":20,"enemies":"3 Cultists","floor":21,"turns":4},{"damage":8,"enemies":"Snake Plant","floor":24,"turns":3},{"damage":37,"enemies":"Slaver and Parasite","floor":28,"turns":6},{"damage":4,"enemies":"Slavers","floor":29,"turns":5},{"damage":10,"enemies":"Centurion and Healer","floor":30,"turns":7},{"damage":17,"enemies":"Snake Plant","floor":31,"turns":4},{"damage":63,"enemies":"Automaton","floor":33,"turns":6}],"seed_played":"5508858065828427620","potions_obtained":[{"floor":2,"key":"SkillPotion"},{"floor":12,"key":"Poison Potion"},{"floor":14,"key":"SkillPotion"},{"floor":20,"key":"FocusPotion"},{"floor":30,"key":"Weak Potion"},{"floor":31,"key":"Fruit Juice"}],"is_trial":false,"path_per_floor":["M","M","?","?","$","R","M","R","T","E","R","M","M","M","R","B",null,"M","T","M","M","$","R","M","$","T","?","M","E","M","M","R"],"character_chosen":"DEFECT","items_purchased":["Strange Spoon","Girya"],"campfire_rested":3,"item_purchase_floors":[5,22],"current_hp_per_floor":[67,60,60,46,46,46,42,42,42,25,45,45,45,39,59,47,68,68,68,62,52,52,52,54,54,54,54,17,33,33,26,49,0],"gold":107,"neow_bonus":"TWO_FIFTY_GOLD","is_prod":false,"is_daily":false,"chose_seed":false,"campfire_upgraded":2,"win_rate":0,"timestamp":1533490379,"path_taken":["M","?","?","?","$","R","M","R","T","E","R","M","M","?","R","BOSS","M","?","M","?","$","R","M","?","T","?","M","E","M","M","R","BOSS"],"build_version":"2018-08-02","purchased_purges":1,"victory":false,"max_hp_per_floor":[68,68,68,68,68,68,68,68,68,68,68,68,68,68,68,68,68,68,68,68,68,68,68,68,68,68,68,68,78,78,78,78,83],"card_choices":[{"not_picked":["Hologram","Coolheaded"],"picked":"Sweeping Beam","floor":1},{"not_picked":["Capacitor","Rebound"],"picked":"Beam Cell","floor":2},{"not_picked":["Gash","Chaos"],"picked":"Rip and Tear","floor":7},{"not_picked":["Cold Snap","Gash"],"picked":"Melter","floor":10},{"not_picked":["Redo","Skim"],"picked":"Multi-Cast","floor":12},{"not_picked":["Steam","Hologram","Chaos"],"picked":"SKIP","floor":13},{"not_picked":["Redo","Cold Snap","Meteor Strike"],"picked":"SKIP","floor":14},{"not_picked":["Rainbow","Meteor Strike"],"picked":"Core Surge","floor":16},{"not_picked":["Steam","Force Field+1"],"picked":"Genetic Algorithm+1","floor":18},{"not_picked":["Scrape","Stack"],"picked":"Self Repair+1","floor":20},{"not_picked":["Darkness","Ball Lightning"],"picked":"Go for the Eyes","floor":21},{"not_picked":["Cold Snap","Coolheaded"],"picked":"Leap+1","floor":24},{"not_picked":["Steam","Conserve Battery"],"picked":"Chill+1","floor":28},{"not_picked":["Fusion","Streamline+1"],"picked":"White Noise","floor":29},{"not_picked":["Beam Cell","Reinforced Body"],"picked":"Redo+1","floor":30},{"not_picked":["Cold Snap","Gash+1"],"picked":"Electrodynamics+1","floor":31}],"player_experience":332384,"relics_obtained":[{"floor":9,"key":"Gambling Chip"},{"floor":10,"key":"Omamori"},{"floor":19,"key":"Frozen Egg 2"},{"floor":26,"key":"Smiling Mask"},{"floor":29,"key":"Pear"}],"event_choices":[{"event_name":"Big Fish","player_choice":"Box","floor":3,"damage_taken":0},{"event_name":"Shining Light","player_choice":"Entered Light","floor":4,"damage_taken":0},{"event_name":"Duplicator","player_choice":"One dupe","floor":27,"damage_taken":0}],"is_beta":false,"boss_relics":[{"not_picked":["Orrery","Snecko Eye"],"picked":"Fusion Hammer"}],"items_purged_floors":[5],"is_endless":false,"potions_floor_spawned":[2,12,14,20,30,31],"killed_by":"Automaton","ascension_level":4}