{"gold_per_floor":[115,133,83,98,114,148,148,179,203,378,393,422,422,448,448,553,553,569,569,484,47,64,97,97,122,146,146,146,146,245,145,145,248,248,264,264,264,317,334,367,367,367,367,387,456,472,489,507,507,507],"floor_reached":50,"playtime":1782,"items_purged":["Doubt","Strike_B"],"score":689,"play_id":"f5276dc7-75b4-40ce-b470-20e543ada7ee","local_time":"20180728212541","is_ascension_mode":true,"campfire_choices":[{"data":"Static Discharge","floor":7,"key":"SMITH"},{"floor":15,"key":"REST"},{"data":"Buffer","floor":24,"key":"SMITH"},{"data":"Redo","floor":27,"key":"SMITH"},{"data":"Zap","floor":32,"key":"SMITH"},{"data":"Tempest","floor":41,"key":"SMITH"},{"data":"Reboot","floor":49,"key":"SMITH"}],"neow_cost":"NONE","seed_source_timestamp":8091094528924,"circlet_count":0,"master_deck":["Strike_B","Defend_B","Defend_B","Defend_B","Zap+1","Dualcast","Turbo","Tempest+1","BootSequence","Static Discharge+1","Redo+1","Static Discharge+1","Self Repair","Buffer+1","Ghostly","Ghostly","Ghostly","Ghostly","Ghostly","Darkness+1","Turbo","Conserve Battery+1","Reboot+1","Ghostly","Lockon+1"],"relics":["Cracked Core","NeowsBlessing","Blood Vial","Strawberry","Anchor","Oddly Smooth Stone","Calipers","Busted Crown","Juzu Bracelet","Lee\u0027s Waffle","Boot","DataDisk","Regal Pillow","Vajra","Empty Cage","Unceasing Top","Ginger","Happy Flower","Lantern","Frozen Egg 2"],"potions_floor_usage":[5,8,12,12,16,28,38,40,44,47,50,50],"damage_taken":[{"damage":0,"enemies":"Jaw Worm","floor":1,"turns":1},{"damage":0,"enemies":"Small Slimes","floor":2,"turns":1},{"damage":0,"enemies":"Cultist","floor":4,"turns":1},{"damage":0,"enemies":"Large Slime","floor":5,"turns":3},{"damage":31,"enemies":"3 Sentries","floor":6,"turns":5},{"damage":25,"enemies":"Lagavulin","floor":8,"turns":5},{"damage":0,"enemies":"Exordium Wildlife","floor":11,"turns":2},{"damage":12,"enemies":"3 Sentries","floor":12,"turns":4},{"damage":18,"enemies":"Gremlin Nob","floor":14,"turns":3},{"damage":21,"enemies":"Hexaghost","floor":16,"turns":5},{"damage":48,"enemies":"2 Thieves","floor":18,"turns":3},{"damage":6,"enemies":"3 Byrds","floor":22,"turns":2},{"damage":3,"enemies":"Slavers","floor":23,"turns":6},{"damage":6,"enemies":"Book of Stabbing","floor":25,"turns":4},{"damage":1,"enemies":"Gremlin Leader","floor":28,"turns":6},{"damage":43,"enemies":"Collector","floor":33,"turns":12},{"damage":19,"enemies":"Orb Walker","floor":35,"turns":3},{"damage":3,"floor":38,"turns":5},{"damage":4,"enemies":"3 Darklings","floor":39,"turns":4},{"damage":10,"enemies":"2 Orb Walkers","floor":40,"turns":6},{"damage":3,"enemies":"Spire Growth","floor":44,"turns":4},{"damage":3,"enemies":"4 Shapes","floor":46,"turns":5},{"damage":0,"enemies":"3 Darklings","floor":47,"turns":7},{"damage":0,"enemies":"Spire Growth","floor":48,"turns":6},{"damage":54,"enemies":"Donu and Deca","floor":50,"turns":7}],"seed_played":"7343765619254461103","potions_obtained":[{"floor":1,"key":"FocusPotion"},{"floor":4,"key":"FearPotion"},{"floor":8,"key":"SkillPotion"},{"floor":11,"key":"PowerPotion"},{"floor":14,"key":"PowerPotion"},{"floor":18,"key":"SmokeBomb"},{"floor":33,"key":"Weak Potion"},{"floor":35,"key":"GamblersBrew"},{"floor":40,"key":"AttackPotion"},{"floor":44,"key":"SpeedPotion"},{"floor":46,"key":"SkillPotion"},{"floor":48,"key":"Swift Potion"}],"is_trial":false,"path_per_floor":["M","M","?","M","M","E","R","E","T","?","M","E","?","E","R","B",null,"M","?","?","$","M","E","R","E","T","R","E","?","?","$","R","B",null,"M","?","?","?","M","E","R","?","T","M","T","M","M","M","R"],"character_chosen":"DEFECT","items_purchased":["Lee\u0027s Waffle","Boot"],"campfire_rested":1,"item_purchase_floors":[21,21],"current_hp_per_floor":[75,75,75,75,75,44,44,28,28,28,30,20,20,4,28,9,82,34,34,34,48,48,48,48,48,48,48,48,48,48,48,48,12,48,36,36,36,42,47,38,38,38,38,44,44,48,48,48,48,0],"gold":507,"neow_bonus":"THREE_ENEMY_KILL","is_prod":false,"is_daily":false,"chose_seed":false,"campfire_upgraded":6,"win_rate":0,"timestamp":1532802341,"path_taken":["M","M","?","?","M","E","R","E","T","?","M","E","?","E","R","BOSS","M","?","?","$","M","E","R","E","T","R","E","?","?","$","R","BOSS","M","?","?","?","M","E","R","?","T","M","?","M","M","M","R","BOSS"],"build_version":"2018-07-26","purchased_purges":2,"victory":false,"max_hp_per_floor":[75,75,75,75,75,75,75,82,82,82,82,82,82,82,82,82,82,82,41,41,48,48,48,48,48,48,48,48,48,48,48,48,48,48,48,48,48,48,48,48,48,48,48,48,48,48,48,48,48,48],"card_choices":[{"not_picked":["Rip and Tear","Stack"],"picked":"Turbo","floor":1},{"not_picked":["Coolheaded","Turbo"],"picked":"Tempest","floor":2},{"not_picked":["Glacier","Doom and Gloom"],"picked":"BootSequence","floor":4},{"not_picked":["Coolheaded","Conserve Battery"],"picked":"Static Discharge","floor":5},{"not_picked":["Coolheaded","Reinforced Body","Hologram"],"picked":"SKIP","floor":6},{"not_picked":["Blizzard","Undo"],"picked":"Redo","floor":8},{"not_picked":["Beam Cell","Stack","Amplify"],"picked":"SKIP","floor":11},{"not_picked":["Redo","Sunder"],"picked":"Static Discharge","floor":12},{"not_picked":["Conserve Battery","Glacier"],"picked":"Self Repair","floor":14},{"not_picked":["Hyperbeam","Creative AI"],"picked":"Buffer","floor":16},{"not_picked":["Compile Driver"],"picked":"SKIP","floor":18},{"not_picked":[],"picked":"Darkness+1","floor":22},{"not_picked":[],"picked":"Turbo","floor":23},{"not_picked":[],"picked":"Conserve Battery+1","floor":25},{"not_picked":[],"picked":"Reboot","floor":33},{"not_picked":["Turbo+1"],"picked":"SKIP","floor":35},{"not_picked":["Leap"],"picked":"SKIP","floor":39},{"not_picked":["Compile Driver"],"picked":"SKIP","floor":40},{"not_picked":[],"picked":"Lockon+1","floor":44},{"not_picked":["Tempest"],"picked":"SKIP","floor":46},{"not_picked":["Leap"],"picked":"SKIP","floor":47},{"not_picked":["Doom and Gloom"],"picked":"SKIP","floor":48}],"player_experience":315548,"relics_obtained":[{"floor":6,"key":"Blood Vial"},{"floor":8,"key":"Strawberry"},{"floor":9,"key":"Anchor"},{"floor":12,"key":"Oddly Smooth Stone"},{"floor":14,"key":"Calipers"},{"floor":23,"key":"DataDisk"},{"floor":25,"key":"Regal Pillow"},{"floor":26,"key":"Vajra"},{"floor":38,"key":"Unceasing Top"},{"floor":40,"key":"Ginger"},{"floor":43,"key":"Lantern"},{"floor":45,"key":"Frozen Egg 2"}],"event_choices":[{"event_name":"The Cleric","player_choice":"Card Removal","floor":3,"damage_taken":0},{"event_name":"Liars Game","player_choice":"agreed","floor":10,"damage_taken":0},{"event_name":"Upgrade Shrine","player_choice":"Upgraded","floor":13,"damage_taken":0},{"event_name":"Ghosts","player_choice":"Became a Ghost","floor":19,"damage_taken":0},{"event_name":"Addict","player_choice":"Obtained Relic","floor":20,"damage_taken":0},{"event_name":"Drug Dealer","player_choice":"Ignored","floor":29,"damage_taken":0},{"event_name":"Nest","player_choice":"Stole From Cult","floor":30,"damage_taken":0},{"event_name":"Tomb of Lord Red Mask","player_choice":"Ignored","floor":36,"damage_taken":0},{"event_name":"Duplicator","player_choice":"One dupe","floor":37,"damage_taken":0},{"event_name":"Mysterious Sphere","player_choice":"Fight","floor":38,"damage_taken":0},{"event_name":"WeMeetAgain","player_choice":"Potion","floor":42,"damage_taken":0}],"is_beta":false,"boss_relics":[{"not_picked":["White Beast Statue","Fusion Hammer"],"picked":"Busted Crown"},{"not_picked":["Black Star","Eternal Feather"],"picked":"Empty Cage"}],"items_purged_floors":[21,31],"is_endless":false,"potions_floor_spawned":[1,4,8,11,14,18,33,35,40,44,46,48],"killed_by":"Donu and Deca","ascension_level":3}