{"gold_per_floor":[369,544,524,535,610,639,639,667,667,725,739,7,23,23,23,125,125,136,236,335,354,354],"floor_reached":22,"playtime":909,"items_purged":["Doubt"],"score":267,"play_id":"1f014e5a-4979-430d-8463-941cf47032f7","local_time":"20190127183909","is_ascension_mode":true,"campfire_choices":[{"floor":7,"key":"REST"},{"floor":15,"key":"REST"}],"neow_cost":"TEN_PERCENT_HP_LOSS","seed_source_timestamp":39386180028200,"circlet_count":0,"master_deck":["Strike_B","Strike_B","Strike_B","Strike_B","Defend_B","Defend_B","Defend_B","Defend_B","Zap","Dualcast","Gash","Ball Lightning","Core Surge","Sweeping Beam","Redo","BootSequence","Defragment+1","All For One","Clumsy","Go for the Eyes","Heatsinks+1","Steam+1"],"relics":["Cracked Core","Symbiotic Virus","Frozen Egg 2","Potion Belt","Tiny Chest","Mercury Hourglass","Omamori","Toolbox","Calling Bell","Mummified Hand","Centennial Puzzle","Ginger","Thread and Needle","Bottled Lightning"],"potions_floor_usage":[6,8,16,19],"damage_taken":[{"damage":4,"enemies":"Small Slimes","floor":1,"turns":3},{"damage":1,"enemies":"Cultist","floor":4,"turns":4},{"damage":35,"enemies":"3 Sentries","floor":6,"turns":7},{"damage":8,"enemies":"Gremlin Nob","floor":8,"turns":3},{"damage":30,"enemies":"Lagavulin","floor":10,"turns":5},{"damage":5,"enemies":"2 Louse","floor":11,"turns":2},{"damage":0,"enemies":"Large Slime","floor":13,"turns":2},{"damage":14,"enemies":"The Guardian","floor":16,"turns":6},{"damage":23,"enemies":"2 Thieves","floor":18,"turns":3},{"damage":6,"enemies":"Colosseum Slavers","floor":19,"turns":3},{"damage":36,"enemies":"Colosseum Nobs","floor":19,"turns":5},{"damage":0,"enemies":"Spheric Guardian","floor":21,"turns":3},{"damage":6,"enemies":"3 Cultists","floor":22,"turns":3}],"seed_played":"-7756904229851009222","potions_obtained":[{"floor":3,"key":"SneckoOil"},{"floor":6,"key":"Poison Potion"},{"floor":10,"key":"FairyPotion"},{"floor":16,"key":"Dexterity Potion"}],"is_trial":false,"path_per_floor":["M","?","?","M","?","E","R","E","T","E","M","$","M","?","R","B",null,"M","?","?","M","M"],"character_chosen":"DEFECT","items_purchased":["Mercury Hourglass","Omamori","Toolbox","Poison Potion"],"campfire_rested":2,"item_purchase_floors":[12,12,12,12],"current_hp_per_floor":[64,64,64,63,57,22,42,34,34,4,6,6,6,6,26,12,68,45,3,3,3,0],"gold":354,"neow_bonus":"TWO_FIFTY_GOLD","is_prod":false,"is_daily":false,"chose_seed":false,"campfire_upgraded":0,"win_rate":0,"timestamp":1548607149,"path_taken":["M","?","?","?","?","E","R","E","T","E","?","?","M","?","R","BOSS","M","?","?","M","M"],"build_version":"2019-01-23","purchased_purges":1,"victory":false,"max_hp_per_floor":[68,68,68,68,68,68,68,68,68,68,68,68,68,68,68,68,68,68,68,68,68,68],"card_choices":[{"not_picked":["Beam Cell","Turbo"],"picked":"Gash","floor":1},{"not_picked":["Force Field","Compile Driver"],"picked":"Ball Lightning","floor":4},{"not_picked":["Coolheaded","White Noise"],"picked":"Core Surge","floor":6},{"not_picked":["Streamline","Reprogram"],"picked":"Sweeping Beam","floor":8},{"not_picked":["Leap","Consume"],"picked":"Redo","floor":10},{"not_picked":["Barrage","Stack"],"picked":"BootSequence","floor":11},{"not_picked":["Barrage","Beam Cell"],"picked":"Defragment+1","floor":13},{"not_picked":["Machine Learning+1","Thunder Strike"],"picked":"All For One","floor":16},{"not_picked":["Redo+1","Steam+1"],"picked":"Go for the Eyes","floor":18},{"not_picked":["Compile Driver+1","Blizzard"],"picked":"Heatsinks+1","floor":19},{"not_picked":["Blizzard","Hologram"],"picked":"Steam+1","floor":21}],"player_experience":486175,"relics_obtained":[{"floor":6,"key":"Symbiotic Virus"},{"floor":8,"key":"Frozen Egg 2"},{"floor":9,"key":"Potion Belt"},{"floor":10,"key":"Tiny Chest"},{"floor":17,"key":"Mummified Hand"},{"floor":17,"key":"Centennial Puzzle"},{"floor":17,"key":"Ginger"},{"floor":19,"key":"Thread and Needle"},{"floor":19,"key":"Bottled Lightning"}],"event_choices":[{"damage_healed":0,"gold_gain":175,"player_choice":"AGREE","damage_taken":0,"max_hp_gain":0,"max_hp_loss":0,"event_name":"Liars Game","floor":2,"gold_loss":0,"cards_obtained":["Doubt"]},{"damage_healed":0,"gold_gain":0,"player_choice":"Bought 1 Potion","damage_taken":0,"max_hp_gain":0,"max_hp_loss":0,"event_name":"The Woman in Blue","floor":3,"gold_loss":0},{"damage_healed":0,"gold_gain":75,"player_choice":"Touch","damage_taken":6,"max_hp_gain":0,"max_hp_loss":0,"event_name":"FaceTrader","floor":5,"gold_loss":0},{"damage_healed":0,"gold_gain":0,"player_choice":"Fled","damage_taken":0,"max_hp_gain":0,"max_hp_loss":0,"event_name":"Scrap Ooze","floor":14,"gold_loss":0},{"damage_healed":0,"gold_gain":0,"player_choice":"Fight","damage_taken":0,"max_hp_gain":0,"max_hp_loss":0,"event_name":"Colosseum","floor":19,"gold_loss":0},{"damage_healed":0,"gold_gain":0,"player_choice":"Fought Nobs","damage_taken":0,"max_hp_gain":0,"max_hp_loss":0,"event_name":"Colosseum","floor":19,"gold_loss":0},{"damage_healed":0,"gold_gain":99,"player_choice":"Stole From Cult","damage_taken":0,"max_hp_gain":0,"max_hp_loss":0,"event_name":"Nest","floor":20,"gold_loss":0}],"is_beta":false,"boss_relics":[{"not_picked":["Inserter","FrozenCore"],"picked":"Calling Bell"}],"items_purged_floors":[12],"is_endless":false,"potions_floor_spawned":[6,10,16,19],"killed_by":"3 Cultists","ascension_level":4}