{"gold_per_floor":[117,292,309,259,272,272,303,303,303,303,133,158,170,170,170,269,269,286,286,286,299,310,310,323,323,323,351,351,351,351],"floor_reached":30,"playtime":888,"items_purged":["Defend_G"],"score":307,"play_id":"491b2dae-0409-4bb0-ac97-18bc481faca5","local_time":"20181001201443","is_ascension_mode":true,"campfire_choices":[{"data":"Catalyst","floor":6,"key":"SMITH"},{"floor":8,"key":"REST"},{"floor":15,"key":"REST"},{"data":"Neutralize","floor":23,"key":"SMITH"},{"floor":25,"key":"REST"}],"neow_cost":"NONE","seed_source_timestamp":129928835008782,"circlet_count":0,"master_deck":["Defend_G","Defend_G","Defend_G","Defend_G","Strike_G","Strike_G","Survivor","Neutralize+1","Catalyst+1","Prepared","Deflect","Corpse Explosion","Noxious Fumes","Deadly Poison+1","Dodge and Roll+1","Poisoned Stab","Tactician+1","Adrenaline+1","Crippling Poison+1","Deadly Poison+1","Acrobatics+1","Deadly Poison+1","Outmaneuver+1","Catalyst+1"],"relics":["Ring of the Snake","NeowsBlessing","Toxic Egg 2","Ancient Tea Set","Lantern","Sozu","Kunai","Pantograph"],"potions_floor_usage":[7,7,16,21],"damage_taken":[{"damage":0,"enemies":"Small Slimes","floor":1,"turns":1},{"damage":0,"enemies":"Cultist","floor":3,"turns":1},{"damage":0,"enemies":"2 Louse","floor":5,"turns":1},{"damage":64,"enemies":"Gremlin Nob","floor":7,"turns":8},{"damage":13,"enemies":"Lagavulin","floor":12,"turns":4},{"damage":1,"enemies":"Exordium Wildlife","floor":13,"turns":3},{"damage":20,"enemies":"Slime Boss","floor":16,"turns":9},{"damage":0,"enemies":"Shell Parasite","floor":18,"turns":3},{"damage":15,"enemies":"Spheric Guardian","floor":21,"turns":4},{"damage":0,"enemies":"3 Cultists","floor":22,"turns":2},{"damage":16,"enemies":"Snake Plant","floor":24,"turns":3},{"damage":45,"enemies":"Slavers","floor":27,"turns":5},{"damage":5,"enemies":"Book of Stabbing","floor":30,"turns":1}],"seed_played":"6809249202066018453","potions_obtained":[{"floor":1,"key":"Block Potion"},{"floor":3,"key":"GhostInAJar"},{"floor":7,"key":"Strength Potion"},{"floor":12,"key":"Swift Potion"},{"floor":16,"key":"AttackPotion"}],"is_trial":false,"path_per_floor":["M","?","M","?","M","R","E","R","T","?","$","E","M","?","R","B",null,"M","?","?","M","M","R","M","R","T","E","?","?"],"character_chosen":"THE_SILENT","items_purchased":["Noxious Fumes","Deadly Poison+1"],"campfire_rested":3,"item_purchase_floors":[11,11],"current_hp_per_floor":[70,70,70,70,70,70,6,27,27,50,50,37,36,36,57,37,70,70,70,70,55,55,55,39,60,60,15,2,2,0],"gold":351,"neow_bonus":"THREE_ENEMY_KILL","is_prod":false,"is_daily":false,"chose_seed":false,"campfire_upgraded":2,"win_rate":0,"timestamp":1538414083,"path_taken":["M","?","M","?","?","R","E","R","T","?","$","E","?","?","R","BOSS","M","?","?","M","M","R","?","R","T","E","?","?","E"],"build_version":"2018-09-27","purchased_purges":1,"victory":false,"max_hp_per_floor":[70,70,70,70,70,70,70,70,70,70,70,70,70,70,70,70,70,70,70,70,70,70,70,70,70,70,70,75,75,75],"card_choices":[{"not_picked":["Footwork","Poisoned Stab"],"picked":"Catalyst","floor":1},{"not_picked":["Acrobatics","PiercingWail"],"picked":"Prepared","floor":3},{"not_picked":["Masterful Stab","Eviscerate"],"picked":"Deflect","floor":5},{"not_picked":["Acrobatics","Catalyst"],"picked":"Corpse Explosion","floor":7},{"not_picked":["Acrobatics+1","Dagger Throw"],"picked":"Dodge and Roll+1","floor":12},{"not_picked":["Underhanded Strike","Flying Knee"],"picked":"Poisoned Stab","floor":13},{"not_picked":["Burst+1","After Image"],"picked":"Adrenaline+1","floor":16},{"not_picked":["Tactician+1","Dodge and Roll+1"],"picked":"Crippling Poison+1","floor":18},{"not_picked":["Dagger Throw","Eviscerate+1"],"picked":"Deadly Poison+1","floor":21},{"not_picked":["Poisoned Stab","Deflect+1"],"picked":"Acrobatics+1","floor":22},{"not_picked":["Storm of Steel+1","Quick Slash"],"picked":"Deadly Poison+1","floor":24},{"not_picked":["Deflect+1","Skewer"],"picked":"Outmaneuver+1","floor":27}],"player_experience":409927,"relics_obtained":[{"floor":7,"key":"Toxic Egg 2"},{"floor":9,"key":"Ancient Tea Set"},{"floor":12,"key":"Lantern"},{"floor":26,"key":"Kunai"},{"floor":27,"key":"Pantograph"}],"event_choices":[{"event_name":"Liars Game","player_choice":"agreed","floor":2,"damage_taken":0},{"event_name":"The Cleric","player_choice":"Card Removal","floor":4,"damage_taken":0},{"event_name":"Big Fish","player_choice":"Banana","floor":10,"damage_taken":0},{"event_name":"Transmorgrifier","player_choice":"Transform","floor":14,"damage_taken":0},{"event_name":"Purifier","player_choice":"One Purge","floor":19,"damage_taken":0},{"event_name":"Match and Keep!","player_choice":"0 cards matched","floor":20,"damage_taken":0},{"event_name":"Forgotten Altar","player_choice":"Shed Blood","floor":28,"damage_taken":0},{"event_name":"Transmorgrifier","player_choice":"Transform","floor":29,"damage_taken":0}],"is_beta":false,"boss_relics":[{"not_picked":["Runic Dome","Empty Cage"],"picked":"Sozu"}],"items_purged_floors":[11],"is_endless":false,"potions_floor_spawned":[1,3,7,12,16,18],"killed_by":"Book of Stabbing","ascension_level":4}