{"gold_per_floor":[115,128,128,128,53,53,84,13,13,24,85,85,116,81,81,180,180,192,192,467,131,141,174,174,201,201,214,231,245,257,4,4,4],"floor_reached":33,"playtime":1146,"items_purged":["Regret","Writhe"],"score":559,"play_id":"529cc37d-7798-4a3f-b4b1-29b22a867dd8","local_time":"20181124212007","is_ascension_mode":true,"campfire_choices":[{"data":"Disarm","floor":6,"key":"SMITH"},{"floor":12,"key":"REST"},{"floor":15,"key":"REST"},{"data":"Seeing Red","floor":24,"key":"SMITH"},{"floor":32,"key":"REST"}],"neow_cost":"NONE","seed_source_timestamp":46846937992500,"circlet_count":0,"master_deck":["AscendersBane","Strike_R","Strike_R","Strike_R","Strike_R","Strike_R","Defend_R","Defend_R","Defend_R","Bash","Armaments","Disarm+1","Shockwave","Seeing Red+1","Feed","Twin Strike","Twin Strike","Inflame","Immolate+1","Headbutt+1","Flex","Pommel Strike+1"],"relics":["Burning Blood","PreservedInsect","Ginger","Bronze Scales","Pear","Potion Belt","Molten Egg 2","Busted Crown","Red Skull","Singing Bowl","Paper Frog","Anchor","Blood Vial","Bag of Marbles"],"potions_floor_usage":[10,11,16,23,25,30,33],"damage_taken":[{"damage":22,"enemies":"Small Slimes","floor":1,"turns":5},{"damage":9,"enemies":"2 Louse","floor":2,"turns":4},{"damage":14,"enemies":"Gremlin Nob","floor":7,"turns":4},{"damage":0,"enemies":"Jaw Worm","floor":10,"turns":4},{"damage":13,"enemies":"Lagavulin Event","floor":11,"turns":3},{"damage":45,"enemies":"3 Sentries","floor":13,"turns":7},{"damage":34,"enemies":"The Guardian","floor":16,"turns":10},{"damage":4,"enemies":"3 Byrds","floor":18,"turns":2},{"damage":20,"enemies":"Shell Parasite","floor":22,"turns":5},{"damage":0,"enemies":"Gremlin Leader","floor":23,"turns":4},{"damage":28,"enemies":"Book of Stabbing","floor":25,"turns":4},{"damage":14,"enemies":"Snecko","floor":27,"turns":3},{"damage":19,"enemies":"Cultist and Chosen","floor":28,"turns":5},{"damage":13,"enemies":"Centurion and Healer","floor":29,"turns":2},{"damage":0,"enemies":"Snake Plant","floor":30,"turns":2},{"damage":106,"enemies":"Champ","floor":33,"turns":10}],"seed_played":"4681482203658079884","potions_obtained":[{"floor":7,"key":"Block Potion"},{"floor":10,"key":"SneckoOil"},{"floor":13,"key":"Fire Potion"},{"floor":18,"key":"FearPotion"},{"floor":22,"key":"AttackPotion"},{"floor":28,"key":"GamblersBrew"},{"floor":29,"key":"SpeedPotion"}],"is_trial":false,"path_per_floor":["M","M","?","?","$","R","E","$","T","M","?","R","E","?","R","B",null,"M","?","?","$","M","E","R","E","T","M","M","M","M","$","R","B"],"character_chosen":"IRONCLAD","items_purchased":["Shockwave","Feed","Singing Bowl","Bag of Marbles"],"campfire_rested":3,"item_purchase_floors":[5,8,21,31],"current_hp_per_floor":[56,53,50,43,43,43,35,35,45,51,44,71,35,58,85,61,88,90,90,90,90,81,90,90,70,70,66,55,52,62,62,95,0],"gold":4,"neow_bonus":"RANDOM_COMMON_RELIC","is_prod":false,"is_daily":false,"chose_seed":false,"campfire_upgraded":2,"win_rate":0,"timestamp":1543087207,"path_taken":["M","M","?","?","$","R","E","?","T","M","?","R","E","?","R","BOSS","M","?","?","$","M","E","R","E","T","M","M","M","?","$","R","BOSS"],"build_version":"2018-11-15","purchased_purges":2,"victory":false,"max_hp_per_floor":[80,80,80,80,80,80,80,80,90,90,90,90,93,93,93,97,97,97,97,97,97,102,105,105,107,107,109,109,111,113,113,113,113],"card_choices":[{"not_picked":["Cleave","Flex"],"picked":"Armaments","floor":1},{"not_picked":["Pummel","Clash"],"picked":"Disarm","floor":2},{"not_picked":["Feel No Pain","Entrench"],"picked":"Seeing Red","floor":7},{"not_picked":["Sever Soul","Wild Strike"],"picked":"Twin Strike","floor":10},{"not_picked":["Entrench","Headbutt"],"picked":"Twin Strike","floor":11},{"not_picked":["Heavy Blade","Clothesline"],"picked":"Inflame","floor":13},{"not_picked":["Demon Form","Fiend Fire+1"],"picked":"Immolate+1","floor":16},{"not_picked":[],"picked":"Headbutt+1","floor":18},{"not_picked":["Clothesline+1"],"picked":"Singing Bowl","floor":22},{"not_picked":[],"picked":"Flex","floor":23},{"not_picked":["Armaments"],"picked":"Singing Bowl","floor":25},{"not_picked":["True Grit"],"picked":"Singing Bowl","floor":27},{"not_picked":[],"picked":"Pommel Strike+1","floor":28},{"not_picked":["Havoc"],"picked":"Singing Bowl","floor":29},{"not_picked":["Sword Boomerang+1"],"picked":"Singing Bowl","floor":30}],"player_experience":461241,"relics_obtained":[{"floor":7,"key":"Bronze Scales"},{"floor":9,"key":"Pear"},{"floor":11,"key":"Potion Belt"},{"floor":13,"key":"Molten Egg 2"},{"floor":23,"key":"Paper Frog"},{"floor":25,"key":"Anchor"},{"floor":26,"key":"Blood Vial"}],"event_choices":[{"damage_healed":0,"gold_gain":0,"player_choice":"Success","damage_taken":3,"relics_obtained":["Ginger"],"max_hp_gain":0,"max_hp_loss":0,"event_name":"Scrap Ooze","floor":3,"gold_loss":0},{"cards_removed":["Defend_R"],"damage_healed":0,"gold_gain":0,"player_choice":"Card Removal","damage_taken":7,"max_hp_gain":0,"max_hp_loss":0,"event_name":"Golden Wing","floor":4,"gold_loss":0},{"damage_healed":0,"gold_gain":0,"player_choice":"Searched \u00271\u0027 times","damage_taken":0,"max_hp_gain":0,"max_hp_loss":0,"event_name":"Dead Adventurer","floor":11,"gold_loss":0},{"damage_healed":23,"gold_gain":0,"player_choice":"Healed","damage_taken":0,"max_hp_gain":0,"max_hp_loss":0,"event_name":"The Cleric","floor":14,"gold_loss":35},{"damage_healed":0,"gold_gain":0,"player_choice":"Opened","damage_taken":0,"relics_obtained":["Red Skull"],"max_hp_gain":0,"max_hp_loss":0,"event_name":"The Mausoleum","floor":19,"gold_loss":0,"cards_obtained":["Writhe"]},{"damage_healed":0,"gold_gain":275,"player_choice":"Desecrate","damage_taken":0,"max_hp_gain":0,"max_hp_loss":0,"event_name":"Golden Shrine","floor":20,"gold_loss":0,"cards_obtained":["Regret"]}],"is_beta":false,"boss_relics":[{"not_picked":["Pandora\u0027s Box","Runic Dome"],"picked":"Busted Crown"}],"items_purged_floors":[21,31],"is_endless":false,"potions_floor_spawned":[7,10,13,18,22,28,29],"killed_by":"Champ","ascension_level":12}