{"path_per_floor":["M","?","$","?","M","R","$","E","T","M","?","?","M","M","R","B",null,"M","$","M","?","M","R"],"character_chosen":"DEFECT","items_purchased":["Rip and Tear","Omamori","Energy Potion"],"gold_per_floor":[115,115,1,1,16,16,16,44,44,64,44,64,82,94,94,198,198,198,0,0,0,0,0,0],"floor_reached":24,"campfire_rested":2,"playtime":1224,"item_purchase_floors":[3,19,19],"current_hp_per_floor":[65,58,58,58,58,58,58,37,37,37,37,37,29,29,51,66,75,64,64,46,46,27,49,0],"items_purged":["Strike_B"],"gold":0,"score":258,"play_id":"6071d232-6784-4285-9990-aac6dee04b4f","local_time":"20180614081044","is_prod":false,"is_daily":false,"chose_seed":false,"is_ascension_mode":true,"campfire_upgraded":1,"win_rate":0.0,"timestamp":1528953044,"campfire_choices":[{"data":"Rainbow","floor":6,"key":"SMITH"},{"floor":15,"key":"REST"},{"floor":23,"key":"REST"}],"path_taken":["M","?","?","?","M","R","$","E","T","?","?","?","M","?","R","BOSS","M","?","?","?","?","R","E"],"build_version":"2018-06-07v3","seed_source_timestamp":181468890224,"purchased_purges":1,"victory":false,"master_deck":["Strike_B","Strike_B","Strike_B","Defend_B","Defend_B","Defend_B","Defend_B","Zap","Dualcast","Rainbow+1","Redo","Rip and Tear","Streamline","Sweeping Beam","Conserve Battery","Conserve Battery","Amplify","Buffer","Chill","Self Repair","Echo Form"],"max_hp_per_floor":[75,75,75,75,75,75,75,75,75,75,75,75,75,75,75,75,75,75,75,75,75,75,75,75],"relics":["Cracked Core","Question Card","Anchor","Blue Candle","Odd Mushroom","Ectoplasm","Omamori","Unceasing Top"],"card_choices":[{"not_picked":["Go for the Eyes","Scrape"],"picked":"Redo","floor":1},{"not_picked":["Auto Shields","Storm","Cold Snap"],"picked":"Streamline","floor":5},{"not_picked":["Gash","Undo","Conserve Battery"],"picked":"Sweeping Beam","floor":8},{"not_picked":["Storm","Go for the Eyes","Leap"],"picked":"Conserve Battery","floor":10},{"not_picked":["Hologram","Stack","Lockon"],"picked":"Conserve Battery","floor":13},{"not_picked":["Ball Lightning","Heatsinks","Hologram"],"picked":"Amplify","floor":14},{"not_picked":["Amplify","Reboot","Seek"],"picked":"Buffer","floor":16},{"not_picked":["Ball Lightning","Stack+1","Beam Cell"],"picked":"Chill","floor":18},{"not_picked":["Conserve Battery","Lockon+1","Rip and Tear+1"],"picked":"Self Repair","floor":20},{"not_picked":["Cold Snap","Redo","Gash"],"picked":"Echo Form","floor":22}],"player_experience":253656,"potions_floor_usage":[5,8,8,12,13,16,16,24],"damage_taken":[{"damage":10,"enemies":"Small Slimes","floor":1,"turns":4},{"damage":0,"enemies":"2 Louse","floor":5,"turns":1},{"damage":21,"enemies":"Gremlin Nob","floor":8,"turns":4},{"damage":0,"enemies":"Cultist","floor":10,"turns":3},{"damage":0,"floor":12,"turns":3},{"damage":8,"enemies":"Exordium Thugs","floor":13,"turns":3},{"damage":0,"enemies":"3 Louse","floor":14,"turns":2},{"damage":0,"enemies":"Slime Boss","floor":16,"turns":8},{"damage":11,"enemies":"Shell Parasite","floor":18,"turns":6},{"damage":18,"enemies":"Spheric Guardian","floor":20,"turns":4},{"damage":26,"enemies":"Slaver and Parasite","floor":22,"turns":9},{"damage":52,"enemies":"Gremlin Leader","floor":24,"turns":6}],"relics_obtained":[{"floor":8,"key":"Anchor"},{"floor":9,"key":"Blue Candle"},{"floor":12,"key":"Odd Mushroom"}],"event_choices":[{"event_name":"Scrap Ooze","player_choice":"success","floor":2,"damage_taken":7},{"event_name":"The Lab","player_choice":"Got Potions","floor":4,"damage_taken":0},{"event_name":"The Woman in Blue","player_choice":"Bought 1 Potion","floor":11,"damage_taken":0},{"event_name":"Mushrooms","player_choice":"Fought Mushrooms","floor":12,"damage_taken":0},{"event_name":"The Mausoleum","player_choice":"Yes","floor":21,"damage_taken":0}],"boss_relics":[{"not_picked":["Eternal Feather","Runic Dome"],"picked":"Ectoplasm"}],"items_purged_floors":[3],"potions_floor_spawned":[5,8,12,13,14,22],"seed_played":"5372774485480662450","killed_by":"Gremlin Leader","ascension_level":1,"potions_obtained":[{"floor":4,"key":"Poison Potion"},{"floor":4,"key":"LiquidBronze"},{"floor":4,"key":"Dexterity Potion"},{"floor":5,"key":"EssenceOfSteel"},{"floor":8,"key":"SteroidPotion"},{"floor":11,"key":"Fire Potion"},{"floor":12,"key":"Fire Potion"},{"floor":13,"key":"PowerPotion"},{"floor":14,"key":"Regen Potion"},{"floor":22,"key":"Fire Potion"}],"is_trial":false}