{"path_per_floor":["M","?","M","$","M","E","M","$","T","E","$","R","M","M","R","B",null,"M","$","M","?","$","E","R","$","T","R","?","M","E","M","R","B",null,"M","M","$","?","?","R"],"character_chosen":"IRONCLAD","items_purchased":["Shrug It Off","Reaper","Flame Barrier"],"gold_per_floor":[115,115,129,31,48,81,100,26,53,82,7,7,21,37,37,137,137,137,37,0,0,0,0,0,0,0,0,0,0,0,0,0,0,0,0,0,0,0,0,0,0],"floor_reached":41,"campfire_rested":5,"playtime":1476,"current_hp_per_floor":[75,80,85,85,85,57,57,57,57,35,35,61,60,61,87,10,89,91,91,77,77,77,30,57,57,57,57,57,40,31,42,71,22,107,64,76,76,62,52,85,0],"items_purged":["Strike_R","Strike_R"],"gold":0,"score":533,"play_id":"c01600d8-9863-4694-a390-196031a2defa","local_time":"20180402110448","is_prod":false,"is_daily":false,"is_ascension_mode":true,"campfire_upgraded":1,"timestamp":1522656288,"path_taken":["M","?","M","?","M","E","M","$","T","E","$","R","M","M","R","BOSS","M","$","?","?","?","E","R","$","T","R","?","?","E","?","R","BOSS","M","M","$","?","?","R","E"],"build_version":"2018-03-29v2","purchased_purges":3,"victory":false,"master_deck":["Strike_R","Strike_R","Defend_R","Defend_R","Defend_R","Defend_R","Bash","Ghostly Armor","Twin Strike","Shrug It Off","Inflame","Reaper","Flame Barrier","Whirlwind+1","Offering","Flex","Flex+1","Combust","Feed","Bloodletting","Madness","Madness","Apotheosis","Panache","Dramatic Entrance"],"max_hp_per_floor":[80,85,85,85,85,85,85,85,85,87,87,87,87,89,89,89,89,91,91,91,91,91,91,91,91,91,91,91,93,95,97,97,97,107,107,112,112,112,112,112,112],"relics":["Burning Blood","Orichalcum","Oddly Smooth Stone","Singing Bowl","Ectoplasm","Smiling Mask","Blood Vial","Pen Nib","Orrery"],"card_choices":[{"not_picked":["Second Wind","Rupture"],"picked":"Ghostly Armor","floor":1},{"not_picked":["Anger","Clothesline"],"picked":"Twin Strike","floor":3},{"not_picked":["Clash","Shrug It Off"],"picked":"Inflame","floor":6},{"not_picked":["Spot Weakness","Body Slam"],"picked":"Whirlwind","floor":13},{"not_picked":["Berserk","Brutality"],"picked":"Offering","floor":16},{"not_picked":["Evolve","Cleave"],"picked":"Flex","floor":20},{"not_picked":["Shrug It Off","Flame Barrier"],"picked":"Flex","floor":23},{"not_picked":["Limit Break","Exhume"],"picked":"Feed","floor":33},{"not_picked":["Body Slam","Twin Strike"],"picked":"Bloodletting","floor":35},{"not_picked":["Secret Weapon","Good Instincts"],"picked":"Apotheosis","floor":39},{"not_picked":["Swift Strike","Purity"],"picked":"Panache","floor":39},{"not_picked":["Purity","Deep Breath"],"picked":"Dramatic Entrance","floor":39}],"player_experience":169876,"potions_floor_usage":[6,6,16,18,20,31,33,35,41],"damage_taken":[{"damage":11,"enemies":"Jaw Worm","floor":1,"turns":4},{"damage":1,"enemies":"Cultist","floor":3,"turns":3},{"damage":0,"enemies":"2 Louse","floor":5,"turns":4},{"damage":34,"enemies":"Lagavulin","floor":6,"turns":7},{"damage":6,"enemies":"Looter","floor":7,"turns":3},{"damage":36,"enemies":"Gremlin Nob","floor":10,"turns":5},{"damage":13,"enemies":"Large Slime","floor":13,"turns":6},{"damage":15,"enemies":"Exordium Wildlife","floor":14,"turns":5},{"damage":89,"enemies":"Hexaghost","floor":16,"turns":13},{"damage":4,"enemies":"Spheric Guardian","floor":18,"turns":3},{"damage":20,"enemies":"2 Thieves","floor":20,"turns":3},{"damage":53,"enemies":"Book of Stabbing","floor":23,"turns":8},{"damage":31,"enemies":"Snecko","floor":29,"turns":4},{"damage":31,"enemies":"Slavers","floor":30,"turns":3},{"damage":5,"enemies":"Sentry and Sphere","floor":31,"turns":3},{"damage":82,"enemies":"Automaton","floor":33,"turns":10},{"damage":49,"enemies":"3 Darklings","floor":35,"turns":3},{"damage":7,"enemies":"Orb Walker","floor":36,"turns":3},{"damage":101,"enemies":"2 Orb Walkers","floor":41,"turns":4}],"event_choices":[{"event_name":"Big Fish","player_choice":"Donut","floor":2,"damage_taken":0},{"event_name":"Drug Dealer","player_choice":"Ignored","floor":21,"damage_taken":0},{"event_name":"Transmorgrifier","player_choice":"Transform","floor":28,"damage_taken":0},{"event_name":"Winding Halls","player_choice":"Embrace Madness","floor":38,"damage_taken":0},{"event_name":"SensoryStone","player_choice":"Memory 3","floor":39,"damage_taken":0}],"boss_relics":[{"not_picked":["Runic Dome","White Beast Statue"],"picked":"Ectoplasm"},{"not_picked":["Snecko Eye","Runic Cube"],"picked":"Orrery"}],"potions_floor_spawned":[1,5,6,16,18,30,31,33,35],"seed_played":"-4010778160227990492","killed_by":"2 Orb Walkers","ascension_level":2,"is_trial":false}