{"path_per_floor":["M","?","M","?","?","R","M","E","T","M","E","M","?","M","R","B",null,"M","?","M","M","?","R","$","E","T","R","M","M","?","M","R","B",null,"M","?","?","M","M"],"character_chosen":"THE_SILENT","items_purchased":["Toolbox","Matryoshka"],"gold_per_floor":[117,117,136,136,96,96,114,144,144,155,181,201,451,466,466,567,567,583,583,602,617,532,532,46,80,105,105,115,126,76,88,88,192,192,207,0,0,17,27],"floor_reached":40,"campfire_rested":2,"playtime":3333,"current_hp_per_floor":[70,56,56,56,56,56,56,53,53,52,52,52,52,49,49,33,74,67,67,69,39,39,39,39,23,23,49,42,39,39,39,66,9,86,56,56,45,17,30],"items_purged":[],"gold":27,"score":470,"play_id":"597e8a02-6dcf-4ddb-8b7a-110b0b9a9dd7","local_time":"20180321224921","is_prod":false,"is_daily":false,"is_ascension_mode":false,"campfire_upgraded":2,"timestamp":1521665361,"path_taken":["M","?","M","?","?","R","M","E","T","?","E","M","?","M","R","BOSS","M","?","M","M","?","R","$","E","T","R","M","?","?","M","R","BOSS","M","?","?","M","M","E"],"build_version":"2018-03-15v3","purchased_purges":0,"victory":false,"master_deck":["Defend_G","Defend_G","Defend_G","Defend_G+1","Defend_G","Strike_G","Strike_G","Strike_G","Strike_G","Strike_G","Survivor","Neutralize+1","Poisoned Stab","Poisoned Stab+1","Dash","Adrenaline+1","Corpse Explosion","Poisoned Stab","Wraith Form+1","Backflip+1","Well Laid Plans+1","Crippling Poison+1","Adrenaline","Terror","Madness","Madness","Blur+1"],"max_hp_per_floor":[70,70,70,70,70,70,70,70,70,72,72,72,72,74,74,74,74,74,74,76,78,78,78,78,80,80,82,82,84,84,84,86,86,86,86,86,86,88,88],"relics":["Ring of the Snake","Singing Bowl","Shuriken","Peace Pipe","Pen Nib","The Specimen","Thread and Needle","Toolbox","Matryoshka","Dream Catcher","Bag of Preparation","Happy Flower","Lizard Tail","Red Mask"],"card_choices":[{"not_picked":["Dodge and Roll","Accuracy"],"picked":"Poisoned Stab"},{"not_picked":["Sucker Punch","Distraction"],"picked":"Poisoned Stab"},{"not_picked":["Accuracy","Backflip"],"picked":"Dash"},{"not_picked":["Deflect","Underhanded Strike"],"picked":"Adrenaline"},{"not_picked":["Poisoned Stab","Expertise"],"picked":"Corpse Explosion"},{"not_picked":["Reflex","Backflip"],"picked":"Poisoned Stab"},{"not_picked":["Doppelganger","Tactician"],"picked":"Wraith Form"},{"not_picked":["Finisher","Acrobatics"],"picked":"Backflip"},{"not_picked":["Dodge and Roll","Deflect"],"picked":"Well Laid Plans"},{"not_picked":["Dagger Spray","Caltrops"],"picked":"Crippling Poison"},{"not_picked":["Tactician","Venomology"],"picked":"Adrenaline"},{"not_picked":["PiercingWail","Prepared"],"picked":"Terror"},{"not_picked":["Quick Slash","Dagger Spray"],"picked":"Blur"}],"player_experience":114434,"potions_floor_usage":[8,10,11,11,11,16,16,20,25,25,33,35,39],"damage_taken":[{"damage":0,"enemies":"2 Louse","floor":1,"turns":2},{"damage":0,"enemies":"Small Slimes","floor":3,"turns":3},{"damage":0,"enemies":"Cultist","floor":7,"turns":3},{"damage":3,"enemies":"3 Sentries","floor":8,"turns":8},{"damage":3,"enemies":"Gremlin Gang","floor":10,"turns":5},{"damage":0,"enemies":"Gremlin Nob","floor":11,"turns":2},{"damage":0,"enemies":"3 Louse","floor":12,"turns":3},{"damage":5,"enemies":"Lots of Slimes","floor":14,"turns":3},{"damage":16,"enemies":"The Guardian","floor":16,"turns":8},{"damage":7,"enemies":"Shell Parasite","floor":18,"turns":6},{"damage":0,"enemies":"Chosen","floor":20,"turns":4},{"damage":32,"enemies":"Centurion and Healer","floor":21,"turns":8},{"damage":22,"enemies":"Slavers","floor":25,"turns":6},{"damage":7,"enemies":"Slaver and Parasite","floor":28,"turns":8},{"damage":5,"enemies":"Snake Plant","floor":29,"turns":4},{"damage":0,"enemies":"Snecko","floor":31,"turns":3},{"damage":57,"enemies":"Collector","floor":33,"turns":11},{"damage":30,"enemies":"3 Darklings","floor":35,"turns":6},{"damage":30,"enemies":"3 Shapes","floor":38,"turns":4},{"damage":47,"enemies":"Sphere and 2 Shapes","floor":39,"turns":6},{"damage":49,"enemies":"Giant Head","floor":40,"turns":9}],"event_choices":[{"event_name":"Shining Light","player_choice":"Entered Light","floor":2,"damage_taken":0},{"event_name":"Purifier","player_choice":"Skipped","floor":4,"damage_taken":0},{"event_name":"The Woman in Blue","player_choice":"Bought 3 Potions","floor":5,"damage_taken":0},{"event_name":"Golden Shrine","player_choice":"Desecrate","floor":13,"damage_taken":0},{"event_name":"Upgrade Shrine","player_choice":"Upgraded","floor":19,"damage_taken":0},{"event_name":"Addict","player_choice":"Obtained Relic","floor":22,"damage_taken":0},{"event_name":"The Joust","player_choice":"Bet on Owner","floor":30,"damage_taken":0},{"event_name":"Tomb of Lord Red Mask","player_choice":"Paid","floor":36,"damage_taken":0},{"event_name":"Winding Halls","player_choice":"Embrace Madness","floor":37,"damage_taken":0}],"boss_relics":[{"not_picked":["Orrery","Philosopher\u0027s Stone"],"picked":"The Specimen"},{"not_picked":["White Beast Statue","Astrolabe"],"picked":"Lizard Tail"}],"potions_floor_spawned":[8,10,11,12,14,20,21,31,33,35],"seed_played":"197916688288274493","killed_by":"Giant Head","ascension_level":0,"is_trial":false}