{"gold_per_floor":[112,37,47,58,68,68,81,108,132,82,99,99,117,117,117,117],"floor_reached":16,"playtime":519,"items_purged":["Strike_R"],"score":104,"play_id":"13440bfc-56c3-48c4-9fbe-19ed7fc46534","local_time":"20190710164236","is_ascension_mode":false,"campfire_choices":[{"data":"Bash","floor":6,"key":"SMITH"},{"data":"True Grit","floor":12,"key":"SMITH"},{"floor":15,"key":"REST"}],"neow_cost":"NONE","seed_source_timestamp":14756673636273,"circlet_count":0,"master_deck":["Strike_R","Strike_R","Strike_R","Defend_R","Defend_R","Defend_R","Defend_R","Bash+1","True Grit+1"],"relics":["Burning Blood","Vajra","Juzu Bracelet","Orichalcum"],"potions_floor_usage":[8],"damage_taken":[{"damage":1,"enemies":"Cultist","floor":1,"turns":3},{"damage":4,"enemies":"2 Louse","floor":3,"turns":4},{"damage":2,"enemies":"Small Slimes","floor":4,"turns":5},{"damage":4,"enemies":"Exordium Wildlife","floor":5,"turns":5},{"damage":3,"enemies":"Looter","floor":7,"turns":3},{"damage":36,"enemies":"Lagavulin","floor":8,"turns":5},{"damage":21,"enemies":"Large Slime","floor":11,"turns":11},{"damage":8,"enemies":"Exordium Wildlife","floor":13,"turns":7},{"damage":59,"enemies":"The Guardian","floor":16,"turns":13}],"seed_played":"4305683601958370788","potions_obtained":[{"floor":3,"key":"Fire Potion"},{"floor":11,"key":"BloodPotion"}],"is_trial":false,"path_per_floor":["M","$","M","M","M","R","M","E","T","?","M","R","M","?","R","B"],"character_chosen":"IRONCLAD","items_purchased":[],"campfire_rested":1,"item_purchase_floors":[],"current_hp_per_floor":[80,80,80,80,80,80,80,50,50,50,35,35,33,59,80,21],"gold":117,"neow_bonus":"RANDOM_COMMON_RELIC","is_prod":false,"is_daily":false,"chose_seed":false,"campfire_upgraded":2,"win_rate":0,"timestamp":1562769756,"path_taken":["M","$","M","M","M","R","M","E","T","?","M","R","M","?","R","BOSS"],"build_version":"2019-07-05","purchased_purges":1,"victory":false,"max_hp_per_floor":[80,80,80,80,80,80,80,80,80,80,80,80,80,80,80,80],"card_choices":[{"not_picked":["Twin Strike","Blood for Blood","Iron Wave"],"picked":"SKIP","floor":1},{"not_picked":["Heavy Blade","Anger","Body Slam"],"picked":"SKIP","floor":3},{"not_picked":["Twin Strike","Reaper"],"picked":"True Grit","floor":4},{"not_picked":["Wild Strike","Armaments","Anger"],"picked":"SKIP","floor":5},{"not_picked":["Sword Boomerang","Headbutt","Corruption"],"picked":"SKIP","floor":7},{"not_picked":["Cleave","Anger","Impervious"],"picked":"SKIP","floor":8},{"not_picked":["Heavy Blade","Sever Soul","Anger"],"picked":"SKIP","floor":11},{"not_picked":["Twin Strike","Body Slam","Brutality"],"picked":"SKIP","floor":13}],"player_experience":56966,"relics_obtained":[{"floor":8,"key":"Juzu Bracelet"},{"floor":9,"key":"Orichalcum"}],"event_choices":[{"cards_removed":["Strike_R"],"damage_healed":0,"gold_gain":0,"player_choice":"Card Removal","damage_taken":0,"max_hp_gain":0,"max_hp_loss":0,"event_name":"The Cleric","floor":10,"gold_loss":50},{"damage_healed":26,"gold_gain":0,"player_choice":"Banana","damage_taken":0,"max_hp_gain":0,"max_hp_loss":0,"event_name":"Big Fish","floor":14,"gold_loss":0}],"is_beta":false,"boss_relics":[],"items_purged_floors":[2],"is_endless":false,"potions_floor_spawned":[3,11],"killed_by":"The Guardian","ascension_level":0}