{"gold_per_floor":[116,136,311,311,236,236,269,269,269,283,302,365,385,403,403,508,508,524,536,551,152,171,171,23,23,47,47,58,77,77,77,77,77],"floor_reached":33,"playtime":1431,"items_purged":["Doubt","Injury"],"score":259,"play_id":"2308b695-28b9-4b13-885a-a18447de36a2","local_time":"20190710102706","is_ascension_mode":false,"campfire_choices":[{"data":"Infernal Blade","floor":6,"key":"SMITH"},{"data":"Bash","floor":8,"key":"SMITH"},{"floor":15,"key":"REST"},{"data":"Double Tap","floor":23,"key":"SMITH"},{"data":"Pommel Strike","floor":25,"key":"SMITH"},{"data":"Shrug It Off","floor":30,"key":"SMITH"},{"data":"Ghostly Armor","floor":32,"key":"SMITH"}],"neow_cost":"CURSE","seed_source_timestamp":73000160622155,"circlet_count":0,"master_deck":["Strike_R","Strike_R","Strike_R","Strike_R","Strike_R","Defend_R","Defend_R","Defend_R","Defend_R","Bash+1","Pommel Strike+1","Infernal Blade+1","Warcry","Seeing Red","Seeing Red","Sentinel","Iron Wave","Double Tap+1","Headbutt+1","Ghostly Armor+1","Shrug It Off+1","Rampage+1","Seeing Red"],"relics":["Burning Blood","Du-Vu Doll","Letter Opener","Orichalcum","Tiny Chest","Philosopher\u0027s Stone","Incense Burner","Bag of Marbles","Art of War","MutagenicStrength"],"potions_floor_usage":[7,7,22,33,33,33],"damage_taken":[{"damage":8,"enemies":"2 Louse","floor":1,"turns":3},{"damage":6,"enemies":"Jaw Worm","floor":2,"turns":3},{"damage":8,"enemies":"3 Sentries","floor":7,"turns":6},{"damage":0,"enemies":"Cultist","floor":10,"turns":2},{"damage":29,"enemies":"Exordium Thugs","floor":11,"turns":7},{"damage":20,"enemies":"Lagavulin","floor":12,"turns":5},{"damage":11,"enemies":"Large Slime","floor":13,"turns":5},{"damage":4,"enemies":"2 Fungi Beasts","floor":14,"turns":3},{"damage":63,"enemies":"Hexaghost","floor":16,"turns":11},{"damage":14,"enemies":"Shell Parasite","floor":18,"turns":4},{"damage":6,"enemies":"Chosen","floor":19,"turns":3},{"damage":39,"enemies":"Centurion and Healer","floor":20,"turns":6},{"damage":11,"enemies":"Shelled Parasite and Fungi","floor":22,"turns":3},{"damage":0,"enemies":"3 Cultists","floor":28,"turns":4},{"damage":10,"enemies":"Sentry and Sphere","floor":29,"turns":4},{"damage":37,"enemies":"Automaton","floor":33,"turns":6}],"seed_played":"6754658823962002975","potions_obtained":[{"floor":1,"key":"Explosive Potion"},{"floor":2,"key":"PowerPotion"},{"floor":12,"key":"Explosive Potion"},{"floor":22,"key":"Block Potion"},{"floor":28,"key":"AttackPotion"},{"floor":29,"key":"PowerPotion"}],"is_trial":false,"path_per_floor":["M","M","?","?","$","R","E","R","T","M","M","E","M","M","R","B",null,"M","M","M","$","M","R","$","R","T","?","M","M","R","?","R","B"],"character_chosen":"IRONCLAD","items_purchased":["Incense Burner","Bag of Marbles"],"campfire_rested":1,"item_purchase_floors":[21,24],"current_hp_per_floor":[78,78,78,78,78,78,76,76,76,80,57,43,38,40,64,7,80,72,72,39,39,34,34,34,34,34,34,40,36,36,36,36,0],"gold":77,"neow_bonus":"ONE_RARE_RELIC","is_prod":false,"is_daily":false,"chose_seed":false,"campfire_upgraded":6,"win_rate":0,"timestamp":1562747226,"path_taken":["M","M","?","?","$","R","E","R","T","M","M","E","M","?","R","BOSS","M","M","M","$","M","R","$","R","T","?","M","M","R","?","R","BOSS"],"build_version":"2019-07-05","purchased_purges":2,"victory":false,"max_hp_per_floor":[80,80,80,80,80,80,80,80,80,80,80,80,80,80,80,80,80,80,80,80,80,80,80,80,80,80,80,80,80,80,80,80,80],"card_choices":[{"not_picked":["Second Wind","Headbutt"],"picked":"Pommel Strike","floor":1},{"not_picked":["Blood for Blood","Pommel Strike","Power Through"],"picked":"SKIP","floor":2},{"not_picked":["Wild Strike","Iron Wave"],"picked":"Warcry","floor":7},{"not_picked":["Fire Breathing","Warcry"],"picked":"Seeing Red","floor":10},{"not_picked":["Whirlwind","Reckless Charge"],"picked":"Seeing Red","floor":11},{"not_picked":["Body Slam","Twin Strike","Wild Strike"],"picked":"SKIP","floor":12},{"not_picked":["Iron Wave","Burning Pact"],"picked":"Sentinel","floor":13},{"not_picked":["Blood for Blood","Sword Boomerang"],"picked":"Iron Wave","floor":14},{"not_picked":["Brutality","Berserk"],"picked":"Double Tap","floor":16},{"not_picked":["Iron Wave","Cleave","Infernal Blade"],"picked":"SKIP","floor":18},{"not_picked":["Pommel Strike","Rupture","Heavy Blade"],"picked":"SKIP","floor":19},{"not_picked":["Havoc","Dual Wield"],"picked":"Headbutt+1","floor":20},{"not_picked":["Double Tap","Sever Soul"],"picked":"Ghostly Armor","floor":22},{"not_picked":["Clash+1","Pommel Strike"],"picked":"Shrug It Off","floor":28},{"not_picked":["Anger","Clash"],"picked":"Rampage+1","floor":29}],"player_experience":48779,"relics_obtained":[{"floor":7,"key":"Letter Opener"},{"floor":9,"key":"Orichalcum"},{"floor":12,"key":"Tiny Chest"},{"floor":26,"key":"Art of War"}],"event_choices":[{"damage_healed":0,"gold_gain":175,"player_choice":"AGREE","damage_taken":0,"max_hp_gain":0,"max_hp_loss":0,"event_name":"Liars Game","floor":3,"gold_loss":0,"cards_obtained":["Doubt"]},{"damage_healed":0,"gold_gain":0,"player_choice":"1 cards matched","damage_taken":0,"max_hp_gain":0,"max_hp_loss":0,"event_name":"Match and Keep!","floor":4,"gold_loss":0,"cards_obtained":["Infernal Blade"]},{"damage_healed":0,"gold_gain":0,"player_choice":"Inject Mutagens","damage_taken":0,"relics_obtained":["MutagenicStrength"],"max_hp_gain":0,"max_hp_loss":0,"event_name":"Drug Dealer","floor":27,"gold_loss":0},{"damage_healed":0,"gold_gain":0,"player_choice":"Copied","damage_taken":0,"max_hp_gain":0,"max_hp_loss":0,"event_name":"Duplicator","floor":31,"gold_loss":0,"cards_obtained":["Seeing Red"]}],"is_beta":false,"boss_relics":[{"not_picked":["Runic Cube","Calling Bell"],"picked":"Philosopher\u0027s Stone"}],"items_purged_floors":[5,21],"is_endless":false,"potions_floor_spawned":[1,2,12,22,28,29],"killed_by":"Automaton","ascension_level":0}