{"gold_per_floor":[113,113,125,137,62,93,93,126,152,152,182,182,182],"floor_reached":13,"playtime":344,"items_purged":["Regret"],"score":162,"play_id":"578fe673-5bb0-4334-8d47-74777c32c041","local_time":"20181101140142","is_ascension_mode":true,"campfire_choices":[{"floor":10,"key":"REST"}],"neow_cost":"NONE","seed_source_timestamp":247220612017500,"circlet_count":0,"master_deck":["Strike_R","Strike_R","Strike_R","Strike_R","Strike_R","Defend_R","Defend_R","Defend_R","Defend_R","Bash","AscendersBane","Whirlwind","Iron Wave","Exhume+1","Spot Weakness","Flex"],"relics":["Burning Blood","NeowsBlessing","Anchor","Happy Flower","Bird Faced Urn","Orichalcum","Pantograph"],"potions_floor_usage":[6,6,8,11],"damage_taken":[{"damage":0,"enemies":"Small Slimes","floor":1,"turns":1},{"damage":0,"enemies":"2 Louse","floor":3,"turns":1},{"damage":0,"enemies":"Cultist","floor":4,"turns":1},{"damage":25,"enemies":"Gremlin Nob","floor":6,"turns":5},{"damage":62,"enemies":"Lagavulin","floor":8,"turns":7},{"damage":20,"enemies":"3 Sentries","floor":11,"turns":6},{"damage":45,"enemies":"Lagavulin","floor":13,"turns":5}],"seed_played":"4900552546694820387","potions_obtained":[{"floor":1,"key":"SpeedPotion"},{"floor":4,"key":"Poison Potion"},{"floor":6,"key":"Regen Potion"},{"floor":8,"key":"SpeedPotion"}],"is_trial":false,"path_per_floor":["M","?","M","M","$","E","?","E","T","R","E","?"],"character_chosen":"IRONCLAD","items_purchased":[],"campfire_rested":1,"item_purchase_floors":[],"current_hp_per_floor":[78,78,80,80,80,61,61,20,20,44,30,30,0],"gold":182,"neow_bonus":"THREE_ENEMY_KILL","is_prod":false,"is_daily":false,"chose_seed":false,"campfire_upgraded":0,"win_rate":0,"timestamp":1541073702,"path_taken":["M","?","?","M","$","E","?","E","T","R","E","?","E"],"build_version":"2018-10-25v2","purchased_purges":1,"victory":false,"max_hp_per_floor":[80,80,80,80,80,80,80,80,80,80,80,80,80],"card_choices":[{"not_picked":["Thunderclap","Pummel"],"picked":"Whirlwind","floor":1},{"not_picked":["Feel No Pain","Entrench","Armaments"],"picked":"SKIP","floor":3},{"not_picked":["Rage","True Grit"],"picked":"Iron Wave","floor":4},{"not_picked":["Blood for Blood","Warcry"],"picked":"Exhume","floor":6},{"not_picked":["Entrench","Clothesline"],"picked":"Spot Weakness","floor":8},{"not_picked":["Anger","Sentinel"],"picked":"Flex","floor":11}],"player_experience":454987,"relics_obtained":[{"floor":6,"key":"Happy Flower"},{"floor":8,"key":"Bird Faced Urn"},{"floor":9,"key":"Orichalcum"},{"floor":11,"key":"Pantograph"}],"event_choices":[{"damage_healed":0,"gold_gain":0,"player_choice":"Box","damage_taken":0,"relics_obtained":["Anchor"],"max_hp_gain":0,"max_hp_loss":0,"event_name":"Big Fish","floor":2,"gold_loss":0,"cards_obtained":["Regret"]},{"damage_healed":0,"gold_gain":0,"player_choice":"Upgraded","damage_taken":0,"max_hp_gain":0,"max_hp_loss":0,"event_name":"Upgrade Shrine","floor":7,"gold_loss":0,"cards_upgraded":["Exhume"]},{"damage_healed":0,"gold_gain":0,"player_choice":"Ignored","damage_taken":0,"max_hp_gain":0,"max_hp_loss":0,"event_name":"Golden Wing","floor":12,"gold_loss":0}],"is_beta":false,"boss_relics":[],"items_purged_floors":[5],"is_endless":false,"potions_floor_spawned":[1,4,6,8],"killed_by":"Lagavulin","ascension_level":12}