{"gold_per_floor":[113,113,124,124,139,139,172,172,172,172,215,215,240,255,255,381,381,404,276,276,289,289],"floor_reached":22,"playtime":706,"items_purged":["Defend_B"],"score":233,"play_id":"b923c46e-66fd-418d-8e14-e5d90f5f3da1","local_time":"20180819230214","is_ascension_mode":true,"campfire_choices":[{"floor":6,"key":"REST"},{"floor":8,"key":"REST"},{"floor":12,"key":"REST"},{"floor":15,"key":"REST"}],"neow_cost":"","seed_source_timestamp":310683193306257,"circlet_count":0,"master_deck":["Strike_B","Strike_B","Strike_B","Strike_B","Defend_B","Defend_B","Zap","Dualcast","Tempest","Sweeping Beam","Buffer","White Noise","Conserve Battery","Creative AI","Doom and Gloom+1","Conserve Battery","Steam+1"],"relics":["Cracked Core","Singing Bowl","Golden Idol","Dream Catcher","Cables","Ginger","Inserter","Enchiridion"],"potions_floor_usage":[7,16,22],"damage_taken":[{"damage":0,"enemies":"Small Slimes","floor":1,"turns":3},{"damage":2,"enemies":"Jaw Worm","floor":3,"turns":4},{"damage":1,"enemies":"Cultist","floor":5,"turns":3},{"damage":25,"enemies":"Lagavulin","floor":7,"turns":5},{"damage":35,"enemies":"3 Sentries","floor":11,"turns":6},{"damage":0,"enemies":"2 Fungi Beasts","floor":13,"turns":1},{"damage":13,"enemies":"Large Slime","floor":14,"turns":5},{"damage":22,"enemies":"Slime Boss","floor":16,"turns":9},{"damage":44,"enemies":"2 Thieves","floor":18,"turns":4},{"damage":7,"enemies":"Chosen","floor":21,"turns":5},{"damage":19,"enemies":"Snake Plant","floor":22,"turns":3}],"seed_played":"2191707214661322440","potions_obtained":[{"floor":3,"key":"PowerPotion"},{"floor":7,"key":"Ancient Potion"},{"floor":14,"key":"Explosive Potion"},{"floor":21,"key":"FocusPotion"}],"is_trial":false,"path_per_floor":["M","?","M","?","M","R","E","R","T","?","E","R","M","M","R","B",null,"M","$","?","M"],"character_chosen":"DEFECT","items_purchased":["Conserve Battery"],"campfire_rested":4,"item_purchase_floors":[19],"current_hp_per_floor":[75,63,63,44,43,66,43,66,66,66,31,54,56,45,71,49,85,41,41,25,18,0],"gold":289,"neow_bonus":"","is_prod":false,"is_daily":false,"chose_seed":false,"campfire_upgraded":0,"win_rate":0,"timestamp":1534708934,"path_taken":["M","?","?","?","M","R","E","R","T","?","E","R","M","M","R","BOSS","M","$","?","M","?"],"build_version":"2018-08-16","purchased_purges":1,"victory":false,"max_hp_per_floor":[75,75,77,77,77,77,79,79,79,79,79,79,81,83,85,85,85,85,85,85,85,85],"card_choices":[{"not_picked":["Coolheaded","Redo"],"picked":"Tempest","floor":1},{"not_picked":["Redo","Cold Snap","Consume"],"picked":"Singing Bowl","floor":3},{"not_picked":["Hologram","Redo"],"picked":"Sweeping Beam","floor":5},{"not_picked":["Redo","Defragment","Steam"],"picked":"Singing Bowl","floor":7},{"not_picked":["Streamline","Rebound"],"picked":"Buffer","floor":8},{"not_picked":["Doom and Gloom","Chaos"],"picked":"White Noise","floor":11},{"not_picked":["Redo","Defragment"],"picked":"Conserve Battery","floor":12},{"not_picked":["Consume","Capacitor","Rebound"],"picked":"Singing Bowl","floor":13},{"not_picked":["Barrage","Steam","Turbo"],"picked":"Singing Bowl","floor":14},{"not_picked":["BootSequence","Consume","Darkness"],"picked":"Singing Bowl","floor":15},{"not_picked":["Seek","Fission"],"picked":"Creative AI","floor":16},{"not_picked":["Fusion","Cold Snap"],"picked":"Doom and Gloom+1","floor":18},{"not_picked":["Skim","Coolheaded"],"picked":"Steam+1","floor":21}],"player_experience":338529,"relics_obtained":[{"floor":7,"key":"Dream Catcher"},{"floor":9,"key":"Cables"},{"floor":11,"key":"Ginger"},{"floor":20,"key":"Enchiridion"}],"event_choices":[{"event_name":"Scrap Ooze","player_choice":"success","floor":2,"damage_taken":12},{"event_name":"Golden Idol","player_choice":"Take Damage","floor":4,"damage_taken":0},{"event_name":"Purifier","player_choice":"One Purge","floor":10,"damage_taken":0},{"event_name":"Cursed Tome","player_choice":"Obtained Book","floor":20,"damage_taken":0}],"is_beta":false,"boss_relics":[{"not_picked":["White Beast Statue","Eternal Feather"],"picked":"Inserter"}],"items_purged_floors":[19],"is_endless":false,"potions_floor_spawned":[3,7,14,21],"killed_by":"Snake Plant","ascension_level":4}