{"path_per_floor":["M","?","$","M","$","M","R","?","T","?","M","M","R","?","R","B",null,"M","?","?","M","?","R","E","R","T","$","M","M","R","M","R","B",null,"M","?","?"],"character_chosen":"IRONCLAD","items_purchased":["Thunderclap","Regen Potion"],"gold_per_floor":[115,115,40,51,3,21,21,21,21,21,35,54,54,54,54,179,179,134,134,49,49,49,49,49,49,49,0,0,0,0,0,0,0,0,0,0,0,0],"floor_reached":38,"campfire_rested":3,"playtime":1102,"current_hp_per_floor":[72,56,56,50,50,56,56,49,49,29,35,38,62,62,80,26,80,60,60,60,68,68,68,68,68,68,68,50,44,44,50,74,53,80,80,80,80,0],"items_purged":["Defend_R"],"gold":0,"score":420,"play_id":"c728fbf8-033b-43f5-bacb-e49e8a867845","local_time":"20180331200842","is_prod":false,"is_daily":false,"is_ascension_mode":true,"campfire_upgraded":4,"timestamp":1522516122,"path_taken":["M","?","$","M","$","M","R","?","T","?","?","M","R","?","R","BOSS","M","?","?","?","?","R","E","R","T","$","M","M","R","M","R","BOSS","M","?","?","BOSS"],"build_version":"2018-03-29v2","purchased_purges":1,"victory":false,"master_deck":["Strike_R+1","Strike_R+1","Strike_R+1","Strike_R+1","Strike_R+1","Defend_R+1","Defend_R+1","Defend_R+1","Bash","Inflame","Dropkick","Thunderclap","Whirlwind+1","Exhume","Shockwave+1","Double Tap+1","Flame Barrier+1","Flex+1","Headbutt+1","Bludgeon","Barricade"],"max_hp_per_floor":[80,80,80,80,80,80,80,80,80,80,80,80,80,80,80,80,80,80,80,80,80,80,80,80,80,80,80,80,80,80,80,80,80,80,80,80,80,80],"relics":["Black Blood","Happy Flower","Bird Faced Urn","Golden Idol","Ectoplasm","Vajra","Shuriken","Old Coin"],"card_choices":[{"not_picked":["Body Slam","Heavy Blade"],"picked":"Inflame","floor":1},{"not_picked":["Headbutt","Wild Strike"],"picked":"Dropkick","floor":4},{"not_picked":["Searing Blow","Ghostly Armor"],"picked":"Whirlwind","floor":6},{"not_picked":["Wild Strike","Heavy Blade"],"picked":"Exhume","floor":11},{"not_picked":["Anger","Evolve"],"picked":"Shockwave","floor":12},{"not_picked":["Brutality","Fiend Fire"],"picked":"Double Tap","floor":16},{"not_picked":["Body Slam","Whirlwind"],"picked":"Flame Barrier","floor":18},{"not_picked":["Wild Strike","Perfected Strike"],"picked":"Headbutt","floor":24},{"not_picked":["Iron Wave","Clash"],"picked":"Bludgeon","floor":28},{"not_picked":["Fiend Fire","Immolate"],"picked":"Barricade","floor":33}],"player_experience":158051,"potions_floor_usage":[16,18,24,28,33,33,38],"damage_taken":[{"damage":14,"enemies":"2 Louse","floor":1,"turns":2},{"damage":12,"enemies":"Jaw Worm","floor":4,"turns":2},{"damage":0,"enemies":"Small Slimes","floor":6,"turns":2},{"damage":0,"enemies":"3 Louse","floor":11,"turns":2},{"damage":3,"enemies":"2 Fungi Beasts","floor":12,"turns":3},{"damage":60,"enemies":"Hexaghost","floor":16,"turns":8},{"damage":26,"enemies":"2 Thieves","floor":18,"turns":3},{"damage":0,"enemies":"Chosen","floor":21,"turns":4},{"damage":15,"enemies":"Slavers","floor":24,"turns":4},{"damage":33,"enemies":"Sentry and Sphere","floor":28,"turns":4},{"damage":12,"enemies":"Chosen and Byrds","floor":29,"turns":4},{"damage":0,"enemies":"Snecko","floor":31,"turns":2},{"damage":27,"enemies":"Collector","floor":33,"turns":5},{"damage":8,"enemies":"Orb Walker","floor":35,"turns":3},{"damage":83,"enemies":"Time Eater","floor":38,"turns":5}],"event_choices":[{"event_name":"Shining Light","player_choice":"Entered Light","floor":2,"damage_taken":0},{"event_name":"Scrap Ooze","player_choice":"success","floor":8,"damage_taken":7},{"event_name":"Golden Idol","player_choice":"Take Damage","floor":10,"damage_taken":0},{"event_name":"Upgrade Shrine","player_choice":"Upgraded","floor":14,"damage_taken":0},{"event_name":"Back to Basics","player_choice":"Simplicity","floor":19,"damage_taken":0},{"event_name":"Addict","player_choice":"Obtained Relic","floor":20,"damage_taken":0},{"event_name":"The Library","player_choice":"Read","floor":22,"damage_taken":0},{"event_name":"The Moai Head","player_choice":"Ignored","floor":36,"damage_taken":0},{"event_name":"SecretPortal","player_choice":"Took Portal.","floor":37,"damage_taken":0}],"boss_relics":[{"not_picked":["Cursed Key","Eternal Feather"],"picked":"Ectoplasm"},{"not_picked":["Astrolabe","Runic Cube"],"picked":"Black Blood"}],"potions_floor_spawned":[6,16,21,29,31,33,35],"seed_played":"-6031827521965014107","killed_by":"Time Eater","ascension_level":2,"is_trial":false}