{"gold_per_floor":[110,185,204,204,379,379,418,418,492,492,7,21,21,40,40,164,164,184,184,184,198,198,198,214,214,266,266,166,166,13,37,37,37],"floor_reached":33,"playtime":1065,"items_purged":["Doubt","Writhe"],"score":374,"play_id":"959f655a-ea97-421d-9ee1-a72665425d49","local_time":"20180929154345","is_ascension_mode":true,"campfire_choices":[{"floor":6,"key":"REST"},{"data":"Shockwave","floor":8,"key":"SMITH"},{"data":"Inflame","floor":10,"key":"SMITH"},{"data":"Chrysalis","floor":15,"key":"SMITH"},{"data":"Double Tap","floor":23,"key":"SMITH"},{"data":"Double Tap","floor":25,"key":"SMITH"},{"data":"Bite","floor":29,"key":"SMITH"},{"data":"Bite","floor":32,"key":"SMITH"}],"neow_cost":"NONE","seed_source_timestamp":713640107137355,"circlet_count":0,"master_deck":["Defend_R","Defend_R","Defend_R","Bash","Shockwave+1","Inflame+1","Chrysalis+1","Metallicize","Double Tap+1","Double Tap+1","Bite","Bite","Bite","Bite+1","Bite+1","Parasite"],"relics":["Burning Blood","Lantern","Golden Idol","Boot","Bottled Flame","TheAbacus","Cursed Key","Potion Belt","Red Skull","Bag of Preparation"],"potions_floor_usage":[7,7,16,18,33],"damage_taken":[{"damage":14,"enemies":"Jaw Worm","floor":1,"turns":3},{"damage":4,"enemies":"2 Louse","floor":3,"turns":4},{"damage":16,"enemies":"Gremlin Nob","floor":7,"turns":3},{"damage":8,"enemies":"Small Slimes","floor":12,"turns":3},{"damage":8,"enemies":"Blue Slaver","floor":14,"turns":4},{"damage":45,"enemies":"The Guardian","floor":16,"turns":12},{"damage":21,"enemies":"Shell Parasite","floor":18,"turns":5},{"damage":26,"enemies":"3 Byrds","floor":21,"turns":7},{"damage":18,"enemies":"Snake Plant","floor":24,"turns":4},{"damage":31,"enemies":"Snecko","floor":31,"turns":5},{"damage":83,"enemies":"Collector","floor":33,"turns":7}],"seed_played":"4490134354761943664","potions_obtained":[{"floor":1,"key":"SkillPotion"},{"floor":3,"key":"Strength Potion"},{"floor":12,"key":"BloodPotion"},{"floor":16,"key":"SkillPotion"},{"floor":21,"key":"Fire Potion"},{"floor":31,"key":"Energy Potion"}],"is_trial":false,"path_per_floor":["M","?","M","?","?","R","E","R","T","R","$","M","?","M","R","B",null,"M","?","?","M","?","R","M","R","T","?","$","R","$","M","R"],"character_chosen":"IRONCLAD","items_purchased":["TheAbacus","Chrysalis","Bag of Preparation"],"campfire_rested":1,"item_purchase_floors":[11,11,30],"current_hp_per_floor":[64,53,55,35,35,59,49,49,49,49,49,47,47,45,45,14,64,49,49,49,49,49,49,47,47,47,47,47,47,47,42,42,0],"gold":37,"neow_bonus":"RANDOM_COMMON_RELIC","is_prod":false,"is_daily":false,"chose_seed":false,"campfire_upgraded":7,"win_rate":0,"timestamp":1538225025,"path_taken":["M","?","M","?","?","R","E","R","T","R","$","?","?","M","R","BOSS","M","?","?","M","?","R","M","R","T","?","$","R","$","?","R","BOSS"],"build_version":"2018-09-27","purchased_purges":2,"victory":false,"max_hp_per_floor":[80,80,80,80,80,80,80,80,80,80,80,80,80,80,80,80,80,80,80,56,56,56,56,56,56,56,56,56,56,56,56,56,56],"card_choices":[{"not_picked":["Flex","Rage"],"picked":"Shockwave","floor":1},{"not_picked":["Anger","Clash","Warcry"],"picked":"SKIP","floor":3},{"not_picked":["Shockwave","Ghostly Armor"],"picked":"Inflame","floor":7},{"not_picked":["Bludgeon","Corruption"],"picked":"Metallicize","floor":12},{"not_picked":["Hemokinesis","Warcry","Headbutt"],"picked":"SKIP","floor":14},{"not_picked":["Feed","Immolate"],"picked":"Double Tap","floor":16},{"not_picked":["Anger","Sentinel+1","Sever Soul"],"picked":"SKIP","floor":18},{"not_picked":["Armaments","Heavy Blade","Sever Soul+1"],"picked":"SKIP","floor":21},{"not_picked":["Body Slam","Clothesline","Rage"],"picked":"SKIP","floor":24},{"not_picked":["Fire Breathing","Bloodletting","Shockwave"],"picked":"SKIP","floor":31}],"player_experience":394253,"relics_obtained":[{"floor":7,"key":"Boot"},{"floor":9,"key":"Bottled Flame"},{"floor":26,"key":"Red Skull"}],"event_choices":[{"event_name":"World of Goop","player_choice":"Gather Gold","floor":2,"damage_taken":0},{"event_name":"Golden Idol","player_choice":"Take Damage","floor":4,"damage_taken":0},{"event_name":"Liars Game","player_choice":"agreed","floor":5,"damage_taken":0},{"event_name":"Purifier","player_choice":"One Purge","floor":13,"damage_taken":0},{"event_name":"Transmorgrifier","player_choice":"Transform","floor":19,"damage_taken":0},{"event_name":"Vampires","player_choice":"Became a vampire","floor":20,"damage_taken":0},{"event_name":"The Mausoleum","player_choice":"Yes","floor":22,"damage_taken":0},{"event_name":"Ghosts","player_choice":"Ignored","floor":27,"damage_taken":0}],"is_beta":false,"boss_relics":[{"not_picked":["Tiny House","Philosopher\u0027s Stone"],"picked":"Cursed Key"}],"items_purged_floors":[11,28],"is_endless":false,"potions_floor_spawned":[1,3,12,16,21,31],"killed_by":"Collector","ascension_level":9}