{"path_per_floor":["M","?","?","M","M","E","R","E","T","$","R","M","E","T","R","B",null,"M","?","M","?","?","E","?","E","T","M","?","R","M","M","R","B",null,"M","$","?","?","M","R","E","R","T","E","M","R","M","M","R","B"],"character_chosen":"IRONCLAD","items_purchased":["Blood Vial","Strange Spoon","Gambling Chip","Girya"],"gold_per_floor":[114,114,189,204,219,249,249,579,654,4,4,19,49,49,49,149,149,164,164,179,179,179,209,209,239,264,279,279,279,294,309,309,409,409,424,124,0,0,15,15,45,45,45,75,90,90,105,120,120,120],"floor_reached":51,"campfire_rested":1,"playtime":2090,"current_hp_per_floor":[80,86,75,69,66,39,39,33,33,33,33,51,57,57,57,31,92,85,85,89,89,79,87,87,62,75,75,75,75,79,84,84,98,135,134,134,134,134,117,117,114,114,120,77,83,83,87,94,141,110],"items_purged":[],"gold":120,"score":1167,"play_id":"0bbd4dc5-a0fa-40af-9b28-fad5cb8d7afc","local_time":"20180317084702","daily_mods":["Allstar","Cursed Run","Hoarder"],"is_prod":false,"is_daily":true,"is_ascension_mode":false,"campfire_upgraded":3,"timestamp":1521269222,"path_taken":["M","?","?","M","M","E","R","E","T","?","R","M","E","?","R","BOSS","M","?","?","?","?","E","?","E","T","M","?","R","M","M","R","BOSS","M","$","?","?","M","R","E","R","T","E","M","R","M","M","R","BOSS"],"build_version":"2018-03-15v2","purchased_purges":0,"victory":true,"master_deck":["Defend_R","Defend_R","Defend_R","Defend_R","Bash","Bandage Up","Bandage Up","Bandage Up","Secret Weapon","Secret Weapon","Havoc","Havoc","Havoc+1","Regret","Regret","Seeing Red+1","Seeing Red","Seeing Red","Pommel Strike+1","Pommel Strike","Pommel Strike+1","Cleave","Cleave","Cleave","Heavy Blade+1","Heavy Blade+1","Heavy Blade+1","Ghostly Armor","Ghostly Armor+1","Ghostly Armor","Writhe","Writhe","Writhe","Demon Form","Demon Form","Demon Form","Bite","Bite","Bite","Bite","Bite","Bite","Bite","Bite","Bite","Bite","Bite","Bite","Bite","Bite","Bite","Necronomicurse","Necronomicurse","Necronomicurse","Pain","Pain","Pain","Clumsy","Clumsy","Clumsy","Limit Break","Limit Break","Limit Break","Clumsy","Clumsy","Clumsy","Regret","Regret","Regret","Parasite","Parasite","Parasite","Parasite","Parasite","Parasite","Doubt","Doubt","Doubt"],"max_hp_per_floor":[80,86,86,86,86,86,86,86,86,86,86,86,86,86,86,92,92,92,92,92,92,98,98,98,98,111,111,111,111,111,111,111,117,135,135,135,135,135,135,135,135,135,141,141,141,141,141,141,141,147],"relics":["Cursed Key","Darkstone Periapt","Du-Vu Doll","Omamori","Ancient Tea Set","Old Coin","Meat on the Bone","Strange Spoon","Gambling Chip","Bottled Lightning","Mummified Hand","Velvet Choker","Necronomicon","Anchor","Shovel","Strawberry","Bag of Preparation","Red Skull","Calling Bell","Dream Catcher","Kunai","War Paint","Girya","Red Mask","Regal Pillow","Magic Flower","Whetstone"],"card_choices":[{"not_picked":["Bloodletting","Thunderclap"],"picked":"Havoc"},{"not_picked":["Anger","Headbutt"],"picked":"Seeing Red"},{"not_picked":["Thunderclap","Fire Breathing"],"picked":"Pommel Strike"},{"not_picked":["Sever Soul","Anger"],"picked":"Cleave"},{"not_picked":["Bloodletting","Flex"],"picked":"Heavy Blade"},{"not_picked":["Evolve","Exhume"],"picked":"Ghostly Armor"},{"not_picked":["Immolate","Berserk"],"picked":"Demon Form"},{"not_picked":["Dark Embrace","Feed"],"picked":"Limit Break"}],"player_experience":90257,"potions_floor_usage":[8,13,16,23,39,39,48,50,50],"damage_taken":[{"damage":0,"enemies":"2 Louse","floor":1,"turns":2},{"damage":6,"enemies":"Jaw Worm","floor":4,"turns":2},{"damage":7,"enemies":"Small Slimes","floor":5,"turns":2},{"damage":35,"enemies":"Gremlin Nob","floor":6,"turns":4},{"damage":14,"enemies":"Lagavulin","floor":8,"turns":3},{"damage":0,"enemies":"2 Fungi Beasts","floor":12,"turns":1},{"damage":8,"enemies":"3 Sentries","floor":13,"turns":4},{"damage":58,"enemies":"The Guardian","floor":16,"turns":7},{"damage":7,"enemies":"Shell Parasite","floor":18,"turns":3},{"damage":0,"enemies":"Spheric Guardian","floor":20,"turns":1},{"damage":0,"enemies":"Gremlin Leader","floor":23,"turns":1},{"damage":43,"enemies":"Slavers","floor":25,"turns":5},{"damage":0,"enemies":"Snake Plant","floor":27,"turns":1},{"damage":6,"enemies":"Chosen and Byrds","floor":30,"turns":2},{"damage":5,"enemies":"Cultist and Chosen","floor":31,"turns":2},{"damage":0,"enemies":"Collector","floor":33,"turns":2},{"damage":3,"enemies":"Orb Walker","floor":35,"turns":1},{"damage":21,"enemies":"3 Shapes","floor":39,"turns":2},{"damage":19,"enemies":"Giant Head","floor":41,"turns":4},{"damage":79,"enemies":"Nemesis","floor":44,"turns":7},{"damage":0,"enemies":"Maw","floor":45,"turns":1},{"damage":2,"enemies":"4 Shapes","floor":47,"turns":1},{"damage":2,"enemies":"3 Darklings","floor":48,"turns":2},{"damage":54,"enemies":"Time Eater","floor":50,"turns":4}],"event_choices":[{"event_name":"Big Fish","player_choice":"Box","floor":2,"damage_taken":0},{"event_name":"World of Goop","player_choice":"Gather Gold","floor":3,"damage_taken":0},{"event_name":"Vampires","player_choice":"Became a vampire (Vial)","floor":19,"damage_taken":0},{"event_name":"Upgrade Shrine","player_choice":"Upgraded","floor":21,"damage_taken":0},{"event_name":"Cursed Tome","player_choice":"Obtained Book","floor":22,"damage_taken":0},{"event_name":"Back to Basics","player_choice":"Elegance","floor":24,"damage_taken":0},{"event_name":"The Lab","player_choice":"Got Potions","floor":28,"damage_taken":0},{"event_name":"Tomb of Lord Red Mask","player_choice":"Paid","floor":37,"damage_taken":0}],"boss_relics":[{"not_picked":["Mark of Pain","Runic Dome"],"picked":"Velvet Choker"},{"not_picked":["Tiny House","Black Star"],"picked":"Calling Bell"}],"potions_floor_spawned":[4,6,8,12,20,25,27,31,44,45,48],"seed_played":"8809221095910533381","ascension_level":0,"is_trial":false}