{"gold_per_floor":[115,65,85,99,118,146,146,175,244,244,264,264,284,296,296,296],"floor_reached":16,"playtime":793,"items_purged":[],"score":185,"play_id":"8b27d931-2374-4149-a6c5-68c64d020841","local_time":"20180908181252","is_ascension_mode":true,"campfire_choices":[{"floor":7,"key":"REST"},{"data":"Barricade","floor":12,"key":"SMITH"},{"data":"Intimidate","floor":15,"key":"SMITH"}],"neow_cost":"PERCENT_DAMAGE","seed_source_timestamp":208621023288777,"circlet_count":0,"master_deck":["Strike_R","Strike_R","Strike_R","Strike_R","Defend_R","Defend_R","Defend_R","Bash","Flex","Ghostly Armor","Intimidate+1","Barricade+1","Shrug It Off","Shrug It Off"],"relics":["Burning Blood","Vajra","Ginger","Mercury Hourglass"],"potions_floor_usage":[4,4,5,8,8],"damage_taken":[{"damage":9,"enemies":"Jaw Worm","floor":1,"turns":5},{"damage":1,"enemies":"Small Slimes","floor":3,"turns":3},{"damage":1,"enemies":"Cultist","floor":4,"turns":3},{"damage":10,"enemies":"3 Louse","floor":5,"turns":5},{"damage":45,"enemies":"Gremlin Nob","floor":6,"turns":5},{"damage":29,"enemies":"3 Sentries","floor":8,"turns":13},{"damage":14,"enemies":"Exordium Thugs","floor":11,"turns":5},{"damage":4,"enemies":"Large Slime","floor":13,"turns":7},{"damage":1,"enemies":"Lots of Slimes","floor":14,"turns":3},{"damage":53,"enemies":"Slime Boss","floor":16,"turns":8}],"seed_played":"-7224597671957403226","potions_obtained":[{"floor":3,"key":"EntropicBrew"},{"floor":6,"key":"Weak Potion"}],"is_trial":false,"path_per_floor":["M","?","M","M","M","E","R","E","T","?","M","R","M","M","R"],"character_chosen":"IRONCLAD","items_purchased":[],"campfire_rested":1,"item_purchase_floors":[],"current_hp_per_floor":[61,61,66,74,84,45,74,51,51,51,43,43,45,50,50,0],"gold":296,"neow_bonus":"TWENTY_PERCENT_HP_BONUS","is_prod":false,"is_daily":false,"chose_seed":false,"campfire_upgraded":2,"win_rate":0,"timestamp":1536419572,"path_taken":["M","?","M","M","?","E","R","E","T","?","?","R","?","M","R","BOSS"],"build_version":"2018-09-06","purchased_purges":0,"victory":false,"max_hp_per_floor":[96,96,96,99,99,99,99,99,99,99,99,99,99,99,99,99],"card_choices":[{"not_picked":["Shrug It Off","Shockwave"],"picked":"Flex","floor":1},{"not_picked":["Sword Boomerang","Evolve"],"picked":"Ghostly Armor","floor":3},{"not_picked":["Wild Strike","Sword Boomerang"],"picked":"Intimidate","floor":4},{"not_picked":["Body Slam","Warcry","Wild Strike"],"picked":"SKIP","floor":5},{"not_picked":["Anger","Carnage"],"picked":"Barricade","floor":6},{"not_picked":["Rage","Havoc","Sword Boomerang"],"picked":"SKIP","floor":8},{"not_picked":["Perfected Strike","Barricade"],"picked":"Shrug It Off","floor":11},{"not_picked":["True Grit","Hemokinesis","Twin Strike"],"picked":"SKIP","floor":13},{"not_picked":["Rage","Wild Strike"],"picked":"Shrug It Off","floor":14}],"player_experience":358983,"relics_obtained":[{"floor":6,"key":"Vajra"},{"floor":8,"key":"Ginger"},{"floor":9,"key":"Mercury Hourglass"}],"event_choices":[{"event_name":"The Cleric","player_choice":"Card Removal","floor":2,"damage_taken":0},{"event_name":"Wheel of Change","player_choice":"Card Removal","floor":10,"damage_taken":0}],"is_beta":false,"boss_relics":[],"items_purged_floors":[],"is_endless":false,"potions_floor_spawned":[3,6],"killed_by":"Slime Boss","ascension_level":8}