{"gold_per_floor":[117,65,65,65,65,91,91,16,16,16,41,41,55,67,67,67],"floor_reached":16,"playtime":421,"items_purged":["Strike_B"],"score":127,"play_id":"98530978-34a9-4623-b931-3fe3f3db0e27","local_time":"20180903112232","is_ascension_mode":true,"campfire_choices":[{"floor":7,"key":"REST"},{"floor":10,"key":"REST"},{"floor":12,"key":"REST"},{"data":"FTL","floor":15,"key":"SMITH"}],"neow_cost":"NONE","seed_source_timestamp":153857140355402,"circlet_count":0,"master_deck":["Strike_B","Strike_B","Defend_B","Defend_B","Defend_B","Defend_B","Zap","Dualcast","Beam Cell","Gash","FTL+1","Sweeping Beam"],"relics":["Cracked Core","Ancient Tea Set","Regal Pillow","Omamori","Matryoshka","Dream Catcher"],"potions_floor_usage":[16,16],"damage_taken":[{"damage":3,"enemies":"2 Louse","floor":1,"turns":2},{"damage":35,"enemies":"Lagavulin","floor":6,"turns":5},{"damage":40,"enemies":"Gremlin Nob","floor":11,"turns":4},{"damage":5,"enemies":"Small Slimes","floor":13,"turns":2},{"damage":7,"enemies":"Jaw Worm","floor":14,"turns":2},{"damage":62,"enemies":"Slime Boss","floor":16,"turns":8}],"seed_played":"4684596258664952607","potions_obtained":[{"floor":6,"key":"LiquidBronze"},{"floor":13,"key":"SpeedPotion"}],"is_trial":false,"path_per_floor":["M","$","?","?","$","E","R","$","T","R","E","R","M","M","R"],"character_chosen":"DEFECT","items_purchased":["Gash"],"campfire_rested":3,"item_purchase_floors":[2],"current_hp_per_floor":[72,72,39,39,39,4,41,41,41,75,35,72,67,60,60,0],"gold":67,"neow_bonus":"RANDOM_COMMON_RELIC","is_prod":false,"is_daily":false,"chose_seed":false,"campfire_upgraded":1,"win_rate":0,"timestamp":1535962952,"path_taken":["M","$","?","?","$","E","R","$","T","R","E","R","?","M","R","BOSS"],"build_version":"2018-08-30","purchased_purges":1,"victory":false,"max_hp_per_floor":[75,75,75,75,75,75,75,75,75,75,75,75,75,75,75,75],"card_choices":[{"not_picked":["Redo","Reprogram"],"picked":"Beam Cell","floor":1},{"not_picked":["Stack","Turbo"],"picked":"FTL","floor":6},{"not_picked":["Streamline","Heatsinks","Leap"],"picked":"SKIP","floor":11},{"not_picked":["Turbo","Steam"],"picked":"Sweeping Beam","floor":13},{"not_picked":["Ball Lightning","Redo","Conserve Battery"],"picked":"SKIP","floor":14}],"player_experience":354639,"relics_obtained":[{"floor":6,"key":"Omamori"},{"floor":9,"key":"Matryoshka"},{"floor":11,"key":"Dream Catcher"}],"event_choices":[{"event_name":"Scrap Ooze","player_choice":"success","floor":3,"damage_taken":33},{"event_name":"Purifier","player_choice":"One Purge","floor":4,"damage_taken":0}],"is_beta":false,"boss_relics":[],"items_purged_floors":[8],"is_endless":false,"potions_floor_spawned":[6,13],"killed_by":"Slime Boss","ascension_level":4}