{"path_per_floor":["M","?","?","$","M","E","M","E","T","E","$","M","R","M","R"],"character_chosen":"IRONCLAD","items_purchased":[],"gold_per_floor":[118,193,193,118,138,166,184,213,213,238,138,150,150,166,166,166],"floor_reached":16,"campfire_rested":2,"playtime":589,"current_hp_per_floor":[80,69,69,69,75,53,59,46,46,37,37,14,38,44,68,0],"items_purged":["Strike_R","Strike_R"],"gold":166,"score":132,"play_id":"cfa35444-928f-45b5-b096-6887e669f25a","local_time":"20180404125811","is_prod":false,"is_daily":false,"is_ascension_mode":true,"campfire_upgraded":0,"timestamp":1522835891,"path_taken":["M","?","?","$","M","E","M","E","T","E","$","?","R","M","R","BOSS"],"build_version":"2018-03-29v2","purchased_purges":2,"victory":false,"master_deck":["Strike_R","Strike_R","Defend_R","Defend_R","Defend_R","Defend_R","Bash","Bludgeon","Thunderclap","Flame Barrier","Flame Barrier","Shrug It Off","Disarm","Berserk"],"max_hp_per_floor":[80,80,80,80,80,80,80,80,80,80,80,80,80,80,80,80],"relics":["Burning Blood","Vajra","Dodecahedron","Bag of Preparation","Dream Catcher","Molten Egg 2"],"card_choices":[{"not_picked":["Burning Pact","Flex"],"picked":"Bludgeon","floor":1},{"not_picked":["Warcry","Iron Wave"],"picked":"Thunderclap","floor":5},{"not_picked":["Second Wind","Barricade"],"picked":"Flame Barrier","floor":6},{"not_picked":["Evolve","Body Slam"],"picked":"Flame Barrier","floor":8},{"not_picked":["Clothesline","Clash"],"picked":"Shrug It Off","floor":12},{"not_picked":["Wild Strike","Twin Strike"],"picked":"Disarm","floor":14},{"not_picked":["Headbutt","Rupture"],"picked":"Berserk","floor":15}],"player_experience":178774,"potions_floor_usage":[6,7,8,16],"damage_taken":[{"damage":5,"enemies":"Small Slimes","floor":1,"turns":4},{"damage":0,"enemies":"Cultist","floor":5,"turns":2},{"damage":36,"enemies":"Lagavulin","floor":6,"turns":4},{"damage":0,"enemies":"Jaw Worm","floor":7,"turns":1},{"damage":19,"enemies":"3 Sentries","floor":8,"turns":5},{"damage":15,"enemies":"Gremlin Nob","floor":10,"turns":4},{"damage":29,"enemies":"Gremlin Gang","floor":12,"turns":4},{"damage":0,"enemies":"2 Fungi Beasts","floor":14,"turns":4},{"damage":77,"enemies":"Slime Boss","floor":16,"turns":9}],"event_choices":[{"event_name":"World of Goop","player_choice":"Gather Gold","floor":2,"damage_taken":0},{"event_name":"Living Wall","player_choice":"Forget","floor":3,"damage_taken":0}],"boss_relics":[],"potions_floor_spawned":[1,6,7,12],"seed_played":"8500268701806121989","killed_by":"Slime Boss","ascension_level":2,"is_trial":false}