{"path_per_floor":["M","M","?","T","M","E","?","?","T","E","$","?","R","?","R","B",null,"M"],"character_chosen":"IRONCLAD","items_purchased":["Flex"],"gold_per_floor":[10,29,204,231,250,277,277,237,237,272,174,249,249,249,249,349,349,362,362],"floor_reached":19,"campfire_rested":2,"playtime":679,"current_hp_per_floor":[78,73,73,73,76,41,41,41,41,26,26,15,39,39,63,15,80,29,0],"items_purged":["Defend_R"],"gold":362,"score":190,"play_id":"a4fd2919-a266-49d5-abc4-64ee56d6c762","local_time":"20180329223225","is_prod":false,"is_daily":false,"is_ascension_mode":true,"campfire_upgraded":0,"timestamp":1522351945,"path_taken":["M","M","?","?","M","E","?","?","T","E","?","?","R","?","R","BOSS","M","M"],"build_version":"2018-03-22v2","purchased_purges":1,"victory":false,"master_deck":["Strike_R","Strike_R","Strike_R","Strike_R","Strike_R","Defend_R","Defend_R","Bash","Immolate","Doubt","Thunderclap","Regret","Flex","Infernal Blade","Rampage","Berserk","Bloodletting","Rupture","Ghostly Armor","Spot Weakness","Flex"],"max_hp_per_floor":[80,80,80,80,80,80,80,80,80,80,80,80,80,80,80,80,80,80,80],"relics":["Burning Blood","Juzu Bracelet","Dream Catcher","Bronze Scales","Ice Cream","Bag of Marbles","Orrery"],"card_choices":[{"not_picked":["Fiend Fire","Impervious"],"picked":"Immolate","floor":0},{"not_picked":["Second Wind","Entrench"],"picked":"Thunderclap","floor":6},{"not_picked":["Carnage","Pummel"],"picked":"Infernal Blade","floor":13},{"not_picked":["Flex","Clash"],"picked":"Rampage","floor":15},{"not_picked":["Juggernaut","Feed"],"picked":"Berserk","floor":16},{"not_picked":["Clash","True Grit"],"picked":"Bloodletting","floor":17},{"not_picked":["Clash","Thunderclap"],"picked":"Rupture","floor":17},{"not_picked":["True Grit","Iron Wave"],"picked":"Ghostly Armor","floor":17},{"not_picked":["Havoc","Shrug It Off"],"picked":"Spot Weakness","floor":17},{"not_picked":["Fiend Fire","Hemokinesis"],"picked":"Flex","floor":18}],"player_experience":145439,"potions_floor_usage":[5,10,10,16,16,18],"damage_taken":[{"damage":8,"enemies":"2 Louse","floor":1,"turns":2},{"damage":11,"enemies":"Small Slimes","floor":2,"turns":4},{"damage":3,"enemies":"Jaw Worm","floor":5,"turns":5},{"damage":41,"enemies":"3 Sentries","floor":6,"turns":8},{"damage":21,"enemies":"Lagavulin","floor":10,"turns":6},{"damage":54,"enemies":"Hexaghost","floor":16,"turns":8},{"damage":57,"enemies":"Shell Parasite","floor":18,"turns":6},{"damage":36,"enemies":"Spheric Guardian","floor":19,"turns":5}],"event_choices":[{"event_name":"Liars Game","player_choice":"agreed","floor":3,"damage_taken":0},{"event_name":"Big Fish","player_choice":"Box","floor":7,"damage_taken":0},{"event_name":"The Woman in Blue","player_choice":"Bought 3 Potions","floor":8,"damage_taken":0},{"event_name":"World of Goop","player_choice":"Gather Gold","floor":12,"damage_taken":0},{"event_name":"Purifier","player_choice":"One Purge","floor":14,"damage_taken":0}],"boss_relics":[{"not_picked":["Runic Cube","Eternal Feather"],"picked":"Orrery"}],"potions_floor_spawned":[1,10,16],"seed_played":"7168168424825101986","killed_by":"Spheric Guardian","ascension_level":2,"is_trial":false}