{"gold_per_floor":[15,33,33,49,49,76,87,12,60,80,80,96,127,141,141,239,239,254,272,272,187,286,286,301,301],"floor_reached":25,"playtime":920,"items_purged":["Strike_B"],"score":305,"play_id":"91bab405-8a09-4368-8f54-b9449dd6ebc1","local_time":"20190425182849","is_ascension_mode":true,"campfire_choices":[{"floor":11,"key":"REST"},{"floor":15,"key":"REST"},{"floor":23,"key":"REST"}],"neow_cost":"NO_GOLD","seed_source_timestamp":35703398985100,"circlet_count":0,"master_deck":["Zap","Dualcast","BootSequence","Tempest+1","Conserve Battery","Reinforced Body","Capacitor","Buffer","Meteor Strike","Auto Shields","Genetic Algorithm","Multi-Cast","Force Field","Sweeping Beam","Capacitor+1"],"relics":["Cracked Core","Ginger","Singing Bowl","Strawberry","Pandora\u0027s Box","Symbiotic Virus"],"potions_floor_usage":[6,6,16,16],"damage_taken":[{"damage":2,"enemies":"2 Louse","floor":1,"turns":2},{"damage":2,"enemies":"Small Slimes","floor":2,"turns":2},{"damage":2,"enemies":"Jaw Worm","floor":4,"turns":2},{"damage":20,"enemies":"Gremlin Nob","floor":6,"turns":3},{"damage":0,"enemies":"Exordium Wildlife","floor":7,"turns":3},{"damage":0,"enemies":"Blue Slaver","floor":10,"turns":2},{"damage":4,"enemies":"Looter","floor":12,"turns":3},{"damage":11,"enemies":"Lagavulin","floor":13,"turns":9},{"damage":8,"enemies":"Exordium Thugs","floor":14,"turns":6},{"damage":57,"enemies":"Hexaghost","floor":16,"turns":15},{"damage":35,"enemies":"3 Byrds","floor":18,"turns":5},{"damage":19,"enemies":"Chosen","floor":19,"turns":7},{"damage":34,"enemies":"Centurion and Healer","floor":24,"turns":8},{"damage":27,"enemies":"Book of Stabbing","floor":25,"turns":3}],"seed_played":"-6612854863967576255","potions_obtained":[{"floor":1,"key":"Ancient Potion"},{"floor":2,"key":"PowerPotion"},{"floor":4,"key":"Fire Potion"},{"floor":10,"key":"Explosive Potion"},{"floor":13,"key":"Weak Potion"}],"is_trial":false,"path_per_floor":["M","M","?","M","?","E","M","$","T","M","R","M","E","M","R","B",null,"M","M","$","?","?","R","M","E"],"character_chosen":"DEFECT","items_purchased":[],"campfire_rested":3,"item_purchase_floors":[],"current_hp_per_floor":[66,64,57,55,55,37,37,37,37,39,62,58,56,50,77,20,73,38,21,21,21,21,48,16,0],"gold":301,"neow_bonus":"ONE_RARE_RELIC","is_prod":false,"is_daily":false,"chose_seed":false,"campfire_upgraded":0,"win_rate":0,"timestamp":1556206129,"path_taken":["M","M","?","M","?","E","M","?","T","M","R","M","E","M","R","BOSS","M","M","$","?","?","R","M","E"],"build_version":"2019-01-23","purchased_purges":1,"victory":false,"max_hp_per_floor":[75,75,75,75,75,77,77,77,77,79,79,79,88,90,90,90,90,90,92,92,92,92,92,94,94],"card_choices":[{"not_picked":["Rebound","Ball Lightning"],"picked":"BootSequence","floor":1},{"not_picked":["Barrage","Steam"],"picked":"Tempest","floor":2},{"not_picked":["Coolheaded","Darkness"],"picked":"Conserve Battery","floor":4},{"not_picked":["Sweeping Beam","Compile Driver","Steam"],"picked":"Singing Bowl","floor":6},{"not_picked":["Self Repair","Loop"],"picked":"Reinforced Body","floor":7},{"not_picked":["Recycle","Beam Cell","Ball Lightning"],"picked":"Singing Bowl","floor":10},{"not_picked":["Genetic Algorithm","Tempest"],"picked":"Capacitor","floor":12},{"not_picked":["Rebound","Hologram","Beam Cell"],"picked":"Singing Bowl","floor":13},{"not_picked":["Barrage","Ball Lightning","Stack"],"picked":"Singing Bowl","floor":14},{"not_picked":["Echo Form","Seek"],"picked":"Buffer","floor":16},{"not_picked":["Consume","Self Repair"],"picked":"Capacitor+1","floor":18},{"not_picked":["Ball Lightning","Undo","Turbo"],"picked":"Singing Bowl","floor":19},{"not_picked":["Hologram","Leap","Stack"],"picked":"Singing Bowl","floor":24}],"player_experience":593766,"relics_obtained":[{"floor":6,"key":"Singing Bowl"},{"floor":13,"key":"Strawberry"}],"event_choices":[{"cards_removed":["Strike_B"],"damage_healed":0,"gold_gain":0,"player_choice":"Card Removal","damage_taken":7,"max_hp_gain":0,"max_hp_loss":0,"event_name":"Golden Wing","floor":3,"gold_loss":0},{"damage_healed":0,"gold_gain":0,"player_choice":"Grow","damage_taken":0,"max_hp_gain":0,"max_hp_loss":0,"event_name":"Living Wall","floor":5,"gold_loss":0,"cards_upgraded":["Tempest"]},{"damage_healed":0,"gold_gain":0,"player_choice":"Obtained Relic","damage_taken":0,"relics_obtained":["Symbiotic Virus"],"max_hp_gain":0,"max_hp_loss":0,"event_name":"Addict","floor":21,"gold_loss":85},{"damage_healed":0,"gold_gain":99,"player_choice":"Stole From Cult","damage_taken":0,"max_hp_gain":0,"max_hp_loss":0,"event_name":"Nest","floor":22,"gold_loss":0}],"is_beta":false,"boss_relics":[{"not_picked":["White Beast Statue","Sozu"],"picked":"Pandora\u0027s Box"}],"items_purged_floors":[8],"is_endless":false,"potions_floor_spawned":[1,2,4,10,13],"killed_by":"Book of Stabbing","ascension_level":6}