{"gold_per_floor":[116,131,31,31,31,65,65,99,99,110,120,130,158,176,176,276,276,289,8,108,122,133,133],"floor_reached":23,"playtime":1440,"items_purged":["Strike_R","Regret"],"score":289,"play_id":"8611b365-a91b-4e0b-9c58-4a7f6b7122ed","local_time":"20190629120103","is_ascension_mode":true,"campfire_choices":[{"data":"Clothesline","floor":7.0,"key":"SMITH"},{"floor":15.0,"key":"REST"}],"neow_cost":"NONE","seed_source_timestamp":0,"circlet_count":0,"master_deck":["Bash+1","Heavy Blade","Exhume","Clothesline+1","Battle Trance","Reckless Charge","Twin Strike","True Grit","Armaments","Bludgeon","Sword Boomerang","Dark Embrace","Berserk","Uppercut","Feel No Pain","Whirlwind","Shockwave","Fiend Fire","Feel No Pain","Inflame","Armaments","Seeing Red","Evolve","Whirlwind","True Grit","Second Wind"],"special_seed":0,"relics":["Burning Blood","NeowsBlessing","Sundial","Paper Frog","Lantern","Vajra","Bottled Lightning","Pandora\u0027s Box"],"potions_floor_usage":[23,23],"damage_taken":[{"damage":0.0,"enemies":"2 Louse","floor":1.0,"turns":1.0},{"damage":0.0,"enemies":"Jaw Worm","floor":2.0,"turns":1.0},{"damage":0.0,"enemies":"Gremlin Nob","floor":6.0,"turns":1.0},{"damage":33.0,"enemies":"Lagavulin","floor":8.0,"turns":6.0},{"damage":4.0,"enemies":"Cultist","floor":10.0,"turns":3.0},{"damage":6.0,"enemies":"Exordium Thugs","floor":11.0,"turns":3.0},{"damage":0.0,"enemies":"2 Fungi Beasts","floor":12.0,"turns":2.0},{"damage":0.0,"enemies":"Gremlin Nob","floor":13.0,"turns":2.0},{"damage":9.0,"enemies":"Red Slaver","floor":14.0,"turns":3.0},{"damage":38.0,"enemies":"The Guardian","floor":16.0,"turns":6.0},{"damage":22,"enemies":"Shell Parasite","floor":18,"turns":3},{"damage":35,"enemies":"2 Thieves","floor":21,"turns":4},{"damage":18,"enemies":"Cultist and Chosen","floor":22,"turns":5},{"damage":30,"enemies":"Gremlin Leader","floor":23,"turns":3}],"seed_played":"7133714496272231286","potions_obtained":[{"floor":6.0,"key":"AttackPotion"},{"floor":8.0,"key":"Strength Potion"},{"floor":12.0,"key":"Swift Potion"},{"floor":13.0,"key":"Dexterity Potion"},{"floor":21,"key":"Weak Potion"},{"floor":22,"key":"Dexterity Potion"}],"is_trial":false,"path_per_floor":["M","M","$","?","?","E","R","E","T","M","M","M","E","M","R","B",null,"M","$","?","M","M","E"],"character_chosen":"IRONCLAD","items_purchased":["Clothesline","Seeing Red","Evolve","Whirlwind"],"campfire_rested":1,"item_purchase_floors":[3,19,19,19],"current_hp_per_floor":[80,80,80,80,80,80,80,53,53,55,55,61,67,64,80,48,80,64,64,64,35,23,0],"gold":133,"neow_bonus":"THREE_ENEMY_KILL","is_prod":false,"is_daily":false,"chose_seed":false,"campfire_upgraded":1,"win_rate":0,"timestamp":1561827663,"path_taken":["M","M","$","?","?","E","R","E","T","M","M","M","E","?","R","BOSS","M","$","?","?","M","E"],"build_version":"2019-01-23","purchased_purges":2,"victory":false,"max_hp_per_floor":[80,80,80,80,80,80,80,80,80,80,80,80,80,80,80,80,80,80,80,80,80,80,80],"card_choices":[{"not_picked":["Wild Strike","Metallicize"],"picked":"Heavy Blade","floor":1.0},{"not_picked":["Flame Barrier","True Grit"],"picked":"Exhume","floor":2.0},{"not_picked":["Fire Breathing","Clash"],"picked":"Battle Trance","floor":6.0},{"not_picked":["Warcry","Shrug It Off"],"picked":"Reckless Charge","floor":8.0},{"not_picked":["Dual Wield","Spot Weakness"],"picked":"Twin Strike","floor":10.0},{"not_picked":["Armaments","Searing Blow"],"picked":"True Grit","floor":11.0},{"not_picked":["Pommel Strike","Clothesline"],"picked":"Armaments","floor":12.0},{"not_picked":["True Grit","Seeing Red"],"picked":"Bludgeon","floor":13.0},{"not_picked":["Rampage","Warcry"],"picked":"Sword Boomerang","floor":14.0},{"not_picked":["Immolate","Impervious"],"picked":"Dark Embrace","floor":16.0},{"not_picked":["Flex","Headbutt"],"picked":"Armaments","floor":18},{"not_picked":["Fire Breathing","Warcry"],"picked":"True Grit","floor":21},{"not_picked":["Immolate","Anger"],"picked":"Second Wind","floor":22}],"player_experience":284478,"relics_obtained":[{"floor":6.0,"key":"Paper Frog"},{"floor":8.0,"key":"Lantern"},{"floor":9.0,"key":"Vajra"},{"floor":13.0,"key":"Bottled Lightning"}],"event_choices":[{"damage_healed":0.0,"max_hp_gain":0.0,"max_hp_loss":0.0,"gold_gain":0.0,"event_name":"Living Wall","player_choice":"Grow","floor":4.0,"gold_loss":0.0,"damage_taken":0.0,"cards_upgraded":["Bash"]},{"damage_healed":0.0,"max_hp_gain":0.0,"max_hp_loss":0.0,"gold_gain":0.0,"event_name":"Big Fish","player_choice":"Box","floor":5.0,"gold_loss":0.0,"damage_taken":0.0,"relics_obtained":["Sundial"],"cards_obtained":["Regret"]},{"damage_healed":0,"gold_gain":100,"player_choice":"Pray","damage_taken":0,"max_hp_gain":0,"max_hp_loss":0,"event_name":"Golden Shrine","floor":20,"gold_loss":0}],"is_beta":false,"boss_relics":[{"not_picked":["Tiny House","Calling Bell"],"picked":"Pandora\u0027s Box"}],"items_purged_floors":[3,19],"is_endless":false,"potions_floor_spawned":[6,8,12,13,14,21,22],"killed_by":"Gremlin Leader","ascension_level":2}