{"path_per_floor":["?","?","?","?","?","?","?","?","?","?","?","?","?","?","?","B",null,"?","?"],"character_chosen":"IRONCLAD","items_purchased":["Apotheosis"],"gold_per_floor":[114,129,129,148,167,167,205,205,205,243,262,73,92,111,111,236,236,255,274],"floor_reached":20,"campfire_rested":0,"playtime":2482,"current_hp_per_floor":[74,79,59,64,66,66,50,50,50,37,32,32,50,50,50,42,42,39,31],"items_purged":[],"gold":274,"score":188,"play_id":"4b8bdf0c-32ea-43d8-a916-0cedfe76b0c4","local_time":"20180307080527","daily_mods":[{"name":"Diverse","description":"Start with 2 cards from another class.","modID":"Diverse","img":{"data":{"file":{"file":{"path":"images\\ui\\run_mods\\diverse.png"},"type":"Internal"},"width":64,"height":64,"format":"RGBA8888","useMipMaps":false,"isPrepared":false},"glTarget":3553,"glHandle":685,"minFilter":"Linear","magFilter":"Linear","uWrap":"ClampToEdge","vWrap":"ClampToEdge"},"positive":true},{"name":"Restless Journey","description":"You no longer heal when entering new acts.","modID":"Restless Journey","img":{"data":{"file":{"file":{"path":"images\\ui\\run_mods\\restless_journey.png"},"type":"Internal"},"width":64,"height":64,"format":"RGBA8888","useMipMaps":false,"isPrepared":false},"glTarget":3553,"glHandle":676,"minFilter":"Linear","magFilter":"Linear","uWrap":"ClampToEdge","vWrap":"ClampToEdge"},"positive":false},{"name":"Uncertain Future","description":"The map shows only ?.","modID":"Uncertain Future","img":{"data":{"file":{"file":{"path":"images\\ui\\run_mods\\uncertain_future.png"},"type":"Internal"},"width":64,"height":64,"format":"RGBA8888","useMipMaps":false,"isPrepared":false},"glTarget":3553,"glHandle":679,"minFilter":"Linear","magFilter":"Linear","uWrap":"ClampToEdge","vWrap":"ClampToEdge"},"positive":false},{"name":"Binary","description":"Card rewards contain only 2 cards.","modID":"Binary","img":{"data":{"file":{"file":{"path":"images\\ui\\run_mods\\binary.png"},"type":"Internal"},"width":64,"height":64,"format":"RGBA8888","useMipMaps":false,"isPrepared":false},"glTarget":3553,"glHandle":680,"minFilter":"Linear","magFilter":"Linear","uWrap":"ClampToEdge","vWrap":"ClampToEdge"},"positive":false}],"is_prod":false,"is_daily":true,"is_ascension_mode":false,"campfire_upgraded":3,"timestamp":1520402727,"path_taken":["?","?","?","?","?","?","?","?","?","?","?","?","?","?","?","BOSS","?","?","?"],"build_version":"2018-03-01-PROD1","purchased_purges":1,"victory":false,"master_deck":["Strike_R+1","Strike_R","Strike_R","Strike_R","Strike_R","Defend_R","Defend_R","Defend_R","Defend_R","Bash","Cloak And Dagger","Well Laid Plans","Armaments+1","Pommel Strike+1","Cleave+1","Sever Soul","Disarm","Anger","Power Through","Apotheosis+1","Flex","Headbutt","Feed","Clothesline","Havoc+1"],"max_hp_per_floor":[80,80,80,80,80,80,80,80,80,80,80,80,80,80,80,80,80,84,87],"relics":["Burning Blood","Golden Idol","Whetstone","Peace Pipe","Vajra","Runic Cube"],"card_choices":[{"not_picked":["Sword Boomerang"],"picked":"Armaments"},{"not_picked":["Blood for Blood"],"picked":"Pommel Strike"},{"not_picked":["Rupture"],"picked":"Cleave"},{"not_picked":["Wild Strike"],"picked":"Sever Soul"},{"not_picked":["Combust"],"picked":"Disarm"},{"not_picked":["Hemokinesis"],"picked":"Anger"},{"not_picked":["Warcry"],"picked":"Power Through"},{"not_picked":["Pommel Strike"],"picked":"Flex"},{"not_picked":["Clash"],"picked":"Headbutt"},{"not_picked":["Offering"],"picked":"Feed"},{"not_picked":["Armaments"],"picked":"Clothesline"},{"not_picked":["Hemokinesis"],"picked":"Havoc"}],"player_experience":14141,"potions_floor_usage":[10,13,16,16,16,18],"damage_taken":[{"damage":12,"enemies":"2 Louse","floor":1,"turns":5},{"damage":1,"enemies":"Jaw Worm","floor":2,"turns":4},{"damage":1,"enemies":"Cultist","floor":4,"turns":4},{"damage":4,"enemies":"Gremlin Gang","floor":5,"turns":4},{"damage":22,"enemies":"3 Sentries","floor":7,"turns":7},{"damage":19,"enemies":"Gremlin Nob","floor":10,"turns":4},{"damage":11,"enemies":"Exordium Wildlife","floor":11,"turns":3},{"damage":0,"enemies":"Large Slime","floor":13,"turns":5},{"damage":6,"enemies":"2 Fungi Beasts","floor":14,"turns":3},{"damage":14,"enemies":"Slime Boss","floor":16,"turns":7},{"damage":13,"enemies":"2 Thieves","floor":18,"turns":4},{"damage":17,"enemies":"Chosen","floor":19,"turns":6},{"damage":32,"enemies":"Snecko","floor":20,"turns":6}],"event_choices":[{"event_name":"Golden Idol","player_choice":"Take Damage","floor":3,"damage_taken":0}],"boss_relics":[{"not_picked":["Runic Pyramid","Runic Dome"],"picked":"Runic Cube"}],"potions_floor_spawned":[5,7,10,11,13,16],"seed_played":"6669194513917691148","killed_by":"Snecko","ascension_level":0,"is_trial":false}