{"gold_per_floor":[365,365,385,23,38,38,38,38,38,69,79,103,3,23,23,122,122,140,140,140,65,75,102,102,157,208,224,234,234,234],"floor_reached":30,"playtime":837,"items_purged":["Defend_R","Strike_R"],"score":439,"play_id":"bbe6c6a4-283a-472f-989d-84a20c87c966","local_time":"20180930163145","is_ascension_mode":true,"campfire_choices":[{"data":"Whirlwind","floor":6,"key":"SMITH"},{"floor":15,"key":"REST"},{"floor":24,"key":"REST"}],"neow_cost":"TEN_PERCENT_HP_LOSS","seed_source_timestamp":30200737020485,"circlet_count":0,"master_deck":["Strike_R+1","Strike_R","Strike_R","Defend_R+1","Defend_R+1","AscendersBane","Shrug It Off","Whirlwind+1","Flex","Infernal Blade+1","Offering","Infernal Blade+1","Inflame+1"],"relics":["Burning Blood","Ginger","PreservedInsect","Art of War","Happy Flower","Empty Cage","Bag of Preparation","Spirit Poop","War Paint","Tiny Chest","Boot"],"potions_floor_usage":[10,11,16,16,25,28],"damage_taken":[{"damage":14,"enemies":"Jaw Worm","floor":1,"turns":3},{"damage":12,"enemies":"Small Slimes","floor":3,"turns":3},{"damage":10,"enemies":"Cultist","floor":5,"turns":4},{"damage":32,"enemies":"Lagavulin","floor":10,"turns":5},{"damage":6,"enemies":"Exordium Wildlife","floor":11,"turns":2},{"damage":5,"enemies":"Large Slime","floor":14,"turns":4},{"damage":32,"enemies":"Hexaghost","floor":16,"turns":9},{"damage":25,"enemies":"Shell Parasite","floor":18,"turns":4},{"damage":6,"enemies":"Spheric Guardian","floor":22,"turns":1},{"damage":6,"enemies":"Gremlin Leader","floor":23,"turns":3},{"damage":21,"enemies":"Slavers","floor":25,"turns":2},{"damage":18,"enemies":"Cultist and Chosen","floor":27,"turns":2},{"damage":28,"enemies":"Centurion and Healer","floor":28,"turns":6},{"damage":17,"enemies":"Snake Plant","floor":30,"turns":1}],"seed_played":"4056694753977309113","potions_obtained":[{"floor":1,"key":"Strength Potion"},{"floor":3,"key":"Ancient Potion"},{"floor":10,"key":"Strength Potion"},{"floor":14,"key":"PowerPotion"},{"floor":18,"key":"Ancient Potion"},{"floor":23,"key":"Fire Potion"},{"floor":25,"key":"EssenceOfSteel"}],"is_trial":false,"path_per_floor":["M","?","M","$","M","R","?","$","T","E","M","T","$","M","R","B",null,"M","?","?","?","M","E","R","E","T","M","M","?"],"character_chosen":"IRONCLAD","items_purchased":["Ginger"],"campfire_rested":2,"item_purchase_floors":[4],"current_hp_per_floor":[64,64,58,58,54,54,40,40,40,14,14,14,14,15,36,10,57,38,38,38,38,38,38,59,44,44,32,10,10,0],"gold":234,"neow_bonus":"TWO_FIFTY_GOLD","is_prod":false,"is_daily":false,"chose_seed":false,"campfire_upgraded":1,"win_rate":0,"timestamp":1538314305,"path_taken":["M","?","M","$","?","R","?","?","T","E","?","?","$","M","R","BOSS","M","?","?","?","M","E","R","E","T","?","M","?","M"],"build_version":"2018-09-27","purchased_purges":2,"victory":false,"max_hp_per_floor":[72,72,72,72,72,72,72,72,72,72,72,72,72,72,72,72,72,72,72,72,72,72,72,72,72,72,72,72,72,72],"card_choices":[{"not_picked":["Dropkick","Sentinel"],"picked":"Shrug It Off","floor":1},{"not_picked":["Havoc","Entrench"],"picked":"Whirlwind","floor":3},{"not_picked":["Entrench","Iron Wave"],"picked":"Flex","floor":5},{"not_picked":["Clothesline","True Grit"],"picked":"Infernal Blade","floor":10},{"not_picked":["Entrench","Sword Boomerang","Anger"],"picked":"SKIP","floor":11},{"not_picked":["Bludgeon","True Grit"],"picked":"Havoc","floor":14},{"not_picked":["Reaper","Brutality"],"picked":"Offering","floor":16},{"not_picked":["Heavy Blade","Cleave+1"],"picked":"Infernal Blade+1","floor":18},{"not_picked":["Clash","Cleave+1"],"picked":"Inflame+1","floor":22},{"not_picked":["Evolve","Headbutt+1","Warcry"],"picked":"SKIP","floor":23},{"not_picked":["Feed","Carnage","Dark Embrace"],"picked":"SKIP","floor":25},{"not_picked":["Heavy Blade","True Grit","Warcry"],"picked":"SKIP","floor":27},{"not_picked":["Sword Boomerang","Body Slam+1","Uppercut"],"picked":"SKIP","floor":28}],"player_experience":404297,"relics_obtained":[{"floor":9,"key":"PreservedInsect"},{"floor":10,"key":"Art of War"},{"floor":12,"key":"Happy Flower"},{"floor":23,"key":"War Paint"},{"floor":25,"key":"Tiny Chest"},{"floor":26,"key":"Boot"}],"event_choices":[{"event_name":"Living Wall","player_choice":"Forget","floor":2,"damage_taken":0},{"event_name":"Shining Light","player_choice":"Entered Light","floor":7,"damage_taken":0},{"event_name":"The Mausoleum","player_choice":"Yes","floor":19,"damage_taken":0},{"event_name":"Bonfire Elementals","player_choice":"CURSE","floor":20,"damage_taken":0},{"event_name":"Beggar","player_choice":"Gave Gold","floor":21,"damage_taken":0},{"event_name":"Vampires","player_choice":"Ignored","floor":29,"damage_taken":0}],"is_beta":false,"boss_relics":[{"not_picked":["Orrery","Velvet Choker"],"picked":"Empty Cage"}],"items_purged_floors":[4,13],"is_endless":false,"potions_floor_spawned":[1,3,10,14,18,23,25],"killed_by":"Snake Plant","ascension_level":10}