{"gold_per_floor":[117,42,117,132,149,149,99,116,116,132,132,32,32,45,45,148,148,158,172,22,34,34,50,50,62,62,62,73,73,73,73,73,73],"floor_reached":33,"playtime":1707,"items_purged":["Strike_B","Strike_B","Strike_B"],"score":239,"play_id":"6ef4a9ea-7705-4747-9e8d-4fcc1576f24b","local_time":"20190118232008","is_ascension_mode":false,"campfire_choices":[{"data":"Defragment","floor":6,"key":"SMITH"},{"data":"Zap","floor":13,"key":"SMITH"},{"floor":15,"key":"REST"},{"data":"Barrage","floor":24,"key":"SMITH"},{"floor":30,"key":"REST"},{"floor":32,"key":"REST"}],"neow_cost":"NONE","seed_source_timestamp":742668721437629,"circlet_count":0,"master_deck":["Defend_B","Defend_B","Defend_B","Defend_B","Zap+1","Capacitor","Defragment+1","Redo","Cold Snap","Ball Lightning","Coolheaded","Meteor Strike","Ball Lightning+1","Barrage+1","Ball Lightning","Capacitor","Consume","J.A.X."],"relics":["Cracked Core","NeowsBlessing","Juzu Bracelet","Velvet Choker","Cables"],"potions_floor_usage":[16,16,16,23,23,33],"damage_taken":[{"damage":0,"enemies":"Small Slimes","floor":1,"turns":1},{"damage":0,"enemies":"2 Louse","floor":4,"turns":1},{"damage":0,"enemies":"Cultist","floor":5,"turns":1},{"damage":10,"enemies":"Large Slime","floor":8,"turns":5},{"damage":7,"enemies":"3 Louse","floor":10,"turns":3},{"damage":3,"enemies":"Blue Slaver","floor":14,"turns":3},{"damage":18,"enemies":"The Guardian","floor":16,"turns":8},{"damage":3,"enemies":"Spheric Guardian","floor":18,"turns":4},{"damage":6,"enemies":"Shell Parasite","floor":19,"turns":4},{"damage":16,"enemies":"Snake Plant","floor":21,"turns":4},{"damage":8,"enemies":"Centurion and Healer","floor":23,"turns":3},{"damage":15,"enemies":"Cultist and Chosen","floor":25,"turns":5},{"damage":23,"enemies":"Chosen and Byrds","floor":28,"turns":5},{"damage":52,"enemies":"Automaton","floor":33,"turns":6}],"seed_played":"8954591013962834288","potions_obtained":[{"floor":1,"key":"EssenceOfSteel"},{"floor":5,"key":"Weak Potion"},{"floor":14,"key":"SkillPotion"},{"floor":18,"key":"LiquidBronze"},{"floor":21,"key":"Weak Potion"},{"floor":28,"key":"SkillPotion"}],"is_trial":false,"path_per_floor":["M","$","?","M","M","R","?","M","T","M","?","$","R","M","R","B",null,"M","M","$","M","?","M","R","M","T","?","M","?","R","$","R","B"],"character_chosen":"DEFECT","items_purchased":["Barrage"],"campfire_rested":3,"item_purchase_floors":[20],"current_hp_per_floor":[75,75,64,64,64,64,64,54,54,47,47,47,47,44,66,48,75,72,66,66,50,50,42,42,27,27,27,4,4,26,26,48,0],"gold":73,"neow_bonus":"THREE_ENEMY_KILL","is_prod":false,"is_daily":false,"chose_seed":false,"campfire_upgraded":3,"win_rate":0,"timestamp":1547875208,"path_taken":["M","$","?","M","M","R","?","M","T","M","?","$","R","M","R","BOSS","M","M","$","M","?","M","R","M","T","?","M","?","R","$","R","BOSS"],"build_version":"2019-01-17v2","purchased_purges":3,"victory":false,"max_hp_per_floor":[75,75,75,75,75,75,75,75,75,75,75,75,75,75,75,75,75,75,75,75,75,75,75,75,75,75,75,75,75,75,75,75,75],"card_choices":[{"not_picked":["Ball Lightning","Leap"],"picked":"Capacitor","floor":1},{"not_picked":["BootSequence","Steam"],"picked":"Defragment","floor":4},{"not_picked":["Sunder","Scrape"],"picked":"Redo","floor":5},{"not_picked":["Rebound","Reinforced Body"],"picked":"Cold Snap","floor":8},{"not_picked":["Redo","Steam"],"picked":"Ball Lightning","floor":10},{"not_picked":["Compile Driver","Darkness"],"picked":"Coolheaded","floor":14},{"not_picked":["All For One","Biased Cognition"],"picked":"Meteor Strike","floor":16},{"not_picked":["Beam Cell+1","Aggregate"],"picked":"Ball Lightning+1","floor":18},{"not_picked":["Gash+1","Go for the Eyes+1","Streamline"],"picked":"SKIP","floor":19},{"not_picked":["Heatsinks","Compile Driver+1"],"picked":"Ball Lightning","floor":21},{"not_picked":["Leap","Streamline"],"picked":"Capacitor","floor":23},{"not_picked":["Undo+1","Rebound","Leap"],"picked":"SKIP","floor":25},{"not_picked":["Self Repair","Cold Snap"],"picked":"Consume","floor":28}],"player_experience":196593,"relics_obtained":[{"floor":9,"key":"Juzu Bracelet"},{"floor":26,"key":"Cables"}],"event_choices":[{"damage_healed":0,"gold_gain":75,"player_choice":"Gather Gold","damage_taken":11,"max_hp_gain":0,"max_hp_loss":0,"event_name":"World of Goop","floor":3,"gold_loss":0},{"cards_removed":["Strike_B"],"damage_healed":0,"gold_gain":0,"player_choice":"Card Removal","damage_taken":0,"max_hp_gain":0,"max_hp_loss":0,"event_name":"The Cleric","floor":7,"gold_loss":50},{"cards_removed":["Dualcast"],"damage_healed":0,"gold_gain":0,"player_choice":"Offered Basic","damage_taken":0,"max_hp_gain":0,"max_hp_loss":0,"event_name":"Bonfire Elementals","floor":11,"gold_loss":0},{"damage_healed":0,"gold_gain":0,"player_choice":"Ignored","damage_taken":0,"max_hp_gain":0,"max_hp_loss":0,"event_name":"Beggar","floor":22,"gold_loss":0},{"damage_healed":0,"gold_gain":0,"player_choice":"Obtain J.A.X.","damage_taken":0,"max_hp_gain":0,"max_hp_loss":0,"event_name":"Drug Dealer","floor":29,"gold_loss":0,"cards_obtained":["J.A.X."]}],"is_beta":false,"boss_relics":[{"not_picked":["Pandora\u0027s Box","Coffee Dripper"],"picked":"Velvet Choker"}],"items_purged_floors":[2,12,20],"is_endless":false,"potions_floor_spawned":[1,5,14,18,21,28],"killed_by":"Automaton","ascension_level":0}