{"path_per_floor":["M","M","?","?","M","R","?","E","T","E","?","M","M","M","R"],"character_chosen":"IRONCLAD","items_purchased":[],"gold_per_floor":[10,27,27,27,42,42,70,101,101,133,133,143,163,178,178,178],"floor_reached":16,"campfire_rested":1,"playtime":786,"current_hp_per_floor":[90,91,72,72,77,77,83,75,75,45,27,39,35,25,53,0],"items_purged":[],"gold":178,"score":148,"play_id":"c4c699c3-7912-4026-acf3-071592a7e7aa","local_time":"20180330192901","is_prod":false,"is_daily":false,"is_ascension_mode":true,"campfire_upgraded":1,"timestamp":1522427341,"path_taken":["M","M","?","?","M","R","?","E","T","E","?","M","M","M","R","BOSS"],"build_version":"2018-03-29v2","purchased_purges":0,"victory":false,"master_deck":["Strike_R","Strike_R+1","Strike_R","Strike_R","Strike_R","Defend_R","Defend_R","Defend_R","Bash","Fire Breathing+1","Whirlwind+1","Burning Pact","Whirlwind","Flame Barrier"],"max_hp_per_floor":[96,96,96,96,96,96,96,96,96,96,96,96,96,96,96,96],"relics":["Burning Blood","Odd Mushroom","Dream Catcher","Calipers","Dead Branch","Prayer Wheel"],"card_choices":[{"not_picked":["Sword Boomerang","Ghostly Armor"],"picked":"Fire Breathing","floor":1},{"not_picked":["Immolate","Blood for Blood"],"picked":"Whirlwind","floor":5},{"not_picked":["Infernal Blade","Twin Strike"],"picked":"Burning Pact","floor":8},{"not_picked":["Bludgeon","Sword Boomerang"],"picked":"Whirlwind","floor":10},{"not_picked":["Pommel Strike","Havoc"],"picked":"Flame Barrier","floor":14}],"player_experience":149741,"potions_floor_usage":[7,12,13,16],"damage_taken":[{"damage":12,"enemies":"2 Louse","floor":1,"turns":3},{"damage":5,"enemies":"Small Slimes","floor":2,"turns":4},{"damage":1,"enemies":"Cultist","floor":5,"turns":3},{"damage":0,"enemies":"The Mushroom Lair","floor":7,"turns":2},{"damage":14,"enemies":"Gremlin Nob","floor":8,"turns":3},{"damage":36,"enemies":"Lagavulin","floor":10,"turns":5},{"damage":0,"enemies":"Large Slime","floor":12,"turns":3},{"damage":10,"enemies":"Gremlin Gang","floor":13,"turns":3},{"damage":16,"enemies":"Blue Slaver","floor":14,"turns":3},{"damage":55,"enemies":"The Guardian","floor":16,"turns":10}],"event_choices":[{"event_name":"Shining Light","player_choice":"Entered Light","floor":3,"damage_taken":0},{"event_name":"Purifier","player_choice":"One Purge","floor":4,"damage_taken":0},{"event_name":"Mushrooms","player_choice":"Fought Mushrooms","floor":7,"damage_taken":0},{"event_name":"Scrap Ooze","player_choice":"success","floor":11,"damage_taken":18}],"boss_relics":[],"potions_floor_spawned":[5,7,10,13],"seed_played":"2097968446168676632","killed_by":"The Guardian","ascension_level":2,"is_trial":false}