{"gold_per_floor":[369,369,100,100,175,175,18,36,36,65,65,78,78,96,96,96],"floor_reached":16,"playtime":446,"items_purged":["Strike_R"],"score":142,"play_id":"0192b633-ea22-436b-800b-ef2661d5360e","local_time":"20180924195858","is_ascension_mode":true,"campfire_choices":[{"floor":6,"key":"REST"},{"floor":15,"key":"REST"}],"neow_cost":"PERCENT_DAMAGE","seed_source_timestamp":297576675923206,"circlet_count":0,"master_deck":["Strike_R","Strike_R","Strike_R","Defend_R","Defend_R","Defend_R","Bash","Intimidate","Blood for Blood"],"relics":["Burning Blood","Brimstone","Omamori","Happy Flower","Lantern"],"potions_floor_usage":[10,12,14],"damage_taken":[{"damage":8,"enemies":"Jaw Worm","floor":1,"turns":5},{"damage":12,"enemies":"2 Louse","floor":8,"turns":3},{"damage":41,"enemies":"3 Sentries","floor":10,"turns":8},{"damage":0,"enemies":"Cultist","floor":12,"turns":3},{"damage":12,"enemies":"3 Louse","floor":14,"turns":2},{"damage":79,"enemies":"The Guardian","floor":16,"turns":7}],"seed_played":"7566657517441705758","potions_obtained":[{"floor":8,"key":"Weak Potion"},{"floor":10,"key":"Swift Potion"},{"floor":12,"key":"Poison Potion"}],"is_trial":false,"path_per_floor":["M","?","$","?","?","R","$","M","T","E","?","M","?","M","R"],"character_chosen":"IRONCLAD","items_purchased":["Brimstone","Omamori"],"campfire_rested":2,"item_purchase_floors":[3,7],"current_hp_per_floor":[49,42,42,42,31,55,55,49,49,14,14,20,46,40,64,0],"gold":96,"neow_bonus":"TWO_FIFTY_GOLD","is_prod":false,"is_daily":false,"chose_seed":false,"campfire_upgraded":0,"win_rate":0,"timestamp":1537808338,"path_taken":["M","?","$","?","?","R","$","?","T","E","?","M","?","M","R","BOSS"],"build_version":"2018-09-20","purchased_purges":1,"victory":false,"max_hp_per_floor":[80,80,80,80,80,80,80,80,80,80,80,80,80,80,80,80],"card_choices":[{"not_picked":["Anger","Flame Barrier","Armaments"],"picked":"SKIP","floor":1},{"not_picked":["Warcry","Uppercut"],"picked":"Intimidate","floor":8},{"not_picked":["Hemokinesis","Wild Strike"],"picked":"Blood for Blood","floor":10},{"not_picked":["Rampage","Evolve","Uppercut"],"picked":"SKIP","floor":12},{"not_picked":["Uppercut","Corruption","Fire Breathing"],"picked":"SKIP","floor":14}],"player_experience":376702,"relics_obtained":[{"floor":9,"key":"Happy Flower"},{"floor":10,"key":"Lantern"}],"event_choices":[{"event_name":"Golden Wing","player_choice":"Card Removal","floor":2,"damage_taken":0},{"event_name":"Bonfire Elementals","player_choice":"BASIC","floor":4,"damage_taken":0},{"event_name":"World of Goop","player_choice":"Gather Gold","floor":5,"damage_taken":0},{"event_name":"Wheel of Change","player_choice":"Curse","floor":11,"damage_taken":0},{"event_name":"Big Fish","player_choice":"Banana","floor":13,"damage_taken":0}],"is_beta":false,"boss_relics":[],"items_purged_floors":[3],"is_endless":false,"potions_floor_spawned":[8,10,12],"killed_by":"The Guardian","ascension_level":9}