{"gold_per_floor":[119,16,16,91,108,142,142,142,142,142,142,172,172,192,192,263,263,281,301,34,34,34,66,84,84,109,15,0,0,0,12,12,83,83,102,120,120,133,233,233,233],"floor_reached":41,"playtime":3769,"items_purged":["Strike_G","Strike_G"],"score":858,"play_id":"61708b2d-0da6-47db-b718-23cabe3528c2","local_time":"20190712005809","is_ascension_mode":true,"campfire_choices":[{"data":"Cloak And Dagger","floor":7.0,"key":"SMITH"},{"floor":11.0,"key":"REST"},{"floor":13.0,"key":"REST"},{"data":"Bouncing Flask","floor":15.0,"key":"SMITH"},{"floor":25.0,"key":"DIG"},{"floor":29.0,"key":"DIG"},{"floor":32.0,"key":"REST"},{"data":"Footwork","floor":40,"key":"SMITH"}],"neow_cost":"NONE","seed_source_timestamp":81947514785329,"circlet_count":0,"master_deck":["AscendersBane","Strike_G+1","Defend_G","Defend_G","Defend_G","Defend_G","Survivor","Neutralize","Sucker Punch","Well Laid Plans+1","PiercingWail","Cloak And Dagger+1","Flying Knee","Bouncing Flask+1","Grand Finale+1","Backflip","Acrobatics","Footwork+1","Writhe","Cloak And Dagger","Deadly Poison+1","Dagger Throw+1"],"special_seed":0,"relics":["Ring of the Snake","NeowsBlessing","Boot","Molten Egg 2","Shovel","Busted Crown","Membership Card","Paper Crane","Tough Bandages","MawBank","Bottled Lightning","Gambling Chip","Lizard Tail","The Specimen"],"potions_floor_usage":[],"damage_taken":[{"damage":0.0,"enemies":"2 Louse","floor":1.0,"turns":1.0},{"damage":0.0,"enemies":"Jaw Worm","floor":5.0,"turns":1.0},{"damage":0.0,"enemies":"Lagavulin","floor":6.0,"turns":1.0},{"damage":36.0,"enemies":"Gremlin Nob","floor":12.0,"turns":5.0},{"damage":0.0,"enemies":"Small Slimes","floor":14.0,"turns":3.0},{"damage":6.0,"enemies":"Hexaghost","floor":16.0,"turns":10.0},{"damage":21.0,"enemies":"Shell Parasite","floor":18.0,"turns":6.0},{"damage":0.0,"enemies":"Chosen","floor":19.0,"turns":5.0},{"damage":18.0,"enemies":"Slavers","floor":23.0,"turns":3.0},{"damage":5.0,"enemies":"Centurion and Healer","floor":24.0,"turns":8.0},{"damage":3.0,"enemies":"Snake Plant","floor":31.0,"turns":5.0},{"damage":28.0,"enemies":"Collector","floor":33.0,"turns":16.0},{"damage":0.0,"enemies":"3 Shapes","floor":35.0,"turns":9.0},{"damage":0,"enemies":"Orb Walker","floor":36,"turns":3},{"damage":21,"enemies":"Spire Growth","floor":38,"turns":5},{"damage":0,"enemies":"Mind Bloom Boss Battle","floor":39,"turns":6},{"damage":85,"enemies":"4 Shapes","floor":41,"turns":6}],"seed_played":"1089939769191856831","potions_obtained":[{"floor":16.0,"key":"Fire Potion"},{"floor":24.0,"key":"AttackPotion"},{"floor":38,"key":"Dexterity Potion"},{"floor":39,"key":"Poison Potion"}],"is_trial":false,"path_per_floor":["M","$","?","?","M","E","R","?","T","?","R","E","R","M","R","B",null,"M","M","$","?","?","E","M","R","T","$","?","R","?","M","R","B",null,"M","M","?","M","?","R","M"],"character_chosen":"THE_SILENT","items_purchased":["Well Laid Plans","PiercingWail","Membership Card","Acrobatics","Footwork"],"campfire_rested":3,"item_purchase_floors":[2,2,20,27,27],"current_hp_per_floor":[59,59,39,28,28,28,28,21,21,21,40,4,23,23,23,17,54,33,33,33,46,46,28,23,23,23,23,23,23,23,20,39,11,52,52,52,52,31,31,31,0],"gold":233,"neow_bonus":"THREE_ENEMY_KILL","is_prod":false,"is_daily":false,"chose_seed":false,"campfire_upgraded":3,"win_rate":0,"timestamp":1562907489,"path_taken":["M","$","?","?","M","E","R","?","T","?","R","E","R","?","R","BOSS","M","M","$","?","?","E","M","R","T","?","?","R","?","?","R","BOSS","M","?","?","M","?","R","M"],"build_version":"2019-07-05","purchased_purges":2,"victory":false,"max_hp_per_floor":[66,66,66,66,66,66,66,66,66,66,66,66,66,66,66,66,66,66,66,66,66,66,66,66,66,66,66,66,66,66,66,66,66,66,66,66,66,66,66,66,66],"card_choices":[{"not_picked":["Deflect","Outmaneuver"],"picked":"Sucker Punch","floor":1.0},{"not_picked":["Backflip","Acrobatics"],"picked":"Cloak And Dagger","floor":5.0},{"not_picked":["Heel Hook","Outmaneuver"],"picked":"Flying Knee","floor":6.0},{"not_picked":["Acrobatics","Eviscerate+1"],"picked":"Bouncing Flask","floor":12.0},{"not_picked":["Concentrate","Outmaneuver","Riddle With Holes+1"],"picked":"SKIP","floor":14.0},{"not_picked":["Venomology","Glass Knife+1"],"picked":"Grand Finale+1","floor":16.0},{"not_picked":["Cloak And Dagger"],"picked":"SKIP","floor":18.0},{"not_picked":["Slice+1"],"picked":"SKIP","floor":19.0},{"not_picked":["PiercingWail"],"picked":"SKIP","floor":23.0},{"not_picked":[],"picked":"Backflip","floor":24.0},{"not_picked":[],"picked":"Cloak And Dagger","floor":31.0},{"not_picked":["Cloak And Dagger"],"picked":"SKIP","floor":35.0},{"not_picked":[],"picked":"Deadly Poison+1","floor":36},{"not_picked":["Slice+1"],"picked":"SKIP","floor":38},{"not_picked":[],"picked":"Dagger Throw+1","floor":39}],"player_experience":2449986,"relics_obtained":[{"floor":6.0,"key":"Boot"},{"floor":9.0,"key":"Molten Egg 2"},{"floor":12.0,"key":"Shovel"},{"floor":23.0,"key":"Paper Crane"},{"floor":25.0,"key":"Tough Bandages"},{"floor":26.0,"key":"MawBank"},{"floor":29.0,"key":"Bottled Lightning"},{"floor":39,"key":"The Specimen"}],"event_choices":[{"damage_healed":0.0,"max_hp_gain":0.0,"max_hp_loss":0.0,"gold_gain":0.0,"event_name":"Shining Light","player_choice":"Entered Light","floor":3.0,"gold_loss":0.0,"damage_taken":20.0,"cards_upgraded":["Strike_G","Well Laid Plans"]},{"damage_healed":0.0,"max_hp_gain":0.0,"max_hp_loss":0.0,"gold_gain":75.0,"event_name":"World of Goop","player_choice":"Gather Gold","floor":4.0,"gold_loss":0.0,"damage_taken":11.0},{"cards_removed":["Strike_G"],"damage_healed":0.0,"max_hp_gain":0.0,"max_hp_loss":0.0,"gold_gain":0.0,"event_name":"Golden Wing","player_choice":"Card Removal","floor":8.0,"gold_loss":0.0,"damage_taken":7.0},{"cards_removed":["Strike_G"],"damage_healed":0.0,"max_hp_gain":0.0,"max_hp_loss":0.0,"gold_gain":0.0,"event_name":"Purifier","player_choice":"Purged","floor":10.0,"gold_loss":0.0,"damage_taken":0.0},{"damage_healed":13.0,"max_hp_gain":0.0,"max_hp_loss":0.0,"gold_gain":0.0,"event_name":"The Library","player_choice":"Heal","floor":21.0,"gold_loss":0.0,"damage_taken":0.0},{"damage_healed":0.0,"max_hp_gain":0.0,"max_hp_loss":0.0,"gold_gain":0.0,"event_name":"Ghosts","player_choice":"Ignored","floor":22.0,"gold_loss":0.0,"damage_taken":0.0},{"damage_healed":0.0,"max_hp_gain":0.0,"max_hp_loss":0.0,"gold_gain":0.0,"event_name":"Masked Bandits","player_choice":"Paid Fearfully","floor":28.0,"gold_loss":15.0,"damage_taken":0.0},{"damage_healed":0.0,"max_hp_gain":0.0,"max_hp_loss":0.0,"gold_gain":0.0,"event_name":"The Mausoleum","player_choice":"Opened","floor":30.0,"gold_loss":0.0,"damage_taken":0.0,"relics_obtained":["Gambling Chip"],"cards_obtained":["Writhe"]},{"cards_removed":["Defend_G"],"damage_healed":0,"gold_gain":0,"player_choice":"Removed Skill","damage_taken":0,"max_hp_gain":0,"max_hp_loss":0,"event_name":"Falling","floor":37,"gold_loss":0},{"damage_healed":0,"gold_gain":0,"player_choice":"Fight","damage_taken":0,"max_hp_gain":0,"max_hp_loss":0,"event_name":"MindBloom","floor":39,"gold_loss":0}],"is_beta":false,"boss_relics":[{"not_picked":["Philosopher\u0027s Stone","Runic Pyramid"],"picked":"Busted Crown"},{"not_picked":["Cursed Key","Coffee Dripper"],"picked":"Lizard Tail"}],"items_purged_floors":[20,27],"is_endless":false,"potions_floor_spawned":[16,24,35,38,39],"killed_by":"4 Shapes","ascension_level":19}