{"gold_per_floor":[17,17,29,29,45,45,76,95,122,122,122],"floor_reached":11,"playtime":362,"items_purged":[],"score":91,"play_id":"87af5ab7-6469-4b4b-a671-035546626486","local_time":"20190403155835","is_ascension_mode":true,"campfire_choices":[{"floor":6,"key":"RECALL"}],"neow_cost":"NO_GOLD","seed_source_timestamp":29780650685700,"circlet_count":0,"master_deck":["Defend_G","Defend_G","Defend_G","Defend_G","Defend_G","Strike_G","Strike_G","Strike_G","Strike_G","Strike_G","Survivor","Neutralize","Bandage Up","Panacea+1","All Out Attack","Caltrops","Finisher","Caltrops","Crippling Poison"],"relics":["Ring of the Snake","Potion Belt","PreservedInsect"],"potions_floor_usage":[11,11],"damage_taken":[{"damage":2,"enemies":"Jaw Worm","floor":1,"turns":6},{"damage":0,"enemies":"Cultist","floor":3,"turns":5},{"damage":3,"enemies":"2 Louse","floor":5,"turns":2},{"damage":48,"enemies":"Gremlin Nob","floor":7,"turns":6},{"damage":9,"enemies":"Looter","floor":8,"turns":4},{"damage":15,"enemies":"Lagavulin","floor":11,"turns":3}],"seed_played":"-4344370675140798416","potions_obtained":[{"floor":7,"key":"Block Potion"},{"floor":8,"key":"Swift Potion"}],"is_trial":false,"path_per_floor":["M","?","M","$","M","R","E","M","T","?","E"],"character_chosen":"THE_SILENT","items_purchased":[],"campfire_rested":0,"item_purchase_floors":[],"current_hp_per_floor":[68,68,70,70,67,67,22,17,17,10,0],"gold":122,"neow_bonus":"RANDOM_COLORLESS_2","is_prod":false,"is_daily":false,"chose_seed":false,"campfire_upgraded":0,"win_rate":0,"timestamp":1554296315,"path_taken":["M","?","?","$","M","R","E","M","T","?","E"],"build_version":"2019-01-23","purchased_purges":0,"victory":false,"max_hp_per_floor":[70,70,70,70,70,70,70,70,70,70,70],"card_choices":[{"not_picked":["Endless Agony","Escape Plan"],"picked":"All Out Attack","floor":1},{"not_picked":["Outmaneuver","Poisoned Stab"],"picked":"Caltrops","floor":3},{"not_picked":["Setup","Underhanded Strike"],"picked":"Finisher","floor":5},{"not_picked":["Setup","Eviscerate"],"picked":"Caltrops","floor":7},{"not_picked":["Bouncing Flask","Masterful Stab"],"picked":"Crippling Poison","floor":8}],"player_experience":518474,"relics_obtained":[{"floor":7,"key":"Potion Belt"}],"event_choices":[{"damage_healed":0,"gold_gain":0,"player_choice":"Forge","damage_taken":0,"max_hp_gain":0,"max_hp_loss":0,"event_name":"Accursed Blacksmith","floor":2,"gold_loss":0,"cards_upgraded":["Panacea"]},{"damage_healed":0,"gold_gain":0,"player_choice":"Success","damage_taken":7,"relics_obtained":["PreservedInsect"],"max_hp_gain":0,"max_hp_loss":0,"event_name":"Scrap Ooze","floor":10,"gold_loss":0}],"is_beta":false,"boss_relics":[],"items_purged_floors":[],"is_endless":false,"potions_floor_spawned":[7,8],"killed_by":"Lagavulin","ascension_level":5}