{"gold_per_floor":[119,119,129,129,145,170,170,186,254,274,299,319,352,352,352,352],"floor_reached":16,"playtime":1160,"items_purged":[],"score":153,"play_id":"4ef84f6d-dcdc-45c4-85b1-eeb00f4e8e9a","local_time":"20190702195905","is_ascension_mode":true,"campfire_choices":[{"data":"Catalyst","floor":7,"key":"SMITH"},{"floor":15,"key":"REST"}],"neow_cost":"NONE","seed_source_timestamp":44624514811200,"circlet_count":0,"master_deck":["Survivor","Neutralize","Heel Hook","Blur","Escape Plan+1","Bouncing Flask","Catalyst+1","Backstab","Footwork","Dash","Burst","Dodge and Roll","Bouncing Flask","Catalyst+1","After Image+1"],"relics":["Pandora\u0027s Box","Torii","Frozen Egg 2","War Paint","Oddly Smooth Stone","Golden Idol"],"potions_floor_usage":[6,13,16],"damage_taken":[{"damage":0,"enemies":"Cultist","floor":1,"turns":2},{"damage":0,"enemies":"Small Slimes","floor":3,"turns":3},{"damage":0,"enemies":"2 Louse","floor":5,"turns":3},{"damage":17,"enemies":"3 Sentries","floor":6,"turns":8},{"damage":0,"enemies":"Gremlin Gang","floor":8,"turns":5},{"damage":13,"enemies":"Large Slime","floor":10,"turns":6},{"damage":20,"enemies":"Lagavulin","floor":11,"turns":5},{"damage":0,"enemies":"3 Louse","floor":12,"turns":3},{"damage":9,"enemies":"3 Sentries","floor":13,"turns":12},{"damage":33,"enemies":"Slime Boss","floor":16,"turns":6}],"seed_played":"8049668422516687910","potions_obtained":[{"floor":3,"key":"GamblersBrew"},{"floor":8,"key":"LiquidBronze"},{"floor":11,"key":"Ancient Potion"}],"is_trial":false,"path_per_floor":["M","?","M","$","M","E","R","M","T","M","E","M","E","?","R","B"],"character_chosen":"THE_SILENT","items_purchased":[],"campfire_rested":1,"item_purchase_floors":[],"current_hp_per_floor":[70,70,70,70,70,53,53,53,53,40,20,20,11,11,30,0],"gold":352,"neow_bonus":"BOSS_RELIC","is_prod":false,"is_daily":false,"chose_seed":false,"campfire_upgraded":1,"win_rate":0,"timestamp":1562086745,"path_taken":["M","?","?","$","M","E","R","M","T","M","E","?","E","?","R","BOSS"],"build_version":"2019-07-01","purchased_purges":0,"victory":false,"max_hp_per_floor":[70,70,70,70,70,70,70,70,70,70,70,70,70,65,65,65],"card_choices":[{"not_picked":["Acrobatics","Poisoned Stab"],"picked":"Dodge and Roll","floor":1},{"not_picked":["Grand Finale","Dagger Throw","Slice"],"picked":"SKIP","floor":3},{"not_picked":["Choke","Deflect","Leg Sweep"],"picked":"SKIP","floor":5},{"not_picked":["Acrobatics","Well Laid Plans"],"picked":"Bouncing Flask","floor":6},{"not_picked":["Terror","Cloak And Dagger"],"picked":"Catalyst","floor":8},{"not_picked":["Blade Dance","Deflect","Outmaneuver"],"picked":"SKIP","floor":10},{"not_picked":["Bane","Cloak And Dagger"],"picked":"After Image+1","floor":11},{"not_picked":["Dagger Throw","Dagger Spray","Setup"],"picked":"SKIP","floor":12},{"not_picked":["Dagger Throw","Dodge and Roll","Cloak And Dagger"],"picked":"SKIP","floor":13}],"player_experience":638315,"relics_obtained":[{"floor":6,"key":"Torii"},{"floor":9,"key":"Frozen Egg 2"},{"floor":11,"key":"War Paint"},{"floor":13,"key":"Oddly Smooth Stone"}],"event_choices":[{"cards_removed":["Terror"],"damage_healed":0,"gold_gain":0,"player_choice":"Purged","damage_taken":0,"max_hp_gain":0,"max_hp_loss":0,"event_name":"Purifier","floor":2,"gold_loss":0},{"damage_healed":0,"gold_gain":0,"player_choice":"Lose Max HP","damage_taken":0,"relics_obtained":["Golden Idol"],"max_hp_gain":0,"max_hp_loss":5,"event_name":"Golden Idol","floor":14,"gold_loss":0}],"is_beta":false,"boss_relics":[],"items_purged_floors":[],"is_endless":false,"potions_floor_spawned":[3,8,11],"killed_by":"Slime Boss","ascension_level":5}