{"gold_per_floor":[218,218,218,228,246,246,281,300,300,300,327,344,229,248,248,348,348,358,258,278,278,178,178,189,189],"floor_reached":25,"playtime":970,"items_purged":["Strike_R","Defend_R","Strike_R"],"score":203,"play_id":"c18777af-10eb-4afd-bcf9-56e62e559668","local_time":"20190713115825","is_ascension_mode":false,"campfire_choices":[{"data":"Bash","floor":6,"key":"SMITH"},{"data":"True Grit","floor":10,"key":"SMITH"},{"data":"Fire Breathing","floor":15,"key":"SMITH"},{"data":"Reaper","floor":23,"key":"SMITH"}],"neow_cost":"NONE","seed_source_timestamp":165227875822639,"circlet_count":0,"master_deck":["Strike_R","Strike_R","Defend_R","Defend_R","Defend_R","Bash+1","Thunderclap","True Grit+1","Sentinel","Fire Breathing+1","Reaper+1","Warcry"],"relics":["Burning Blood","Orichalcum","Bag of Marbles","Philosopher\u0027s Stone","The Courier"],"potions_floor_usage":[7,16,16,16],"damage_taken":[{"damage":11,"enemies":"Jaw Worm","floor":1,"turns":4},{"damage":7,"enemies":"Small Slimes","floor":4,"turns":4},{"damage":1,"enemies":"Cultist","floor":5,"turns":4},{"damage":37,"enemies":"Lagavulin","floor":7,"turns":6},{"damage":3,"enemies":"Looter","floor":8,"turns":4},{"damage":0,"enemies":"3 Louse","floor":12,"turns":5},{"damage":14,"enemies":"Exordium Wildlife","floor":14,"turns":5},{"damage":40,"enemies":"The Guardian","floor":16,"turns":18},{"damage":25,"enemies":"Shell Parasite","floor":18,"turns":5},{"damage":18,"enemies":"Chosen","floor":20,"turns":5},{"damage":38,"enemies":"3 Cultists","floor":24,"turns":6},{"damage":66,"enemies":"Snake Plant","floor":25,"turns":7}],"seed_played":"-2256957118285453713","potions_obtained":[{"floor":4,"key":"SteroidPotion"},{"floor":5,"key":"EssenceOfSteel"},{"floor":12,"key":"PowerPotion"},{"floor":14,"key":"EssenceOfSteel"},{"floor":24,"key":"FearPotion"}],"is_trial":false,"path_per_floor":["M","?","?","M","M","R","E","M","T","R","T","M","$","M","R","B",null,"M","$","M","?","$","R","M","M"],"character_chosen":"IRONCLAD","items_purchased":["Fire Breathing"],"campfire_rested":0,"item_purchase_floors":[13],"current_hp_per_floor":[75,80,73,72,77,77,46,49,49,49,49,58,58,53,53,19,91,72,72,69,69,69,69,58,0],"gold":189,"neow_bonus":"HUNDRED_GOLD","is_prod":false,"is_daily":false,"chose_seed":false,"campfire_upgraded":4,"win_rate":0,"timestamp":1563011905,"path_taken":["M","?","?","M","M","R","E","M","T","R","?","?","$","M","R","BOSS","M","$","M","?","$","R","?","M"],"build_version":"2019-07-05","purchased_purges":3,"victory":false,"max_hp_per_floor":[80,85,85,85,85,85,85,85,85,85,85,88,88,91,91,91,91,91,91,94,94,94,94,94,94],"card_choices":[{"not_picked":["Searing Blow","Flex"],"picked":"Thunderclap","floor":1},{"not_picked":["Headbutt","Pommel Strike"],"picked":"True Grit","floor":4},{"not_picked":["Dual Wield","Clash"],"picked":"Feed","floor":5},{"not_picked":["Wild Strike","Disarm"],"picked":"Sentinel","floor":7},{"not_picked":["Sword Boomerang","Rampage","Disarm"],"picked":"SKIP","floor":8},{"not_picked":["Flex","Perfected Strike","True Grit"],"picked":"SKIP","floor":12},{"not_picked":["True Grit","Dual Wield","Thunderclap"],"picked":"SKIP","floor":14},{"not_picked":["Berserk","Demon Form"],"picked":"Reaper","floor":16},{"not_picked":["Cleave","Combust","Searing Blow"],"picked":"SKIP","floor":18},{"not_picked":["Wild Strike","Pummel","Heavy Blade"],"picked":"SKIP","floor":20},{"not_picked":["Body Slam","Sword Boomerang"],"picked":"Warcry","floor":24}],"player_experience":105294,"relics_obtained":[{"floor":7,"key":"Orichalcum"},{"floor":9,"key":"Bag of Marbles"}],"event_choices":[{"damage_healed":0,"gold_gain":0,"player_choice":"Donut","damage_taken":0,"max_hp_gain":5,"max_hp_loss":0,"event_name":"Big Fish","floor":2,"gold_loss":0},{"cards_removed":["Strike_R"],"damage_healed":0,"gold_gain":0,"player_choice":"Card Removal","damage_taken":7,"max_hp_gain":0,"max_hp_loss":0,"event_name":"Golden Wing","floor":3,"gold_loss":0},{"cards_removed":["Feed"],"damage_healed":0,"gold_gain":0,"player_choice":"Gave Card","damage_taken":0,"relics_obtained":["The Courier"],"max_hp_gain":0,"max_hp_loss":0,"event_name":"WeMeetAgain","floor":21,"gold_loss":0}],"is_beta":false,"boss_relics":[{"not_picked":["Calling Bell","Lizard Tail"],"picked":"Philosopher\u0027s Stone"}],"items_purged_floors":[13,19,22],"is_endless":false,"potions_floor_spawned":[4,5,12,14,24],"killed_by":"Snake Plant","ascension_level":0}