{"gold_per_floor":[109,121,46,46,46,72,72,86,132,132,150,177,189,189,189,189],"floor_reached":16,"playtime":901,"items_purged":["Strike_R"],"score":135,"play_id":"d7b7187c-322e-44fc-afd4-69ae48c5e70f","local_time":"20181125213032","is_ascension_mode":false,"campfire_choices":[{"data":"Hemokinesis","floor":7,"key":"SMITH"},{"floor":15,"key":"REST"}],"neow_cost":"NONE","seed_source_timestamp":433130458162856,"circlet_count":0,"master_deck":["Strike_R","Strike_R","Strike_R","Strike_R","Defend_R","Defend_R","Defend_R","Defend_R","Bash","Panacea","Hemokinesis+1","Flame Barrier","Combust","Hemokinesis","Carnage","Inflame"],"relics":["Burning Blood","Anchor","Bag of Preparation","Torii","Pear"],"potions_floor_usage":[12,16],"damage_taken":[{"damage":7,"enemies":"2 Louse","floor":1,"turns":3},{"damage":8,"enemies":"Small Slimes","floor":2,"turns":4},{"damage":47,"enemies":"3 Sentries","floor":6,"turns":10},{"damage":5,"enemies":"Cultist","floor":8,"turns":3},{"damage":4,"enemies":"Large Slime","floor":11,"turns":3},{"damage":42,"enemies":"Lagavulin","floor":12,"turns":4},{"damage":3,"enemies":"Blue Slaver","floor":13,"turns":2},{"damage":50,"enemies":"The Guardian","floor":16,"turns":7}],"seed_played":"6401588704920760698","potions_obtained":[{"floor":6,"key":"GamblersBrew"},{"floor":11,"key":"Strength Potion"},{"floor":12,"key":"Block Potion"}],"is_trial":false,"path_per_floor":["M","M","$","?","?","E","R","M","T","?","M","E","M","?","R","B"],"character_chosen":"IRONCLAD","items_purchased":[],"campfire_rested":1,"item_purchase_floors":[],"current_hp_per_floor":[79,77,77,77,82,41,41,42,42,42,44,18,21,21,49,0],"gold":189,"neow_bonus":"RANDOM_COLORLESS","is_prod":false,"is_daily":false,"chose_seed":false,"campfire_upgraded":1,"win_rate":0.0,"timestamp":1543203032,"path_taken":["M","M","$","?","?","E","R","M","T","?","?","E","M","?","R","BOSS"],"build_version":"2018-11-15","purchased_purges":1,"victory":false,"max_hp_per_floor":[80,80,80,80,85,85,85,85,85,85,85,95,95,95,95,95],"card_choices":[{"not_picked":["Iron Wave","Wild Strike"],"picked":"Hemokinesis","floor":1},{"not_picked":["Armaments","Clothesline"],"picked":"Flame Barrier","floor":2},{"not_picked":["Dropkick","Twin Strike"],"picked":"Combust","floor":6},{"not_picked":["Anger","Dual Wield"],"picked":"Hemokinesis","floor":8},{"not_picked":["Flex","Twin Strike"],"picked":"Carnage","floor":11},{"not_picked":["Headbutt","Thunderclap","Twin Strike"],"picked":"SKIP","floor":12},{"not_picked":["Heavy Blade","Anger"],"picked":"Inflame","floor":13}],"player_experience":154206,"relics_obtained":[{"floor":6,"key":"Anchor"},{"floor":9,"key":"Bag of Preparation"},{"floor":10,"key":"Torii"},{"floor":12,"key":"Pear"}],"event_choices":[{"damage_healed":0,"gold_gain":0,"player_choice":"Ignored","damage_taken":0,"max_hp_gain":0,"max_hp_loss":0,"event_name":"Shining Light","floor":4,"gold_loss":0},{"damage_healed":0,"gold_gain":0,"player_choice":"Donut","damage_taken":0,"max_hp_gain":5,"max_hp_loss":0,"event_name":"Big Fish","floor":5,"gold_loss":0},{"damage_healed":0,"gold_gain":0,"player_choice":"Relic","damage_taken":0,"max_hp_gain":0,"max_hp_loss":0,"event_name":"Wheel of Change","floor":10,"gold_loss":0},{"damage_healed":0,"gold_gain":0,"player_choice":"Ignored","damage_taken":0,"max_hp_gain":0,"max_hp_loss":0,"event_name":"Liars Game","floor":14,"gold_loss":0}],"is_beta":false,"boss_relics":[],"items_purged_floors":[3],"is_endless":false,"potions_floor_spawned":[6,11,12],"killed_by":"The Guardian","ascension_level":0}