{"path_per_floor":["M","$","?","?","M","E","R","E","T","R","?","M","R","?","R","B",null,"M","$","?","?","M","R","M","M","T","?","R","$","R","M","R","B",null,"M","?","M","$","?","R","M","$","T","?","M","$","R","?","R"],"character_chosen":"IRONCLAD","items_purchased":["Inflame","Paper Frog"],"gold_per_floor":[111,2,2,2,22,55,55,86,137,137,137,154,154,154,154,250,250,261,23,23,23,33,33,52,69,92,92,92,92,92,107,107,206,236,253,253,269,169,169,169,188,63,116,116,130,130,130,130,130,130],"floor_reached":50,"campfire_rested":4,"playtime":1750,"current_hp_per_floor":[80,80,80,80,80,82,82,63,63,63,56,64,64,46,71,64,84,85,85,85,85,73,73,66,53,53,53,80,80,80,48,75,10,99,74,74,80,80,80,80,67,67,67,61,89,89,89,89,107,0],"items_purged":["Strike_R","Strike_R","Strike_R"],"gold":130,"score":618,"play_id":"cec46d08-2353-40c4-8ea2-5e8c6a2cd629","local_time":"20180408094249","is_prod":false,"is_daily":false,"is_ascension_mode":true,"campfire_upgraded":7,"timestamp":1523169769,"path_taken":["M","$","?","?","?","E","R","E","T","R","?","M","R","?","R","BOSS","M","?","?","?","M","R","M","M","T","?","R","$","R","M","R","BOSS","M","?","?","$","?","R","M","$","T","?","M","?","R","?","R","BOSS"],"build_version":"2018-04-05v2","purchased_purges":3,"victory":false,"master_deck":["Strike_R+1","Defend_R+1","Defend_R","Bash+1","Inflame+1","Uppercut+1","Limit Break+1","Cleave+1","Reaper+1","Pommel Strike+1","Bludgeon","Dark Shackles+1"],"max_hp_per_floor":[80,80,80,80,80,82,82,82,82,82,82,84,84,84,84,84,84,86,86,86,86,86,86,88,90,90,90,90,90,90,92,92,92,99,99,99,101,101,101,101,101,101,101,105,107,107,107,107,107,107],"relics":["Burning Blood","NeowsBlessing","Singing Bowl","Gremlin Horn","Ancient Tea Set","Charon\u0027s Ashes","Sozu","Paper Frog","Oddly Smooth Stone","Tiny House","Tiny Chest"],"card_choices":[{"not_picked":["Armaments","Body Slam"],"picked":"Uppercut","floor":8},{"not_picked":["Exhume","Berserk"],"picked":"Limit Break","floor":16},{"not_picked":["Armaments","Havoc"],"picked":"Cleave","floor":22},{"not_picked":["Juggernaut","Feed"],"picked":"Reaper","floor":33},{"not_picked":["Iron Wave","Armaments"],"picked":"Pommel Strike","floor":35},{"not_picked":["Body Slam","Wild Strike"],"picked":"Bludgeon","floor":41},{"not_picked":["Apotheosis","Master of Strategy"],"picked":"Dark Shackles","floor":44}],"player_experience":187546,"potions_floor_usage":[8,16,16,18],"damage_taken":[{"damage":0,"enemies":"Jaw Worm","floor":1,"turns":1},{"damage":0,"enemies":"2 Louse","floor":5,"turns":1},{"damage":0,"enemies":"Lagavulin","floor":6,"turns":1},{"damage":25,"enemies":"3 Sentries","floor":8,"turns":8},{"damage":0,"enemies":"Cultist","floor":12,"turns":3},{"damage":13,"enemies":"Slime Boss","floor":16,"turns":7},{"damage":7,"enemies":"Shell Parasite","floor":18,"turns":4},{"damage":18,"enemies":"2 Thieves","floor":22,"turns":4},{"damage":15,"enemies":"Snecko","floor":24,"turns":4},{"damage":21,"enemies":"Centurion and Healer","floor":25,"turns":4},{"damage":40,"enemies":"Slaver and Parasite","floor":31,"turns":7},{"damage":71,"enemies":"Collector","floor":33,"turns":9},{"damage":31,"enemies":"3 Shapes","floor":35,"turns":4},{"damage":14,"enemies":"Orb Walker","floor":37,"turns":3},{"damage":35,"enemies":"Sphere and 2 Shapes","floor":41,"turns":3},{"damage":2,"enemies":"Maw","floor":45,"turns":6},{"damage":146,"enemies":"Donu and Deca","floor":50,"turns":7}],"event_choices":[{"event_name":"The Cleric","player_choice":"Leave","floor":3,"damage_taken":0},{"event_name":"The Lab","player_choice":"Got Potions","floor":4,"damage_taken":0},{"event_name":"Golden Wing","player_choice":"Card Removal","floor":11,"damage_taken":0},{"event_name":"Scrap Ooze","player_choice":"success","floor":14,"damage_taken":18},{"event_name":"Vampires","player_choice":"Ignored","floor":20,"damage_taken":0},{"event_name":"Addict","player_choice":"Ignored","floor":21,"damage_taken":0},{"event_name":"Ghosts","player_choice":"Ignored","floor":27,"damage_taken":0},{"event_name":"Mysterious Sphere","player_choice":"Ignore","floor":36,"damage_taken":0},{"event_name":"Bonfire Elementals","player_choice":"BASIC","floor":39,"damage_taken":0},{"event_name":"SensoryStone","player_choice":"Memory 3","floor":44,"damage_taken":0}],"boss_relics":[{"not_picked":["Orrery","Astrolabe"],"picked":"Sozu"},{"not_picked":["Philosopher\u0027s Stone","Snecko Eye"],"picked":"Tiny House"}],"potions_floor_spawned":[6,16,24,25,31,33,35,37],"seed_played":"-3384781625671055656","killed_by":"Donu and Deca","ascension_level":3,"is_trial":false}