{"path_per_floor":["M","?","?","?","M","E","R","E","T","M","M","E","$","M","R","B",null,"M","T","$","?","M"],"character_chosen":"IRONCLAD","items_purchased":["Fiend Fire","Singing Bowl","Vajra"],"gold_per_floor":[119,294,244,244,258,284,284,319,394,412,432,461,35,47,47,151,151,164,216,166,166,179,179],"floor_reached":23,"campfire_rested":1,"playtime":816,"current_hp_per_floor":[76,76,76,81,78,75,75,61,61,67,66,46,46,51,80,13,76,79,79,79,79,81,0],"items_purged":["Strike_R","Injury"],"gold":179,"score":297,"play_id":"aa32794b-e886-40b3-a684-7b105c6be80d","local_time":"20180418184422","is_prod":false,"is_daily":false,"chose_seed":false,"is_ascension_mode":true,"campfire_upgraded":1,"timestamp":1524066262,"path_taken":["M","?","?","?","M","E","R","E","T","M","M","E","$","?","R","BOSS","M","?","$","?","M","E"],"build_version":"2018-04-12","seed_source_timestamp":166314953664908,"purchased_purges":2,"victory":false,"master_deck":["Strike_R","Strike_R","Strike_R","Defend_R","Defend_R","Defend_R","Defend_R","Bash","Cleave","Bloodletting+1","Seeing Red","Pommel Strike","Flex","Fiend Fire+1","Reaper+1","Metallicize+1"],"max_hp_per_floor":[80,80,80,85,85,95,95,95,95,95,95,95,95,97,97,97,97,99,99,99,99,99,99],"relics":["Burning Blood","Anchor","Pear","Ice Cream","Smiling Mask","Molten Egg 2","Singing Bowl","Vajra","Cursed Key","Bag of Marbles"],"card_choices":[{"not_picked":["Havoc","Blood for Blood"],"picked":"Cleave","floor":1},{"not_picked":["Thunderclap","Flex"],"picked":"Bloodletting","floor":5},{"not_picked":["Entrench","Heavy Blade"],"picked":"Seeing Red","floor":8},{"not_picked":["Body Slam","Headbutt"],"picked":"Pommel Strike","floor":10},{"not_picked":["Iron Wave","Thunderclap"],"picked":"Flex","floor":11},{"not_picked":["Double Tap","Brutality"],"picked":"Reaper","floor":16},{"not_picked":["Entrench","Wild Strike"],"picked":"Metallicize","floor":22}],"player_experience":210408,"potions_floor_usage":[6,8,16],"damage_taken":[{"damage":2,"enemies":"2 Louse","floor":1,"turns":3},{"damage":9,"enemies":"Jaw Worm","floor":5,"turns":3},{"damage":19,"enemies":"Gremlin Nob","floor":6,"turns":3},{"damage":35,"enemies":"3 Sentries","floor":8,"turns":7},{"damage":0,"enemies":"Small Slimes","floor":10,"turns":2},{"damage":7,"enemies":"Looter","floor":11,"turns":3},{"damage":26,"enemies":"Gremlin Nob","floor":12,"turns":4},{"damage":3,"enemies":"Red Slaver","floor":14,"turns":2},{"damage":73,"enemies":"The Guardian","floor":16,"turns":11},{"damage":14,"enemies":"Shell Parasite","floor":18,"turns":3},{"damage":22,"enemies":"3 Byrds","floor":22,"turns":4},{"damage":94,"enemies":"Book of Stabbing","floor":23,"turns":6}],"event_choices":[{"event_name":"Liars Game","player_choice":"agreed","floor":2,"damage_taken":0},{"event_name":"The Cleric","player_choice":"Card Removal","floor":3,"damage_taken":0},{"event_name":"Big Fish","player_choice":"Donut","floor":4,"damage_taken":0},{"event_name":"Back to Basics","player_choice":"Elegance","floor":21,"damage_taken":0}],"boss_relics":[{"not_picked":["Orrery","Philosopher\u0027s Stone"],"picked":"Cursed Key"}],"potions_floor_spawned":[5,6,14,16],"seed_played":"739245376705648610","killed_by":"Book of Stabbing","ascension_level":6,"is_trial":false}