{"path_per_floor":["M","?","?","?","M","E","?","R","T","$","E","M","R","$","R","B",null,"M","M","?","?","?","R","?","R","T","M","R","$"],"character_chosen":"IRONCLAD","items_purchased":["Whirlwind"],"gold_per_floor":[112,62,137,137,154,183,183,183,183,108,134,146,146,11,11,113,113,124,138,53,53,53,53,53,53,53,71,71,21,21],"floor_reached":30,"campfire_rested":3,"playtime":885,"current_hp_per_floor":[72,72,61,54,58,35,35,59,69,69,42,44,71,71,71,70,85,44,20,20,20,20,62,62,62,62,26,26,26,0],"items_purged":["Defend_R","Strike_R","Pain"],"gold":21,"score":327,"play_id":"30b352a7-968b-46ea-a066-8638098675dd","local_time":"20180420073451","is_prod":false,"is_daily":false,"chose_seed":false,"is_ascension_mode":true,"campfire_upgraded":1,"timestamp":1524198891,"path_taken":["M","?","?","?","?","E","?","R","T","$","E","M","R","$","R","BOSS","M","M","?","?","?","R","?","R","T","?","R","$","E"],"build_version":"2018-04-19","seed_source_timestamp":298875494471489,"purchased_purges":3,"victory":false,"master_deck":["Defend_R","Defend_R","Bash","Shrug It Off","Flame Barrier","Fire Breathing+1","Uppercut","Combust+1","Whirlwind+1","Demon Form+1","Writhe","Pain","Shrug It Off","Writhe","Bite","Bite","Bite","Bite","Bite","Disarm"],"max_hp_per_floor":[80,80,80,80,80,80,80,80,90,90,90,90,90,90,90,90,90,90,90,90,90,90,90,63,63,63,63,63,63,63],"relics":["Burning Blood","Frozen Egg 2","Pear","Whetstone","Calling Bell","Paper Frog","Regal Pillow","Girya","Dodecahedron","Smiling Mask","Shuriken"],"card_choices":[{"not_picked":["Entrench","Perfected Strike"],"picked":"Shrug It Off","floor":0},{"not_picked":["Cleave","Wild Strike"],"picked":"Flame Barrier","floor":1},{"not_picked":["Iron Wave","Thunderclap"],"picked":"Fire Breathing","floor":6},{"not_picked":["Perfected Strike","Carnage"],"picked":"Uppercut","floor":11},{"not_picked":["True Grit","Clothesline"],"picked":"Combust","floor":12},{"not_picked":["Impervious","Brutality"],"picked":"Demon Form","floor":16},{"not_picked":["Flex","Sword Boomerang"],"picked":"Shrug It Off","floor":18},{"not_picked":["Wild Strike","Intimidate"],"picked":"Disarm","floor":27}],"player_experience":213718,"potions_floor_usage":[5,19],"damage_taken":[{"damage":6,"enemies":"Cultist","floor":1,"turns":4},{"damage":11,"enemies":"Small Slimes","floor":5,"turns":4},{"damage":29,"enemies":"3 Sentries","floor":6,"turns":14},{"damage":33,"enemies":"Gremlin Nob","floor":11,"turns":5},{"damage":4,"enemies":"Jaw Worm","floor":12,"turns":3},{"damage":7,"enemies":"Slime Boss","floor":16,"turns":6},{"damage":47,"enemies":"Spheric Guardian","floor":18,"turns":5},{"damage":30,"enemies":"2 Thieves","floor":19,"turns":3},{"damage":49,"enemies":"Chosen and Byrds","floor":27,"turns":6},{"damage":37,"enemies":"Gremlin Leader","floor":30,"turns":4}],"event_choices":[{"event_name":"The Cleric","player_choice":"Card Removal","floor":2,"damage_taken":0},{"event_name":"World of Goop","player_choice":"Gather Gold","floor":3,"damage_taken":0},{"event_name":"Golden Wing","player_choice":"Card Removal","floor":4,"damage_taken":0},{"event_name":"Living Wall","player_choice":"Forget","floor":7,"damage_taken":0},{"event_name":"Addict","player_choice":"Obtained Relic","floor":20,"damage_taken":0},{"event_name":"The Mausoleum","player_choice":"Yes","floor":21,"damage_taken":0},{"event_name":"Drug Dealer","player_choice":"Ignored","floor":22,"damage_taken":0},{"event_name":"Vampires","player_choice":"Became a vampire","floor":24,"damage_taken":0}],"boss_relics":[{"not_picked":["Lizard Tail","Eternal Feather"],"picked":"Calling Bell"}],"potions_floor_spawned":[1,16],"seed_played":"7146555915459991182","killed_by":"Gremlin Leader","ascension_level":6,"is_trial":false}