{"gold_per_floor":[112,127,127,127,141,160,160,185,208,227,242,242,242,258,258,378,378,394,419,419,442,442],"floor_reached":22,"playtime":1054,"items_purged":[],"score":219,"play_id":"57692633-7a13-41ae-bb4b-943ed2dbeddd","local_time":"20180728191036","is_ascension_mode":true,"campfire_choices":[{"data":"Hello World","floor":7,"key":"SMITH"},{"floor":13,"key":"REST"},{"floor":15,"key":"REST"}],"neow_cost":"NONE","seed_source_timestamp":695506705580,"circlet_count":0,"master_deck":["Strike_B","Strike_B","Strike_B","Strike_B","Defend_B","Defend_B","Defend_B","Zap","Dualcast","Sunder+1","Hello World+1","Recycle","Beam Cell","Injury","Beam Cell","Echo Form","Streamline+1","Turbo"],"relics":["Cracked Core","DataDisk","Bag of Marbles","Blood Vial","Golden Idol","Fusion Hammer"],"potions_floor_usage":[6,8,8,11,14,18],"damage_taken":[{"damage":0,"enemies":"Cultist","floor":1,"turns":2},{"damage":0,"enemies":"Small Slimes","floor":2,"turns":3},{"damage":0,"enemies":"2 Louse","floor":5,"turns":1},{"damage":0,"enemies":"Lots of Slimes","floor":6,"turns":1},{"damage":40,"enemies":"Lagavulin","floor":8,"turns":6},{"damage":2,"enemies":"2 Fungi Beasts","floor":10,"turns":3},{"damage":6,"enemies":"Exordium Wildlife","floor":11,"turns":2},{"damage":10,"enemies":"Lots of Slimes","floor":14,"turns":2},{"damage":61,"enemies":"Hexaghost","floor":16,"turns":10},{"damage":5,"enemies":"2 Thieves","floor":18,"turns":3},{"damage":22,"enemies":"Spheric Guardian","floor":19,"turns":4},{"damage":48,"enemies":"Snake Plant","floor":21,"turns":4},{"damage":0,"enemies":"Centurion and Healer","floor":22,"turns":1}],"seed_played":"7109743137959534330","potions_obtained":[{"floor":1,"key":"Explosive Potion"},{"floor":2,"key":"SkillPotion"},{"floor":6,"key":"FearPotion"},{"floor":10,"key":"FocusPotion"},{"floor":11,"key":"SteroidPotion"},{"floor":16,"key":"SkillPotion"},{"floor":21,"key":"SteroidPotion"}],"is_trial":false,"path_per_floor":["M","M","?","?","M","M","R","E","T","M","M","?","R","M","R","B",null,"M","M","?","M"],"character_chosen":"DEFECT","items_purchased":[],"campfire_rested":2,"item_purchase_floors":[],"current_hp_per_floor":[75,75,75,75,75,75,75,35,35,35,31,31,53,45,67,8,75,70,50,50,4,6],"gold":442,"neow_bonus":"RANDOM_COMMON_RELIC","is_prod":false,"is_daily":false,"chose_seed":false,"campfire_upgraded":1,"win_rate":0,"timestamp":1532794236,"path_taken":["M","?","?","?","?","M","R","E","T","M","M","?","R","M","R","BOSS","M","?","?","M","M"],"build_version":"2018-07-26","purchased_purges":0,"victory":false,"max_hp_per_floor":[75,75,75,75,75,75,75,75,75,75,75,75,75,75,75,75,75,75,75,75,75,75],"card_choices":[{"not_picked":["Chill","Skim","Stack"],"picked":"SKIP","floor":1},{"not_picked":["Barrage","Rebound"],"picked":"Sunder","floor":2},{"not_picked":["Consume","Chaos","Conserve Battery"],"picked":"SKIP","floor":5},{"not_picked":["Heatsinks","Leap"],"picked":"Hello World","floor":6},{"not_picked":["Go for the Eyes","Storm"],"picked":"Recycle","floor":8},{"not_picked":["Blizzard","Gash"],"picked":"Beam Cell","floor":10},{"not_picked":["Compile Driver","Leap","Turbo"],"picked":"SKIP","floor":11},{"not_picked":["Leap","Skim"],"picked":"Beam Cell","floor":14},{"not_picked":["Buffer","Hyperbeam"],"picked":"Echo Form","floor":16},{"not_picked":["Coolheaded","Steam"],"picked":"Streamline+1","floor":18},{"not_picked":["Lockon+1","Coolheaded","Hologram"],"picked":"SKIP","floor":19},{"not_picked":["Stack+1","Cold Snap+1"],"picked":"Turbo","floor":21}],"player_experience":313757,"relics_obtained":[{"floor":8,"key":"Bag of Marbles"},{"floor":9,"key":"Blood Vial"}],"event_choices":[{"event_name":"Bonfire Elementals","player_choice":"BASIC","floor":3,"damage_taken":0},{"event_name":"Upgrade Shrine","player_choice":"Upgraded","floor":4,"damage_taken":0},{"event_name":"Golden Idol","player_choice":"Take Wound","floor":12,"damage_taken":0},{"event_name":"Drug Dealer","player_choice":"Ignored","floor":20,"damage_taken":0}],"is_beta":false,"boss_relics":[{"not_picked":["Astrolabe","White Beast Statue"],"picked":"Fusion Hammer"}],"items_purged_floors":[],"is_endless":false,"potions_floor_spawned":[1,2,6,10,11,16,21],"killed_by":"Centurion and Healer","ascension_level":3}