{"gold_per_floor":[112,112,122,122,122,149,166,73,73,73,73,89,89,100,100,100],"floor_reached":16,"playtime":540,"items_purged":[],"score":145,"play_id":"555398a9-899b-40ef-b731-a725aa4a828b","local_time":"20180926180027","is_ascension_mode":true,"campfire_choices":[{"floor":11,"key":"REST"},{"floor":15,"key":"REST"}],"neow_cost":"","seed_source_timestamp":463171608414307,"circlet_count":0,"master_deck":["Strike_R","Strike_R","Strike_R","Defend_R","Defend_R","Defend_R","Defend_R","Bash","Flex","Pommel Strike","Jack Of All Trades","Pommel Strike"],"relics":["Burning Blood","Art of War","Dodecahedron","Pantograph"],"potions_floor_usage":[14,16,16],"damage_taken":[{"damage":9,"enemies":"Jaw Worm","floor":1,"turns":4},{"damage":6,"enemies":"Cultist","floor":3,"turns":3},{"damage":36,"enemies":"Gremlin Nob","floor":6,"turns":4},{"damage":7,"enemies":"Small Slimes","floor":7,"turns":4},{"damage":31,"enemies":"Exordium Thugs","floor":12,"turns":4},{"damage":11,"enemies":"Looter","floor":14,"turns":3},{"damage":58,"enemies":"Slime Boss","floor":16,"turns":11}],"seed_played":"3625771097763925269","potions_obtained":[{"floor":6,"key":"Swift Potion"},{"floor":12,"key":"Block Potion"},{"floor":14,"key":"SpeedPotion"}],"is_trial":false,"path_per_floor":["M","?","M","?","$","E","M","$","T","$","R","M","?","M","R"],"character_chosen":"IRONCLAD","items_purchased":["Jack Of All Trades"],"campfire_rested":2,"item_purchase_floors":[8],"current_hp_per_floor":[69,51,51,51,51,21,20,20,20,20,44,19,12,7,31,0],"gold":100,"neow_bonus":"","is_prod":false,"is_daily":false,"chose_seed":false,"campfire_upgraded":0,"win_rate":0,"timestamp":1537974027,"path_taken":["M","?","?","?","$","E","M","?","T","$","R","M","?","M","R","BOSS"],"build_version":"2018-09-20","purchased_purges":0,"victory":false,"max_hp_per_floor":[80,80,80,80,80,80,80,80,80,80,80,80,80,80,80,80],"card_choices":[{"not_picked":["Cleave","Dropkick"],"picked":"Flex","floor":1},{"not_picked":["Iron Wave","Twin Strike","Perfected Strike"],"picked":"SKIP","floor":3},{"not_picked":["Havoc","Clash","Hemokinesis"],"picked":"SKIP","floor":6},{"not_picked":["Headbutt","True Grit"],"picked":"Pommel Strike","floor":7},{"not_picked":["Reckless Charge","Hemokinesis"],"picked":"Pommel Strike","floor":12},{"not_picked":["Power Through","Brutality","Clash"],"picked":"SKIP","floor":14}],"player_experience":384851,"relics_obtained":[{"floor":6,"key":"Dodecahedron"},{"floor":9,"key":"Pantograph"}],"event_choices":[{"event_name":"Scrap Ooze","player_choice":"success","floor":2,"damage_taken":18},{"event_name":"Purifier","player_choice":"One Purge","floor":4,"damage_taken":0},{"event_name":"Golden Wing","player_choice":"Card Removal","floor":13,"damage_taken":0}],"is_beta":false,"boss_relics":[],"items_purged_floors":[],"is_endless":false,"potions_floor_spawned":[6,12,14],"killed_by":"Slime Boss","ascension_level":9}