{"path_per_floor":["M","?","?","M","?","R","$","E","T","E","R","$","M","E","R","B",null,"M","?","?","?","M","E","R","M","T","$","R","E","?","E","R","B",null,"M","M","?","$","M","E","M","R","T","R","M","M","E","M","R"],"character_chosen":"DEFECT","items_purchased":["Tiny Chest","Anchor","Loop+1"],"gold_per_floor":[119,194,144,163,163,163,45,78,102,130,130,55,68,103,103,200,200,218,143,175,175,190,219,219,239,264,164,164,198,198,223,223,328,328,346,363,363,22,39,64,74,74,97,97,117,136,166,176,176,176],"floor_reached":50,"campfire_rested":8,"playtime":2420,"item_purchase_floors":[7,38,38],"current_hp_per_floor":[38,27,27,27,27,51,51,42,49,24,50,50,50,25,51,38,87,87,87,87,87,79,43,84,84,84,84,84,64,64,54,80,39,87,66,71,71,71,65,21,7,33,33,59,53,53,49,49,75,0],"items_purged":["Defend_B","Strike_B","Defend_B"],"gold":176,"score":634,"play_id":"15466249-9ebb-450a-9138-de403942e980","local_time":"20180619194750","is_prod":false,"is_daily":false,"chose_seed":false,"is_ascension_mode":true,"campfire_upgraded":1,"win_rate":0,"timestamp":1529426870,"campfire_choices":[{"floor":6,"key":"REST"},{"floor":11,"key":"REST"},{"floor":15,"key":"REST"},{"floor":24,"key":"REST"},{"data":"Electrodynamics","floor":28,"key":"SMITH"},{"floor":32,"key":"REST"},{"floor":42,"key":"REST"},{"floor":44,"key":"REST"},{"floor":49,"key":"REST"}],"path_taken":["M","?","?","M","?","R","$","E","T","E","R","$","M","E","R","BOSS","M","?","?","?","M","E","R","?","T","?","R","E","?","E","R","BOSS","M","M","?","$","M","E","?","R","T","R","M","?","E","M","R","BOSS"],"build_version":"2018-06-14v2","seed_source_timestamp":389514162462341,"purchased_purges":3,"victory":false,"master_deck":["Zap","Dualcast","Chill","Doom and Gloom","Capacitor","Conserve Battery","Cold Snap","White Noise","Trip","Go for the Eyes","BootSequence","Ball Lightning","Steam","Electrodynamics+1","Streamline","Sunder","Rainbow","Reinforced Body","Loop+1","Biased Cognition+1","Go for the Eyes+1","Fusion+1"],"max_hp_per_floor":[75,75,75,80,80,80,80,80,87,87,87,87,87,87,87,87,87,87,87,87,87,87,87,87,87,87,87,87,87,87,87,87,87,87,87,87,87,87,87,87,87,87,87,87,87,87,87,87,87,87],"relics":["Cracked Core","Tiny Chest","Vajra","Strawberry","Toolbox","Blue Candle","Busted Crown","Red Mask","Orichalcum","Frozen Egg 2","Nloth\u0027s Gift","Molten Egg 2","White Beast Statue","Anchor","Bag of Preparation","Lantern","Meat on the Bone"],"card_choices":[{"not_picked":["Skim","Cold Snap"],"picked":"Capacitor","floor":1},{"not_picked":["Leap","Genetic Algorithm"],"picked":"Conserve Battery","floor":4},{"not_picked":["Undo","Scrape"],"picked":"Go for the Eyes","floor":8},{"not_picked":["Conserve Battery","Ball Lightning"],"picked":"BootSequence","floor":10},{"not_picked":["Cold Snap","Streamline"],"picked":"Ball Lightning","floor":13},{"not_picked":["Undo","Cold Snap"],"picked":"Steam","floor":14},{"not_picked":["Amplify","Core Surge"],"picked":"Electrodynamics","floor":16},{"not_picked":[],"picked":"Streamline","floor":18},{"not_picked":["Steam"],"picked":"SKIP","floor":22},{"not_picked":["Hello World"],"picked":"SKIP","floor":23},{"not_picked":["Glacier"],"picked":"SKIP","floor":25},{"not_picked":["Steam"],"picked":"SKIP","floor":29},{"not_picked":["Compile Driver"],"picked":"SKIP","floor":31},{"not_picked":[],"picked":"Rainbow","floor":33},{"not_picked":["Barrage+1"],"picked":"SKIP","floor":35},{"not_picked":["Steam"],"picked":"SKIP","floor":36},{"not_picked":["Heatsinks+1"],"picked":"SKIP","floor":39},{"not_picked":[],"picked":"Biased Cognition+1","floor":40},{"not_picked":["Turbo"],"picked":"SKIP","floor":41},{"not_picked":["Steam Power+1"],"picked":"SKIP","floor":45},{"not_picked":[],"picked":"Go for the Eyes+1","floor":46},{"not_picked":[],"picked":"Fusion+1","floor":47},{"not_picked":["Chill"],"picked":"SKIP","floor":48}],"player_experience":276349,"potions_floor_usage":[4,22,23,23,35,36,39,40,40,41,45,47,50,50,50],"damage_taken":[{"damage":0,"enemies":"2 Louse","floor":1,"turns":2},{"damage":5,"enemies":"Jaw Worm","floor":4,"turns":3},{"damage":9,"enemies":"Lagavulin","floor":8,"turns":6},{"damage":25,"enemies":"Gremlin Nob","floor":10,"turns":4},{"damage":0,"enemies":"Small Slimes","floor":13,"turns":3},{"damage":25,"enemies":"Lagavulin","floor":14,"turns":4},{"damage":17,"enemies":"Hexaghost","floor":16,"turns":9},{"damage":0,"enemies":"Chosen","floor":18,"turns":3},{"damage":0,"floor":20,"turns":2},{"damage":8,"enemies":"3 Byrds","floor":22,"turns":3},{"damage":36,"enemies":"Gremlin Leader","floor":23,"turns":6},{"damage":0,"enemies":"Centurion and Healer","floor":25,"turns":5},{"damage":30,"enemies":"Book of Stabbing","floor":29,"turns":5},{"damage":10,"enemies":"Slavers","floor":31,"turns":3},{"damage":41,"enemies":"Automaton","floor":33,"turns":9},{"damage":21,"enemies":"3 Darklings","floor":35,"turns":3},{"damage":4,"enemies":"Orb Walker","floor":36,"turns":3},{"damage":10,"enemies":"Sphere and 2 Shapes","floor":39,"turns":3},{"damage":44,"enemies":"2 Orb Walkers","floor":40,"turns":5},{"damage":14,"enemies":"4 Shapes","floor":41,"turns":4},{"damage":6,"enemies":"Maw","floor":45,"turns":5},{"damage":0,"enemies":"3 Darklings","floor":46,"turns":2},{"damage":4,"enemies":"Giant Head","floor":47,"turns":7},{"damage":0,"enemies":"Sphere and 2 Shapes","floor":48,"turns":2},{"damage":76,"enemies":"Awakened One","floor":50,"turns":8}],"relics_obtained":[{"floor":8,"key":"Vajra"},{"floor":9,"key":"Strawberry"},{"floor":10,"key":"Toolbox"},{"floor":14,"key":"Blue Candle"},{"floor":20,"key":"Red Mask"},{"floor":23,"key":"Regal Pillow"},{"floor":26,"key":"Orichalcum"},{"floor":29,"key":"Frozen Egg 2"},{"floor":31,"key":"Molten Egg 2"},{"floor":40,"key":"Bag of Preparation"},{"floor":43,"key":"Lantern"},{"floor":47,"key":"Meat on the Bone"}],"event_choices":[{"event_name":"World of Goop","player_choice":"Gather Gold","floor":2,"damage_taken":0},{"event_name":"The Cleric","player_choice":"Card Removal","floor":3,"damage_taken":0},{"event_name":"Match and Keep!","player_choice":"3 cards matched","floor":5,"damage_taken":0},{"event_name":"Beggar","player_choice":"Gave Gold","floor":19,"damage_taken":0},{"event_name":"Masked Bandits","player_choice":"Fought over 143 gold","floor":20,"damage_taken":0},{"event_name":"The Library","player_choice":"Read","floor":21,"damage_taken":0},{"event_name":"N\u0027loth","player_choice":"Traded a Regal Pillow","floor":30,"damage_taken":0},{"event_name":"Transmorgrifier","player_choice":"Transform","floor":37,"damage_taken":0}],"boss_relics":[{"not_picked":["Tiny House","Calling Bell"],"picked":"Busted Crown"},{"not_picked":["Runic Pyramid","Orrery"],"picked":"White Beast Statue"}],"items_purged_floors":[12,27,38],"is_endless":false,"potions_floor_spawned":[1,8,10,16,20,22,25,29,31,35,36,39,40,41,45,46,47,48],"seed_played":"-978223313904900488","killed_by":"Awakened One","ascension_level":2,"potions_obtained":[{"floor":1,"key":"Fruit Juice"},{"floor":8,"key":"Ancient Potion"},{"floor":10,"key":"Ancient Potion"},{"floor":16,"key":"SkillPotion"},{"floor":20,"key":"Strength Potion"},{"floor":22,"key":"Fire Potion"},{"floor":25,"key":"SmokeBomb"},{"floor":29,"key":"Energy Potion"},{"floor":31,"key":"Explosive Potion"},{"floor":35,"key":"Regen Potion"},{"floor":36,"key":"AttackPotion"},{"floor":39,"key":"Swift Potion"},{"floor":40,"key":"FearPotion"},{"floor":41,"key":"Block Potion"},{"floor":45,"key":"Ancient Potion"},{"floor":46,"key":"Block Potion"},{"floor":47,"key":"Energy Potion"},{"floor":48,"key":"LiquidBronze"}],"is_trial":false}