{"gold_per_floor":[109,109,10,10,10,10,10,26,51,72,92,112,165,178,178,309,309,333,333,333,351,365,405,417,429,441,453,15,35,66,79,79,199,199,214,39,164,164,164,164,164,164,164,14,57,75,99,99],"floor_reached":48,"playtime":3527,"items_purged":["Defend_G","Strike_G","Masterful Stab+1","Expertise"],"score":641,"play_id":"ee8e3d1e-74cb-4791-9cd0-756650e9fee7","local_time":"20190718130005","is_ascension_mode":true,"campfire_choices":[{"data":"Neutralize","floor":6,"key":"SMITH"},{"floor":15,"key":"REST"},{"data":"Skewer","floor":24,"key":"SMITH"},{"floor":27,"key":"REST"},{"floor":32,"key":"REST"},{"data":"Dash","floor":40,"key":"SMITH"},{"data":"Blur","floor":42,"key":"SMITH"}],"neow_cost":"CURSE","seed_source_timestamp":55108509513799,"circlet_count":0,"master_deck":["Survivor","Neutralize+1","Acrobatics","Flying Knee","Crippling Poison","Blur","Dash+1","Backstab","Night Terror","Dagger Spray","Skewer+1","Eviscerate+1","Well Laid Plans","Phantasmal Killer","Blur+1","Tactician","Phantasmal Killer","Infinite Blades","Burst","Blur+1","Dash+1","Madness","Madness","Chrysalis","Riddle With Holes+1"],"relics":["Ring of the Snake","Nunchaku","Golden Idol","Thread and Needle","PreservedInsect","Snecko Eye","Mercury Hourglass","MawBank","Molten Egg 2","ClockworkSouvenir","Regal Pillow","Pandora\u0027s Box","Mango","Turnip","Happy Flower"],"potions_floor_usage":[14,14,16,22,22,23,23,23,30,33,47,47,47,48],"damage_taken":[{"damage":19,"enemies":"Jaw Worm","floor":1,"turns":6},{"damage":2,"enemies":"2 Louse","floor":8,"turns":2},{"damage":1,"enemies":"Small Slimes","floor":10,"turns":4},{"damage":9,"enemies":"Red Slaver","floor":11,"turns":5},{"damage":20,"enemies":"Lots of Slimes","floor":12,"turns":4},{"damage":0,"enemies":"Looter","floor":14,"turns":3},{"damage":19,"enemies":"The Guardian","floor":16,"turns":16},{"damage":8,"enemies":"Shell Parasite","floor":18,"turns":6},{"damage":13,"enemies":"2 Thieves","floor":21,"turns":3},{"damage":16,"enemies":"Snake Plant","floor":22,"turns":5},{"damage":8,"enemies":"Gremlin Leader","floor":23,"turns":3},{"damage":23,"enemies":"Centurion and Healer","floor":29,"turns":5},{"damage":6,"enemies":"Book of Stabbing","floor":30,"turns":4},{"damage":0,"enemies":"Snecko","floor":31,"turns":4},{"damage":45,"enemies":"Automaton","floor":33,"turns":8},{"damage":21,"enemies":"Orb Walker","floor":35,"turns":4},{"damage":6,"enemies":"Mind Bloom Boss Battle","floor":37,"turns":4},{"damage":0,"enemies":"Giant Head","floor":45,"turns":6},{"damage":0,"enemies":"3 Shapes","floor":46,"turns":2},{"damage":0,"enemies":"Jaw Worm Horde","floor":47,"turns":3},{"damage":48,"enemies":"4 Shapes","floor":48,"turns":2}],"seed_played":"-4726604728414426664","potions_obtained":[{"floor":11,"key":"EssenceOfSteel"},{"floor":12,"key":"Weak Potion"},{"floor":14,"key":"LiquidBronze"},{"floor":16,"key":"EntropicBrew"},{"floor":21,"key":"GamblersBrew"},{"floor":29,"key":"Block Potion"},{"floor":30,"key":"EssenceOfSteel"},{"floor":33,"key":"Block Potion"},{"floor":37,"key":"Block Potion"},{"floor":47,"key":"Energy Potion"}],"is_trial":false,"path_per_floor":["M","?","$","?","?","R","$","M","T","M","M","M","?","M","R","B",null,"M","?","?","M","M","E","R","?","T","R","$","M","E","M","R","B",null,"M","$","?","?","?","R","?","R","T","$","E","M","M","M"],"character_chosen":"THE_SILENT","items_purchased":["Flying Knee","ClockworkSouvenir","Eviscerate+1","Well Laid Plans","Explosive Potion"],"campfire_rested":3,"item_purchase_floors":[3,28,28,28,36],"current_hp_per_floor":[51,51,51,34,34,34,34,32,32,31,22,2,2,2,23,4,70,62,62,62,49,33,25,25,25,25,46,46,23,17,17,53,8,70,49,49,57,57,46,46,46,46,46,46,46,46,46,0],"gold":99,"neow_bonus":"ONE_RARE_RELIC","is_prod":false,"is_daily":false,"chose_seed":false,"campfire_upgraded":4,"win_rate":0,"timestamp":1563472805,"path_taken":["M","?","$","?","?","R","$","M","T","M","M","M","?","?","R","BOSS","M","?","?","?","?","E","R","?","T","R","$","M","E","M","R","BOSS","M","$","?","?","?","R","?","R","T","$","E","M","?","M"],"build_version":"2019-07-17","purchased_purges":4,"victory":false,"max_hp_per_floor":[70,70,70,70,70,70,70,70,70,70,70,70,70,70,70,70,70,70,70,70,70,70,70,70,70,70,70,70,70,70,70,70,70,70,70,70,84,84,84,84,84,84,84,84,84,84,84,84],"card_choices":[{"not_picked":["Deflect","Blade Dance"],"picked":"Acrobatics","floor":1},{"not_picked":["Terror","Concentrate"],"picked":"Expertise","floor":8},{"not_picked":["Escape Plan","Acrobatics"],"picked":"Crippling Poison","floor":10},{"not_picked":["PiercingWail","Acrobatics"],"picked":"Blur","floor":11},{"not_picked":["Finisher","Blade Dance"],"picked":"Dash","floor":12},{"not_picked":["Prepared","Acrobatics"],"picked":"Backstab","floor":14},{"not_picked":["Tools of the Trade","Corpse Explosion"],"picked":"Night Terror","floor":16},{"not_picked":["Setup","Dagger Throw","Masterful Stab"],"picked":"SKIP","floor":18},{"not_picked":["Tactician","Quick Slash"],"picked":"Dagger Spray","floor":21},{"not_picked":["Sucker Punch","Blade Dance"],"picked":"Skewer","floor":22},{"not_picked":["Outmaneuver","Flying Knee+1","Blade Dance"],"picked":"SKIP","floor":23},{"not_picked":["Calculated Gamble","Slice+1","Acrobatics"],"picked":"SKIP","floor":29},{"not_picked":["PiercingWail","Prepared+1","Caltrops+1"],"picked":"SKIP","floor":30},{"not_picked":["Flying Knee+1","Dagger Spray+1","Deadly Poison+1"],"picked":"SKIP","floor":31},{"not_picked":["Corpse Explosion","Glass Knife+1"],"picked":"Phantasmal Killer","floor":33},{"not_picked":["Predator+1","Terror"],"picked":"Blur+1","floor":35},{"not_picked":["Concentrate+1","Sucker Punch+1"],"picked":"Dash+1","floor":37},{"not_picked":["PanicButton","Impatience"],"picked":"Chrysalis","floor":41},{"not_picked":["Flechettes+1","Endless Agony+1"],"picked":"Riddle With Holes+1","floor":45},{"not_picked":["Deadly Poison+1","Dodge and Roll","Underhanded Strike+1"],"picked":"SKIP","floor":46},{"not_picked":["Quick Slash+1","Infinite Blades+1","Deadly Poison"],"picked":"SKIP","floor":47}],"player_experience":357720,"relics_obtained":[{"floor":9,"key":"PreservedInsect"},{"floor":23,"key":"MawBank"},{"floor":26,"key":"Molten Egg 2"},{"floor":30,"key":"Regal Pillow"},{"floor":37,"key":"Mango"},{"floor":43,"key":"Turnip"},{"floor":45,"key":"Happy Flower"}],"event_choices":[{"cards_removed":["Writhe"],"damage_healed":0,"gold_gain":0,"player_choice":"Forget","damage_taken":0,"max_hp_gain":0,"max_hp_loss":0,"event_name":"Living Wall","floor":2,"gold_loss":0},{"damage_healed":0,"gold_gain":0,"player_choice":"Take Damage","damage_taken":17,"relics_obtained":["Golden Idol"],"max_hp_gain":0,"max_hp_loss":0,"event_name":"Golden Idol","floor":4,"gold_loss":0},{"damage_healed":0,"gold_gain":0,"player_choice":"Box","damage_taken":0,"relics_obtained":["Thread and Needle"],"max_hp_gain":0,"max_hp_loss":0,"event_name":"Big Fish","floor":5,"gold_loss":0,"cards_obtained":["Regret"]},{"damage_healed":0,"gold_gain":53,"player_choice":"Gained Gold","damage_taken":0,"max_hp_gain":0,"max_hp_loss":0,"event_name":"Golden Wing","floor":13,"gold_loss":0},{"damage_healed":0,"gold_gain":0,"player_choice":"Opened","damage_taken":0,"relics_obtained":["Mercury Hourglass"],"max_hp_gain":0,"max_hp_loss":0,"event_name":"The Mausoleum","floor":19,"gold_loss":0,"cards_obtained":["Writhe"]},{"cards_removed":["Writhe","Regret"],"damage_healed":0,"gold_gain":0,"player_choice":"Removed Curses","damage_taken":0,"max_hp_gain":0,"max_hp_loss":0,"event_name":"Fountain of Cleansing","floor":20,"gold_loss":0},{"cards_removed":["Strike_G"],"damage_healed":0,"gold_gain":0,"player_choice":"Elegance","damage_taken":0,"max_hp_gain":0,"max_hp_loss":0,"event_name":"Back to Basics","floor":25,"gold_loss":0},{"damage_healed":0,"gold_gain":0,"player_choice":"Fight","damage_taken":0,"max_hp_gain":0,"max_hp_loss":0,"event_name":"MindBloom","floor":37,"gold_loss":0},{"cards_removed":["Bane"],"damage_healed":0,"gold_gain":0,"player_choice":"Removed Attack","damage_taken":0,"max_hp_gain":0,"max_hp_loss":0,"event_name":"Falling","floor":38,"gold_loss":0},{"damage_healed":0,"gold_gain":0,"player_choice":"Embrace Madness","damage_taken":11,"max_hp_gain":0,"max_hp_loss":0,"event_name":"Winding Halls","floor":39,"gold_loss":0,"cards_obtained":["Madness","Madness"]},{"damage_healed":0,"gold_gain":0,"player_choice":"Memory 1","damage_taken":0,"max_hp_gain":0,"max_hp_loss":0,"event_name":"SensoryStone","floor":41,"gold_loss":0}],"is_beta":false,"boss_relics":[{"not_picked":["Sozu","Runic Dome"],"picked":"Snecko Eye"},{"not_picked":["Tiny House","Velvet Choker"],"picked":"Pandora\u0027s Box"}],"items_purged_floors":[3,28,36,44],"is_endless":false,"potions_floor_spawned":[11,12,14,16,21,29,30,33,37,47],"killed_by":"4 Shapes","ascension_level":4}