{"gold_per_floor":[115,115,115,47,57,57,74,74,74,98,98],"floor_reached":11,"playtime":172,"items_purged":[],"score":79,"play_id":"2cd742a2-39f1-4caa-93b9-2967231c7b77","local_time":"20190628121614","is_ascension_mode":true,"campfire_choices":[{"floor":6,"key":"RECALL"},{"data":"Genetic Algorithm","floor":8,"key":"SMITH"}],"neow_cost":"NONE","seed_source_timestamp":18100142720100,"circlet_count":0,"master_deck":["Strike_B","Strike_B","Strike_B","Strike_B+1","Defend_B","Defend_B","Defend_B","Defend_B","Zap","Dualcast+1","Coolheaded","Genetic Algorithm+1","Ball Lightning","Gash"],"relics":["Cracked Core","NeowsBlessing","Meat on the Bone","Gambling Chip","Odd Mushroom"],"potions_floor_usage":[],"damage_taken":[{"damage":0,"enemies":"2 Louse","floor":1,"turns":1},{"damage":0,"enemies":"Small Slimes","floor":5,"turns":1},{"damage":0,"enemies":"Jaw Worm","floor":7,"turns":1},{"damage":34,"enemies":"The Mushroom Lair","floor":10,"turns":4},{"damage":34,"enemies":"Gremlin Gang","floor":11,"turns":3}],"seed_played":"-9163476786000017202","potions_obtained":[{"floor":10,"key":"Ancient Potion"}],"is_trial":false,"path_per_floor":["M","?","?","$","M","R","M","R","T","?","M"],"character_chosen":"DEFECT","items_purchased":["Genetic Algorithm"],"campfire_rested":0,"item_purchase_floors":[4],"current_hp_per_floor":[68,61,46,46,46,46,46,46,46,24,0],"gold":98,"neow_bonus":"THREE_ENEMY_KILL","is_prod":false,"is_daily":false,"chose_seed":false,"campfire_upgraded":1,"win_rate":0,"timestamp":1561713374,"path_taken":["M","?","?","?","?","R","M","R","T","?","M"],"build_version":"2019-01-23","purchased_purges":0,"victory":false,"max_hp_per_floor":[75,75,75,75,75,75,75,75,75,75,75],"card_choices":[{"not_picked":["Redo","Beam Cell"],"picked":"Coolheaded","floor":1},{"not_picked":["Rebound","Stack","Turbo"],"picked":"SKIP","floor":5},{"not_picked":["Force Field","Hologram"],"picked":"Ball Lightning","floor":7},{"not_picked":["Rebound","Cold Snap"],"picked":"Gash","floor":10}],"player_experience":628683,"relics_obtained":[{"floor":9,"key":"Gambling Chip"},{"floor":10,"key":"Odd Mushroom"}],"event_choices":[{"damage_healed":0,"gold_gain":0,"player_choice":"Success","damage_taken":7,"relics_obtained":["Meat on the Bone"],"max_hp_gain":0,"max_hp_loss":0,"event_name":"Scrap Ooze","floor":2,"gold_loss":0},{"damage_healed":0,"gold_gain":0,"player_choice":"Entered Light","damage_taken":15,"max_hp_gain":0,"max_hp_loss":0,"event_name":"Shining Light","floor":3,"gold_loss":0,"cards_upgraded":["Strike_B","Dualcast"]},{"damage_healed":0,"gold_gain":0,"player_choice":"Fought Mushrooms","damage_taken":0,"max_hp_gain":0,"max_hp_loss":0,"event_name":"Mushrooms","floor":10,"gold_loss":0}],"is_beta":false,"boss_relics":[],"items_purged_floors":[],"is_endless":false,"potions_floor_spawned":[10],"killed_by":"Gremlin Gang","ascension_level":6}