{"gold_per_floor":[117,292,292,292,310,310,310,351,351,369,392,405,483,483],"floor_reached":14,"playtime":385,"items_purged":[],"score":130,"play_id":"67ba89b8-c1c4-4c4c-a2db-a9e573039a91","local_time":"20190408183409","is_ascension_mode":true,"campfire_choices":[{"floor":7,"key":"REST"}],"neow_cost":"NONE","seed_source_timestamp":39446693908900,"circlet_count":0,"master_deck":["Strike_B","Defend_B","Defend_B","Defend_B","Defend_B","Zap","Dualcast","BootSequence+1","Thunder Strike+1","Undo+1","Doom and Gloom","Doubt","Regret","Doom and Gloom","Redo","Capacitor"],"relics":["Astrolabe","The Courier","Golden Idol","Ancient Tea Set"],"potions_floor_usage":[6,6,14],"damage_taken":[{"damage":2,"enemies":"Cultist","floor":1,"turns":6},{"damage":10,"enemies":"Small Slimes","floor":5,"turns":5},{"damage":0,"enemies":"Gremlin Nob","floor":6,"turns":2},{"damage":28,"enemies":"3 Sentries","floor":8,"turns":5},{"damage":7,"enemies":"2 Louse","floor":10,"turns":3},{"damage":3,"enemies":"Exordium Thugs","floor":11,"turns":3},{"damage":14,"enemies":"Blue Slaver","floor":12,"turns":4},{"damage":16,"enemies":"Large Slime","floor":14,"turns":3}],"seed_played":"4668828640473706007","potions_obtained":[{"floor":1,"key":"SmokeBomb"},{"floor":5,"key":"SkillPotion"},{"floor":12,"key":"PowerPotion"}],"is_trial":false,"path_per_floor":["M","?","?","?","M","E","R","E","T","M","M","M","?","M"],"character_chosen":"DEFECT","items_purchased":[],"campfire_rested":1,"item_purchase_floors":[],"current_hp_per_floor":[66,66,66,48,38,38,60,32,32,25,22,8,8,0],"gold":483,"neow_bonus":"BOSS_RELIC","is_prod":false,"is_daily":false,"chose_seed":false,"campfire_upgraded":0,"win_rate":0,"timestamp":1554737649,"path_taken":["M","?","?","?","M","E","R","E","T","M","M","?","?","M"],"build_version":"2019-01-23","purchased_purges":0,"victory":false,"max_hp_per_floor":[75,75,75,75,75,75,75,75,75,75,75,75,75,75],"card_choices":[{"not_picked":["Fusion","Sunder"],"picked":"Doom and Gloom","floor":1},{"not_picked":["Ball Lightning","Steam"],"picked":"Doom and Gloom","floor":5},{"not_picked":["Compile Driver","Hyperbeam","Sunder"],"picked":"SKIP","floor":8},{"not_picked":["Fusion","Barrage"],"picked":"Redo","floor":10},{"not_picked":["Chaos","Turbo"],"picked":"Capacitor","floor":11},{"not_picked":["Gash","Turbo","Melter"],"picked":"SKIP","floor":12}],"player_experience":530481,"relics_obtained":[{"floor":8,"key":"Ancient Tea Set"}],"event_choices":[{"damage_healed":0,"gold_gain":175,"player_choice":"AGREE","damage_taken":0,"max_hp_gain":0,"max_hp_loss":0,"event_name":"Liars Game","floor":2,"gold_loss":0,"cards_obtained":["Doubt"]},{"damage_healed":0,"gold_gain":0,"player_choice":"Box","damage_taken":0,"relics_obtained":["The Courier"],"max_hp_gain":0,"max_hp_loss":0,"event_name":"Big Fish","floor":3,"gold_loss":0,"cards_obtained":["Regret"]},{"damage_healed":0,"gold_gain":0,"player_choice":"Take Damage","damage_taken":18,"relics_obtained":["Golden Idol"],"max_hp_gain":0,"max_hp_loss":0,"event_name":"Golden Idol","floor":4,"gold_loss":0},{"damage_healed":0,"gold_gain":78,"player_choice":"Gained Gold","damage_taken":0,"max_hp_gain":0,"max_hp_loss":0,"event_name":"Golden Wing","floor":13,"gold_loss":0}],"is_beta":false,"boss_relics":[],"items_purged_floors":[],"is_endless":false,"potions_floor_spawned":[1,5,12],"killed_by":"Large Slime","ascension_level":6}