{"gold_per_floor":[112,166,190,265,280,307,307,336,336,42,61,80,97,110,110,215,215,234,234,254,169,179,179,207,13,13,13,13,28,28,58,58,58],"floor_reached":33,"playtime":1009,"items_purged":["Strike_B"],"score":354,"play_id":"70b87dbc-a123-41f6-ae1e-281fbd2d5722","local_time":"20181006152917","is_ascension_mode":true,"campfire_choices":[{"floor":7.0,"key":"REST"},{"floor":15.0,"key":"REST"},{"data":"Electrodynamics","floor":23.0,"key":"SMITH"},{"data":"Barrage","floor":27.0,"key":"SMITH"},{"floor":30.0,"key":"REST"},{"data":"Zap","floor":32.0,"key":"SMITH"}],"neow_cost":"","seed_source_timestamp":0,"circlet_count":0,"master_deck":["Strike_B","Strike_B","Strike_B","Defend_B","Defend_B","Defend_B","Defend_B","Zap+1","Dualcast","Self Repair","Barrage+1","Ball Lightning","Electrodynamics+1","Ball Lightning","Seek","Static Discharge+1"],"special_seed":0,"relics":["Cracked Core","Happy Flower","Lantern","Omamori","Smiling Mask","Dream Catcher","Orichalcum","Sozu","MutagenicStrength","DataDisk","Kunai","Bag of Preparation","Mummified Hand","Necronomicon","Bag of Marbles"],"potions_floor_usage":[],"damage_taken":[{"damage":1.0,"enemies":"Cultist","floor":1.0,"turns":4.0},{"damage":2.0,"enemies":"Jaw Worm","floor":5.0,"turns":3.0},{"damage":30.0,"enemies":"Lagavulin","floor":6.0,"turns":7.0},{"damage":24.0,"enemies":"Gremlin Nob","floor":8.0,"turns":4.0},{"damage":0.0,"enemies":"Small Slimes","floor":11.0,"turns":2.0},{"damage":2.0,"enemies":"2 Fungi Beasts","floor":12.0,"turns":2.0},{"damage":6.0,"enemies":"Exordium Wildlife","floor":13.0,"turns":2.0},{"damage":16.0,"enemies":"Exordium Thugs","floor":14.0,"turns":2.0},{"damage":46.0,"enemies":"Hexaghost","floor":16.0,"turns":8.0},{"damage":5.0,"enemies":"Spheric Guardian","floor":18.0,"turns":3.0},{"damage":17.0,"enemies":"Shell Parasite","floor":20.0,"turns":3.0},{"damage":2.0,"enemies":"Cultist and Chosen","floor":22.0,"turns":3.0},{"damage":26.0,"enemies":"Book of Stabbing","floor":24.0,"turns":3.0},{"damage":5.0,"enemies":"Shelled Parasite and Fungi","floor":29.0,"turns":2.0},{"damage":6.0,"enemies":"Gremlin Leader","floor":31.0,"turns":5.0},{"damage":71,"enemies":"Automaton","floor":33,"turns":6}],"seed_played":"-6530731048549778845","potions_obtained":[{"floor":1.0,"key":"GamblersBrew"},{"floor":5.0,"key":"Fire Potion"},{"floor":6.0,"key":"SteroidPotion"},{"floor":8.0,"key":"Strength Potion"}],"is_trial":false,"path_per_floor":["M","T","T","?","M","E","R","E","T","$","M","M","M","M","R","B",null,"M","?","M","?","M","R","E","$","T","R","?","M","R","E","R"],"character_chosen":"DEFECT","items_purchased":["Electrodynamics","Orichalcum","Bag of Preparation"],"campfire_rested":3,"item_purchase_floors":[10,10,25],"current_hp_per_floor":[74,74,74,63,61,38,60,43,43,43,50,55,56,40,62,23,75,75,75,65,65,70,70,51,51,51,51,35,37,59,60,60,0],"gold":58,"neow_bonus":"","is_prod":false,"is_daily":false,"chose_seed":false,"campfire_upgraded":3,"win_rate":0,"timestamp":1538828957,"path_taken":["M","?","?","?","M","E","R","E","T","$","M","?","M","M","R","BOSS","M","?","M","?","?","R","E","$","T","R","?","M","R","E","R","BOSS"],"build_version":"2018-10-04v2","purchased_purges":1,"victory":false,"max_hp_per_floor":[75,75,75,75,75,75,75,75,75,75,75,75,75,75,75,75,75,75,75,75,75,75,75,75,75,75,75,75,75,75,75,75,75],"card_choices":[{"not_picked":["Undo","Sunder","Redo"],"picked":"SKIP","floor":1.0},{"not_picked":["Streamline","Steam"],"picked":"Self Repair","floor":5.0},{"not_picked":["Sunder","Undo"],"picked":"Barrage","floor":6.0},{"not_picked":["Coolheaded","Hologram"],"picked":"Ball Lightning","floor":8.0},{"not_picked":["Redo","Leap","Melter"],"picked":"SKIP","floor":11.0},{"not_picked":["Sunder","Redo","Consume"],"picked":"SKIP","floor":12.0},{"not_picked":["Streamline","Turbo","Hyperbeam"],"picked":"SKIP","floor":13.0},{"not_picked":["Stack","Sweeping Beam"],"picked":"Ball Lightning","floor":14.0},{"not_picked":["Electrodynamics","Machine Learning"],"picked":"Seek","floor":16.0},{"not_picked":["Auto Shields","Compile Driver+1","Scrape"],"picked":"SKIP","floor":18.0},{"not_picked":["Coolheaded","Tempest+1"],"picked":"Static Discharge+1","floor":20.0},{"not_picked":["Beam Cell","Steam","Auto Shields+1"],"picked":"SKIP","floor":22.0},{"not_picked":["Cold Snap","Aggregate+1","Beam Cell"],"picked":"SKIP","floor":24.0},{"not_picked":["Redo","Hologram","Aggregate+1"],"picked":"SKIP","floor":29.0},{"not_picked":["Melter","Cold Snap","Rip and Tear+1"],"picked":"SKIP","floor":31.0}],"player_experience":421621,"relics_obtained":[{"floor":2.0,"key":"Happy Flower"},{"floor":3.0,"key":"Lantern"},{"floor":6.0,"key":"Omamori"},{"floor":8.0,"key":"Smiling Mask"},{"floor":9.0,"key":"Dream Catcher"},{"floor":24.0,"key":"Kunai"},{"floor":26.0,"key":"Mummified Hand"},{"floor":28.0,"key":"Necronomicon"},{"floor":31.0,"key":"Bag of Marbles"}],"event_choices":[{"event_name":"World of Goop","player_choice":"Gather Gold","floor":4.0,"damage_taken":0.0},{"event_name":"Drug Dealer","player_choice":"Inject Mutagens","floor":19.0,"damage_taken":0.0},{"event_name":"Addict","player_choice":"Obtained Relic","floor":21.0,"damage_taken":0.0},{"event_name":"Cursed Tome","player_choice":"Obtained Book","floor":28.0,"damage_taken":0.0}],"is_beta":false,"boss_relics":[{"not_picked":["Runic Dome","Coffee Dripper"],"picked":"Sozu"}],"items_purged_floors":[25],"is_endless":false,"potions_floor_spawned":[1,5,6,8,18,20,31],"killed_by":"Automaton","ascension_level":4}