{"path_per_floor":["M","?","?","?","M","E","M","M","T","$","R","?","E","?","R","B",null,"M","?","M","$","M","R","?","M","T"],"character_chosen":"DEFECT","items_purchased":["Anchor","Gremlin Horn"],"gold_per_floor":[112,112,187,187,206,232,242,260,336,115,115,290,323,323,323,452,452,470,470,486,134,158,158,158,176,203,203],"floor_reached":27,"campfire_rested":1,"playtime":837,"item_purchase_floors":[10,21],"current_hp_per_floor":[75,68,57,57,57,35,35,35,35,35,35,35,14,14,36,4,75,42,42,38,38,34,34,34,7,7,0],"items_purged":["Defend_B","Strike_B"],"gold":203,"score":243,"play_id":"37b4ab0b-d10f-4541-8d44-673bdabd7797","local_time":"20180616203037","is_prod":false,"is_daily":false,"chose_seed":false,"is_ascension_mode":true,"campfire_upgraded":0,"win_rate":0,"timestamp":1529170237,"campfire_choices":[{"floor":11,"key":"DIG"},{"floor":15,"key":"REST"},{"floor":23,"key":"DIG"}],"path_taken":["M","?","?","?","M","E","M","?","T","?","R","?","E","?","R","BOSS","M","?","M","$","M","R","?","?","T","E"],"build_version":"2018-06-14v2","seed_source_timestamp":134469734145052,"purchased_purges":2,"victory":false,"master_deck":["Strike_B+1","Strike_B+1","Defend_B+1","Defend_B+1","Defend_B+1","Zap+1","Dualcast+1","Doom and Gloom","Sunder","BootSequence","Sunder","Loop","Doubt","FTL","Injury","Echo Form","Reinforced Body+1","Writhe","Recycle","Storm","BootSequence+1"],"max_hp_per_floor":[75,75,75,75,75,75,75,75,75,75,75,75,75,75,75,75,75,75,75,75,75,75,75,75,75,75,75],"relics":["Cracked Core","Shovel","Kunai","Anchor","Lantern","War Paint","Golden Idol","Fusion Hammer","Oddly Smooth Stone","Gremlin Horn","Sundial","Vajra"],"card_choices":[{"not_picked":["Auto Shields","Streamline"],"picked":"Doom and Gloom","floor":1},{"not_picked":["Coolheaded","Turbo"],"picked":"Sunder","floor":5},{"not_picked":["Redo","Ball Lightning"],"picked":"BootSequence","floor":6},{"not_picked":["Leap","Rip and Tear"],"picked":"Sunder","floor":7},{"not_picked":["Glacier","Cold Snap"],"picked":"Loop","floor":8},{"not_picked":["Hello World","Redo"],"picked":"FTL","floor":13},{"not_picked":["Buffer","Core Surge"],"picked":"Echo Form","floor":16},{"not_picked":["Reprogram+1","Chill"],"picked":"Reinforced Body+1","floor":18},{"not_picked":["Cold Snap","Blizzard+1"],"picked":"Recycle","floor":20},{"not_picked":["Beam Cell","BootSequence"],"picked":"Storm","floor":22},{"not_picked":["Fusion+1","Scrape"],"picked":"BootSequence+1","floor":25}],"player_experience":269261,"potions_floor_usage":[5,13,16,16,16,16,20,22,27],"damage_taken":[{"damage":0,"enemies":"Small Slimes","floor":1,"turns":3},{"damage":0,"enemies":"Jaw Worm","floor":5,"turns":3},{"damage":22,"enemies":"Gremlin Nob","floor":6,"turns":4},{"damage":0,"enemies":"2 Louse","floor":7,"turns":1},{"damage":0,"enemies":"2 Fungi Beasts","floor":8,"turns":2},{"damage":21,"enemies":"Lagavulin","floor":13,"turns":5},{"damage":32,"enemies":"Hexaghost","floor":16,"turns":7},{"damage":33,"enemies":"Spheric Guardian","floor":18,"turns":4},{"damage":4,"enemies":"2 Thieves","floor":20,"turns":4},{"damage":4,"enemies":"Snake Plant","floor":22,"turns":4},{"damage":35,"enemies":"Snecko","floor":25,"turns":6},{"damage":12,"enemies":"Book of Stabbing","floor":27,"turns":5}],"relics_obtained":[{"floor":6,"key":"Shovel"},{"floor":9,"key":"Kunai"},{"floor":11,"key":"Lantern"},{"floor":13,"key":"War Paint"},{"floor":23,"key":"Sundial"},{"floor":26,"key":"Vajra"}],"event_choices":[{"event_name":"Golden Wing","player_choice":"Card Removal","floor":2,"damage_taken":0},{"event_name":"World of Goop","player_choice":"Gather Gold","floor":3,"damage_taken":0},{"event_name":"The Lab","player_choice":"Got Potions","floor":4,"damage_taken":0},{"event_name":"Liars Game","player_choice":"agreed","floor":12,"damage_taken":0},{"event_name":"Golden Idol","player_choice":"Take Wound","floor":14,"damage_taken":0},{"event_name":"The Mausoleum","player_choice":"Yes","floor":19,"damage_taken":0},{"event_name":"Back to Basics","player_choice":"Simplicity","floor":24,"damage_taken":0}],"boss_relics":[{"not_picked":["Runic Dome","Pandora\u0027s Box"],"picked":"Fusion Hammer"}],"items_purged_floors":[10,21],"is_endless":false,"potions_floor_spawned":[1,7,13,18,20,25],"seed_played":"-5411099600234629348","killed_by":"Book of Stabbing","ascension_level":2,"potions_obtained":[{"floor":4,"key":"EssenceOfSteel"},{"floor":7,"key":"EntropicBrew"},{"floor":13,"key":"Ancient Potion"},{"floor":18,"key":"FearPotion"},{"floor":20,"key":"Block Potion"},{"floor":25,"key":"GamblersBrew"}],"is_trial":false}