{"gold_per_floor":[10,10,10,10,30,60,78,78,128,156,168,178,178,198,198,198],"floor_reached":16,"playtime":505,"items_purged":[],"score":179,"play_id":"646c5be7-f3f0-433c-a9ec-72b80e9bdf19","local_time":"20181103171924","is_ascension_mode":true,"campfire_choices":[{"floor":8,"key":"REST"},{"floor":15,"key":"REST"}],"neow_cost":"NO_GOLD","seed_source_timestamp":154817860389600,"circlet_count":0,"master_deck":["AscendersBane","Strike_R","Strike_R","Strike_R+1","Strike_R","Defend_R","Defend_R+1","Bash","Thunderclap","Wild Strike","Feed","Shockwave","Fire Breathing","Armaments","Combust"],"relics":["Burning Blood","Bag of Marbles","Boot","Molten Egg 2","Golden Idol"],"potions_floor_usage":[6,10,16],"damage_taken":[{"damage":1,"enemies":"Cultist","floor":1,"turns":3},{"damage":12,"enemies":"Jaw Worm","floor":5,"turns":3},{"damage":40,"enemies":"Lagavulin","floor":6,"turns":4},{"damage":9,"enemies":"2 Louse","floor":7,"turns":2},{"damage":27,"enemies":"3 Sentries","floor":10,"turns":6},{"damage":0,"enemies":"2 Fungi Beasts","floor":11,"turns":3},{"damage":8,"enemies":"Blue Slaver","floor":12,"turns":2},{"damage":7,"enemies":"Large Slime","floor":14,"turns":6},{"damage":63,"enemies":"Hexaghost","floor":16,"turns":9}],"seed_played":"-4231100171048819795","potions_obtained":[{"floor":1,"key":"Poison Potion"},{"floor":7,"key":"FearPotion"},{"floor":14,"key":"Fruit Juice"}],"is_trial":false,"path_per_floor":["M","$","?","?","M","E","M","R","T","E","M","M","?","M","R","B"],"character_chosen":"IRONCLAD","items_purchased":[],"campfire_rested":2,"item_purchase_floors":[],"current_hp_per_floor":[77,77,70,54,48,14,11,35,35,17,26,27,27,30,55,0],"gold":198,"neow_bonus":"REMOVE_TWO","is_prod":false,"is_daily":false,"chose_seed":false,"campfire_upgraded":0,"win_rate":0,"timestamp":1541258364,"path_taken":["M","?","?","?","M","E","M","R","T","E","M","M","?","M","R","BOSS"],"build_version":"2018-11-01","purchased_purges":0,"victory":false,"max_hp_per_floor":[80,80,80,80,80,80,80,80,80,83,86,89,82,86,86,91],"card_choices":[{"not_picked":["Power Through","Metallicize"],"picked":"Thunderclap","floor":1},{"not_picked":["Headbutt","Clash"],"picked":"Wild Strike","floor":5},{"not_picked":["Flex","Anger"],"picked":"Feed","floor":6},{"not_picked":["Anger","Warcry","Clash"],"picked":"SKIP","floor":7},{"not_picked":["Clothesline","Metallicize"],"picked":"Shockwave","floor":10},{"not_picked":["Reckless Charge+1","Headbutt+1"],"picked":"Fire Breathing","floor":11},{"not_picked":["Evolve","Perfected Strike+1"],"picked":"Armaments","floor":12},{"not_picked":["Pommel Strike+1","Seeing Red"],"picked":"Combust","floor":14}],"player_experience":457170,"relics_obtained":[{"floor":6,"key":"Bag of Marbles"},{"floor":9,"key":"Boot"},{"floor":10,"key":"Molten Egg 2"}],"event_choices":[{"cards_removed":["Defend_R"],"damage_healed":0,"gold_gain":0,"player_choice":"Card Removal","damage_taken":7,"max_hp_gain":0,"max_hp_loss":0,"event_name":"Golden Wing","floor":3,"gold_loss":0},{"damage_healed":0,"gold_gain":0,"player_choice":"Entered Light","damage_taken":16,"max_hp_gain":0,"max_hp_loss":0,"event_name":"Shining Light","floor":4,"gold_loss":0,"cards_upgraded":["Strike_R","Defend_R"]},{"damage_healed":0,"gold_gain":0,"player_choice":"Lose Max HP","damage_taken":0,"relics_obtained":["Golden Idol"],"max_hp_gain":0,"max_hp_loss":7,"event_name":"Golden Idol","floor":13,"gold_loss":0}],"is_beta":false,"boss_relics":[],"items_purged_floors":[],"is_endless":false,"potions_floor_spawned":[1,7,14],"killed_by":"Hexaghost","ascension_level":12}