{"gold_per_floor":[111,129,129,129,79,109,109,141,165,200,215,231,231,241,241,337,337,351,266,278,278,278,278,309,321,321,340,368,40,40,40,40,40],"floor_reached":33,"playtime":1507,"items_purged":["Strike_G"],"score":404,"play_id":"182bde04-360a-4ed3-9722-dd55ba63b729","local_time":"20190404162351","is_ascension_mode":true,"campfire_choices":[{"floor":7.0,"key":"RECALL"},{"data":"Catalyst","floor":13.0,"key":"SMITH"},{"floor":15.0,"key":"REST"},{"data":"Tools of the Trade","floor":23.0,"key":"SMITH"},{"data":"Bouncing Flask","floor":32,"key":"SMITH"}],"neow_cost":"NONE","seed_source_timestamp":0,"circlet_count":0,"master_deck":["Defend_G","Defend_G","Defend_G","Defend_G","Defend_G","Strike_G","Survivor","Neutralize","Noxious Fumes+1","PiercingWail","Slice","Crippling Poison","Poisoned Stab","Catalyst+1","Slice","Tools of the Trade+1","Bouncing Flask+1","Poisoned Stab","Ghostly","Ghostly","Ghostly","Ghostly","Ghostly","Poisoned Stab","PiercingWail"],"special_seed":0,"relics":["Ring of the Serpent","Lantern","Anchor","Blood Vial","Meat on the Bone","Bag of Marbles","Bottled Tornado","Blue Candle","Paper Crane","Mummified Hand"],"potions_floor_usage":[],"damage_taken":[{"damage":0.0,"enemies":"Small Slimes","floor":1.0,"turns":3.0},{"damage":0.0,"enemies":"Jaw Worm","floor":2.0,"turns":5.0},{"damage":8.0,"enemies":"Lagavulin","floor":6.0,"turns":10.0},{"damage":9.0,"enemies":"3 Sentries","floor":8.0,"turns":6.0},{"damage":17.0,"enemies":"Lagavulin","floor":10.0,"turns":8.0},{"damage":0.0,"enemies":"2 Louse","floor":11.0,"turns":2.0},{"damage":0.0,"enemies":"Looter","floor":12.0,"turns":4.0},{"damage":0.0,"enemies":"3 Louse","floor":14.0,"turns":2.0},{"damage":26.0,"enemies":"Hexaghost","floor":16.0,"turns":8.0},{"damage":18.0,"enemies":"Spheric Guardian","floor":18.0,"turns":5.0},{"damage":17.0,"enemies":"Chosen","floor":20.0,"turns":5.0},{"damage":5.0,"enemies":"Book of Stabbing","floor":24.0,"turns":5.0},{"damage":4.0,"enemies":"Shelled Parasite and Fungi","floor":25.0,"turns":5.0},{"damage":18.0,"enemies":"Snecko","floor":27.0,"turns":4.0},{"damage":3.0,"enemies":"Slavers","floor":28.0,"turns":6.0},{"damage":30,"enemies":"Collector","floor":33,"turns":6}],"seed_played":"3158121597769082411","potions_obtained":[{"floor":6.0,"key":"Fire Potion"},{"floor":8.0,"key":"Energy Potion"},{"floor":10.0,"key":"FearPotion"},{"floor":24.0,"key":"FearPotion"},{"floor":28.0,"key":"SpeedPotion"}],"is_trial":false,"path_per_floor":["M","M","?","?","?","E","R","E","T","E","M","M","R","M","R","B",null,"M","?","M","?","?","R","E","M","T","M","E","$","?","$","R","B"],"character_chosen":"THE_SILENT","items_purchased":["Mummified Hand"],"campfire_rested":1,"item_purchase_floors":[29],"current_hp_per_floor":[70,70,70,63,63,55,55,46,46,31,45,47,47,49,70,44,64,48,48,45,35,35,35,30,28,28,24,23,23,23,23,23,0],"gold":40,"neow_bonus":"RANDOM_COMMON_RELIC","is_prod":false,"is_daily":false,"chose_seed":false,"campfire_upgraded":3,"win_rate":0,"timestamp":1554384231,"path_taken":["M","M","?","?","?","E","R","E","T","E","M","M","R","M","R","BOSS","M","?","M","?","?","R","E","M","T","?","E","$","?","?","R","BOSS"],"build_version":"2019-01-23","purchased_purges":1,"victory":false,"max_hp_per_floor":[70,70,70,70,70,70,70,70,70,70,70,70,70,70,70,70,70,70,70,70,35,35,35,35,35,35,35,35,35,35,35,35,35],"card_choices":[{"not_picked":["Underhanded Strike","Deflect"],"picked":"Noxious Fumes","floor":1.0},{"not_picked":["Backflip","Dodge and Roll"],"picked":"PiercingWail","floor":2.0},{"not_picked":["Underhanded Strike","Tactician"],"picked":"Slice","floor":6.0},{"not_picked":["Blur","Outmaneuver","Deflect"],"picked":"SKIP","floor":8.0},{"not_picked":["Heel Hook","Flying Knee"],"picked":"Crippling Poison","floor":10.0},{"not_picked":["Dagger Spray","Grand Finale"],"picked":"Poisoned Stab","floor":11.0},{"not_picked":["Heel Hook","Bane"],"picked":"Catalyst","floor":12.0},{"not_picked":["Quick Slash","Dagger Spray"],"picked":"Slice","floor":14.0},{"not_picked":["Grand Finale","Unload"],"picked":"Tools of the Trade","floor":16.0},{"not_picked":["Finisher+1","Cloak And Dagger"],"picked":"Bouncing Flask","floor":18.0},{"not_picked":["Quick Slash+1","Accuracy"],"picked":"Poisoned Stab","floor":20.0},{"not_picked":["Acrobatics","Expertise","Blade Dance"],"picked":"SKIP","floor":24.0},{"not_picked":["Footwork","Caltrops+1"],"picked":"Poisoned Stab","floor":25.0},{"not_picked":["Tactician","Dodge and Roll"],"picked":"PiercingWail","floor":27.0},{"not_picked":["Flying Knee+1","Sucker Punch","Cloak And Dagger"],"picked":"SKIP","floor":28.0}],"player_experience":520565,"relics_obtained":[{"floor":6.0,"key":"Anchor"},{"floor":8.0,"key":"Blood Vial"},{"floor":10.0,"key":"Meat on the Bone"},{"floor":24.0,"key":"Bottled Tornado"},{"floor":26.0,"key":"Blue Candle"},{"floor":28.0,"key":"Paper Crane"}],"event_choices":[{"damage_healed":0.0,"max_hp_gain":0.0,"max_hp_loss":0.0,"gold_gain":0.0,"event_name":"Living Wall","player_choice":"Grow","floor":3.0,"gold_loss":0.0,"damage_taken":0.0,"cards_upgraded":["Noxious Fumes"]},{"cards_removed":["Strike_G"],"damage_healed":0.0,"max_hp_gain":0.0,"max_hp_loss":0.0,"gold_gain":0.0,"event_name":"Golden Wing","player_choice":"Card Removal","floor":4.0,"gold_loss":0.0,"damage_taken":7.0},{"cards_removed":["Strike_G"],"damage_healed":0.0,"max_hp_gain":0.0,"max_hp_loss":0.0,"gold_gain":0.0,"event_name":"The Cleric","player_choice":"Card Removal","floor":5.0,"gold_loss":50.0,"damage_taken":0.0},{"damage_healed":0.0,"max_hp_gain":0.0,"max_hp_loss":0.0,"gold_gain":0.0,"event_name":"Addict","player_choice":"Obtained Relic","floor":19.0,"gold_loss":85.0,"damage_taken":0.0,"relics_obtained":["Bag of Marbles"]},{"damage_healed":0.0,"max_hp_gain":0.0,"max_hp_loss":35.0,"gold_gain":0.0,"event_name":"Ghosts","player_choice":"Became a Ghost","floor":21.0,"gold_loss":0.0,"damage_taken":0.0,"cards_obtained":["Ghostly","Ghostly","Ghostly","Ghostly","Ghostly"]},{"damage_healed":0.0,"max_hp_gain":0.0,"max_hp_loss":0.0,"gold_gain":0.0,"event_name":"Vampires","player_choice":"Ignored","floor":22.0,"gold_loss":0.0,"damage_taken":0.0},{"cards_removed":["Strike_G"],"damage_healed":0,"gold_gain":0,"player_choice":"Offered Basic","damage_taken":0,"max_hp_gain":0,"max_hp_loss":0,"event_name":"Bonfire Elementals","floor":30,"gold_loss":0}],"is_beta":false,"boss_relics":[{"not_picked":["Pandora\u0027s Box","Velvet Choker"],"picked":"Ring of the Serpent"}],"items_purged_floors":[29],"is_endless":false,"potions_floor_spawned":[6,8,10,24,28],"killed_by":"Collector","ascension_level":5}