{"gold_per_floor":[210,210,210,33,308,308,328,339,339,372,387,403,403,415,415,415],"floor_reached":16,"playtime":538,"items_purged":[],"score":184,"play_id":"a580bbaa-31eb-4688-a0b7-32d4f13d590c","local_time":"20190718122340","is_ascension_mode":true,"campfire_choices":[{"data":"Offering","floor":6,"key":"SMITH"},{"floor":15,"key":"REST"}],"neow_cost":"NONE","seed_source_timestamp":12928466960900,"circlet_count":0,"master_deck":["AscendersBane","Strike_R","Strike_R","Strike_R","Strike_R","Defend_R","Defend_R","Defend_R","Defend_R","Bash","Offering+1","Regret","Perfected Strike","Shrug It Off","Pummel","Uppercut"],"relics":["Burning Blood","Anchor","Turnip","Mango"],"potions_floor_usage":[12,16],"damage_taken":[{"damage":10,"enemies":"Cultist","floor":1,"turns":5},{"damage":9,"enemies":"Jaw Worm","floor":7,"turns":4},{"damage":11,"enemies":"Small Slimes","floor":8,"turns":3},{"damage":47,"enemies":"3 Sentries","floor":10,"turns":10},{"damage":1,"enemies":"Red Slaver","floor":11,"turns":3},{"damage":27,"enemies":"Large Slime","floor":12,"turns":6},{"damage":10,"enemies":"Blue Slaver","floor":14,"turns":4},{"damage":43,"enemies":"Slime Boss","floor":16,"turns":6}],"seed_played":"-1031837390324829740","potions_obtained":[{"floor":10,"key":"FearPotion"},{"floor":12,"key":"Swift Potion"}],"is_trial":false,"path_per_floor":["M","?","T","$","?","R","M","M","T","E","M","M","?","M","R","B"],"character_chosen":"IRONCLAD","items_purchased":["Offering"],"campfire_rested":1,"item_purchase_floors":[4],"current_hp_per_floor":[64,64,64,64,64,64,61,56,56,29,34,13,18,14,42,0],"gold":415,"neow_bonus":"HUNDRED_GOLD","is_prod":false,"is_daily":false,"chose_seed":false,"campfire_upgraded":1,"win_rate":0,"timestamp":1563441820,"path_taken":["M","?","?","$","?","R","M","M","T","E","M","?","?","M","R","BOSS"],"build_version":"2019-07-17","purchased_purges":0,"victory":false,"max_hp_per_floor":[75,75,75,75,75,75,75,75,75,89,89,89,94,94,94,94],"card_choices":[{"not_picked":["Iron Wave","Body Slam","Armaments"],"picked":"SKIP","floor":1},{"not_picked":["Reckless Charge","Heavy Blade","Warcry"],"picked":"SKIP","floor":7},{"not_picked":["Anger","Bloodletting"],"picked":"Perfected Strike","floor":8},{"not_picked":["Combust","Heavy Blade"],"picked":"Shrug It Off","floor":10},{"not_picked":["Thunderclap","Flex"],"picked":"Pummel","floor":11},{"not_picked":["Body Slam","Warcry","Rupture"],"picked":"SKIP","floor":12},{"not_picked":["Burning Pact","True Grit"],"picked":"Uppercut","floor":14}],"player_experience":673854,"relics_obtained":[{"floor":3,"key":"Anchor"},{"floor":9,"key":"Turnip"},{"floor":10,"key":"Mango"}],"event_choices":[{"cards_removed":["Strike_R"],"damage_healed":0,"gold_gain":0,"player_choice":"Forget","damage_taken":0,"max_hp_gain":0,"max_hp_loss":0,"event_name":"Living Wall","floor":2,"gold_loss":0},{"damage_healed":0,"gold_gain":275,"player_choice":"Desecrate","damage_taken":0,"max_hp_gain":0,"max_hp_loss":0,"event_name":"Golden Shrine","floor":5,"gold_loss":0,"cards_obtained":["Regret"]},{"damage_healed":0,"gold_gain":0,"player_choice":"Donut","damage_taken":0,"max_hp_gain":5,"max_hp_loss":0,"event_name":"Big Fish","floor":13,"gold_loss":0}],"is_beta":false,"boss_relics":[],"items_purged_floors":[],"is_endless":false,"potions_floor_spawned":[10,12],"killed_by":"Slime Boss","ascension_level":16}