{"path_per_floor":["M","M","$","?","M","R","?","R","T","?","E","M","M","$","R","B",null,"M","M","$","?"],"character_chosen":"IRONCLAD","items_purchased":["Pantograph","Strength Potion","Poison Potion"],"gold_per_floor":[119,136,61,136,150,150,150,150,174,424,449,460,473,36,36,136,166,183,203,78,3,3],"floor_reached":22,"campfire_rested":2,"playtime":492,"current_hp_per_floor":[68,72,72,61,66,66,52,72,72,72,32,36,17,17,39,13,66,43,12,12,12,0],"items_purged":["Defend_R","Regret","Strike_R"],"gold":3,"score":239,"play_id":"fefbf51d-bc83-4911-b315-9ebd9baf110e","local_time":"20180506215754","is_prod":false,"is_daily":false,"chose_seed":false,"is_ascension_mode":true,"campfire_upgraded":1,"timestamp":1525633074,"path_taken":["M","M","$","?","?","R","?","R","T","?","E","M","M","$","R","BOSS","M","M","$","?","?"],"build_version":"2018-05-03","seed_source_timestamp":203783234440653,"purchased_purges":3,"victory":false,"master_deck":["Strike_R+1","Strike_R","Strike_R","Defend_R+1","Bash+1","Shrug It Off","Cleave+1","Demon Form"],"max_hp_per_floor":[72,72,72,72,72,72,72,72,72,72,74,74,74,74,74,74,81,83,85,85,85,85],"relics":["Burning Blood","Prayer Wheel","Singing Bowl","Pantograph","Tiny House"],"card_choices":[{"not_picked":["Anger","Headbutt"],"picked":"Shrug It Off","floor":12},{"not_picked":["Combust","Pommel Strike"],"picked":"Cleave","floor":13},{"not_picked":["Limit Break","Juggernaut"],"picked":"Demon Form","floor":16}],"player_experience":239885,"potions_floor_usage":[2,12,16,16,16,18,18],"damage_taken":[{"damage":10,"enemies":"2 Louse","floor":1,"turns":2},{"damage":5,"enemies":"Small Slimes","floor":2,"turns":3},{"damage":1,"enemies":"Cultist","floor":5,"turns":3},{"damage":48,"enemies":"Lagavulin","floor":11,"turns":5},{"damage":2,"enemies":"Large Slime","floor":12,"turns":3},{"damage":25,"enemies":"Exordium Wildlife","floor":13,"turns":4},{"damage":72,"enemies":"Hexaghost","floor":16,"turns":8},{"damage":31,"enemies":"3 Byrds","floor":18,"turns":4},{"damage":39,"enemies":"Chosen","floor":19,"turns":5},{"damage":16,"enemies":"Snake Plant","floor":22,"turns":1}],"event_choices":[{"event_name":"World of Goop","player_choice":"Gather Gold","floor":4,"damage_taken":0},{"event_name":"Shining Light","player_choice":"Entered Light","floor":7,"damage_taken":0},{"event_name":"Golden Shrine","player_choice":"Desecrate","floor":10,"damage_taken":0},{"event_name":"Beggar","player_choice":"Gave Gold","floor":21,"damage_taken":0}],"boss_relics":[{"not_picked":["Eternal Feather","Lizard Tail"],"picked":"Tiny House"}],"potions_floor_spawned":[1,11,13,16],"seed_played":"851712374310183060","killed_by":"Snake Plant","ascension_level":6,"is_trial":false}