{"gold_per_floor":[115,115,127,140,215,215,21,21,21,31,31,43,76,103,115,232,294,322,347,359,331,268,280,302,314,352,73,73,73,83,111,111,213,213,228,228,7,7,18,44,44,57,57,73,73,91,91,101,101,101],"floor_reached":50,"playtime":1878,"items_purged":["Shame"],"score":738,"play_id":"4544e6a1-f162-4c7e-a156-bf753c14630e","local_time":"20180926184718","is_ascension_mode":true,"campfire_choices":[{"data":"Body Slam","floor":6,"key":"SMITH"},{"floor":15,"key":"REST"},{"floor":23,"key":"REST"},{"floor":25,"key":"REST"},{"floor":29,"key":"REST"},{"floor":32,"key":"REST"},{"floor":41,"key":"REST"},{"floor":45,"key":"REST"},{"floor":49,"key":"REST"}],"neow_cost":"CURSE","seed_source_timestamp":464644055722651,"circlet_count":0,"master_deck":["Strike_R+1","Strike_R+1","Strike_R+1","Strike_R+1","Strike_R+1","Defend_R+1","Defend_R+1","Defend_R+1","Impervious","Body Slam+1","Flame Barrier","Cleave+1","Demon Form","Limit Break+1","Combust+1","Ghostly Armor","Offering","Flex","Discovery","Finesse","Swift Strike","Writhe","Offering","Intimidate+1","Heavy Blade+1"],"relics":["Burning Blood","Medical Kit","Torii","Gremlin Horn","MawBank","Tiny House","Orichalcum","Blood Vial","Bag of Preparation","Red Skull","Meat on the Bone","Fusion Hammer","Pen Nib","Smiling Mask","Singing Bowl"],"potions_floor_usage":[3,13,16,18,19,30,31,40,48,50],"damage_taken":[{"damage":0,"enemies":"2 Louse","floor":1,"turns":2},{"damage":12,"enemies":"Jaw Worm","floor":3,"turns":2},{"damage":0,"enemies":"Small Slimes","floor":4,"turns":2},{"damage":0,"enemies":"2 Fungi Beasts","floor":10,"turns":2},{"damage":0,"enemies":"Red Slaver","floor":12,"turns":2},{"damage":32,"enemies":"Gremlin Nob","floor":13,"turns":5},{"damage":7,"enemies":"3 Louse","floor":14,"turns":4},{"damage":29,"enemies":"The Guardian","floor":16,"turns":11},{"damage":33,"enemies":"Chosen","floor":18,"turns":5},{"damage":30,"enemies":"Shell Parasite","floor":19,"turns":5},{"damage":38,"enemies":"Centurion and Healer","floor":24,"turns":10},{"damage":8,"enemies":"Snake Plant","floor":30,"turns":6},{"damage":56,"enemies":"Gremlin Leader","floor":31,"turns":5},{"damage":28,"enemies":"Champ","floor":33,"turns":9},{"damage":21,"enemies":"3 Darklings","floor":35,"turns":4},{"damage":9,"enemies":"3 Shapes","floor":39,"turns":4},{"damage":61,"enemies":"2 Orb Walkers","floor":40,"turns":7},{"damage":44,"enemies":"Spire Growth","floor":42,"turns":4},{"damage":14,"enemies":"3 Darklings","floor":44,"turns":3},{"damage":29,"enemies":"4 Shapes","floor":46,"turns":4},{"damage":18,"enemies":"Maw","floor":48,"turns":8},{"damage":96,"enemies":"Donu and Deca","floor":50,"turns":6}],"seed_played":"-8039724055677685745","potions_obtained":[{"floor":1,"key":"AttackPotion"},{"floor":12,"key":"SkillPotion"},{"floor":13,"key":"Swift Potion"},{"floor":17,"key":"Swift Potion"},{"floor":18,"key":"Weak Potion"},{"floor":24,"key":"Dexterity Potion"},{"floor":30,"key":"SkillPotion"},{"floor":39,"key":"PowerPotion"},{"floor":46,"key":"Poison Potion"},{"floor":48,"key":"SteroidPotion"}],"is_trial":false,"path_per_floor":["M","?","M","M","?","R","$","?","T","M","$","M","E","M","R","B",null,"M","M","?","?","?","R","M","R","T","$","?","R","M","E","R","B",null,"M","?","$","?","M","E","R","M","T","M","R","M","?","M","R"],"character_chosen":"IRONCLAD","items_purchased":["Medical Kit","Blood Vial","Bag of Preparation","Pen Nib"],"campfire_rested":8,"item_purchase_floors":[7,27,27,37],"current_hp_per_floor":[78,71,65,71,60,60,60,53,53,59,59,65,39,38,62,39,75,48,24,24,24,24,49,17,42,42,42,42,67,67,19,44,36,73,60,50,50,71,70,29,54,30,30,38,64,55,55,57,83,0],"gold":101,"neow_bonus":"THREE_RARE_CARDS","is_prod":false,"is_daily":false,"chose_seed":false,"campfire_upgraded":1,"win_rate":0,"timestamp":1537976838,"path_taken":["M","?","?","M","?","R","$","?","T","?","?","?","E","M","R","BOSS","M","M","?","?","?","R","M","R","T","$","?","R","?","E","R","BOSS","M","?","$","?","M","E","R","?","T","M","R","M","?","?","R","BOSS"],"build_version":"2018-09-20","purchased_purges":1,"victory":false,"max_hp_per_floor":[80,80,80,80,80,80,80,80,80,80,80,80,80,80,80,80,85,85,85,85,85,85,85,85,85,85,85,85,85,85,85,85,85,85,85,85,85,85,85,85,85,85,85,87,87,87,87,87,87,87],"card_choices":[{"not_picked":["Exhume","Dark Embrace"],"picked":"Impervious","floor":0},{"not_picked":["True Grit","Iron Wave","Sever Soul"],"picked":"SKIP","floor":1},{"not_picked":["Burning Pact","Heavy Blade"],"picked":"Body Slam","floor":3},{"not_picked":["Thunderclap","Sword Boomerang","Carnage"],"picked":"SKIP","floor":4},{"not_picked":["Corruption","Searing Blow"],"picked":"Flame Barrier","floor":10},{"not_picked":["Heavy Blade","Sentinel"],"picked":"Cleave","floor":12},{"not_picked":["Reckless Charge","Heavy Blade"],"picked":"Demon Form","floor":13},{"not_picked":["Hemokinesis","Clothesline","Anger"],"picked":"SKIP","floor":14},{"not_picked":["Fiend Fire","Barricade"],"picked":"Limit Break","floor":16},{"not_picked":["Wild Strike+1","True Grit","Havoc"],"picked":"SKIP","floor":18},{"not_picked":["Rupture","Headbutt","Berserk"],"picked":"SKIP","floor":19},{"not_picked":["Perfected Strike+1","Bloodletting","Clash"],"picked":"SKIP","floor":24},{"not_picked":["Whirlwind","Iron Wave"],"picked":"Combust+1","floor":30},{"not_picked":["Iron Wave+1","Spot Weakness"],"picked":"Ghostly Armor","floor":31},{"not_picked":["Exhume","Impervious"],"picked":"Offering","floor":33},{"not_picked":["Shockwave","Inflame"],"picked":"Flex","floor":35},{"not_picked":["Master of Strategy","Apotheosis"],"picked":"Discovery","floor":36},{"not_picked":["Forethought","Good Instincts"],"picked":"Finesse","floor":36},{"not_picked":["Secret Technique","Bandage Up"],"picked":"Swift Strike","floor":36},{"not_picked":["Thunderclap+1","Battle Trance+1","Pommel Strike+1"],"picked":"SKIP","floor":39},{"not_picked":["Pommel Strike+1","Cleave+1"],"picked":"Offering","floor":40},{"not_picked":["Anger","Spot Weakness","Hemokinesis+1"],"picked":"SKIP","floor":42},{"not_picked":["Iron Wave+1","Clothesline+1","Anger+1"],"picked":"Singing Bowl","floor":44},{"not_picked":["Body Slam","Perfected Strike+1"],"picked":"Intimidate+1","floor":46},{"not_picked":["Wild Strike","Blood for Blood+1"],"picked":"Heavy Blade+1","floor":48}],"player_experience":386281,"relics_obtained":[{"floor":9,"key":"Gremlin Horn"},{"floor":13,"key":"MawBank"},{"floor":26,"key":"Orichalcum"},{"floor":31,"key":"Meat on the Bone"},{"floor":40,"key":"Smiling Mask"},{"floor":43,"key":"Singing Bowl"}],"event_choices":[{"event_name":"Golden Wing","player_choice":"Card Removal","floor":2,"damage_taken":0},{"event_name":"World of Goop","player_choice":"Gather Gold","floor":5,"damage_taken":0},{"event_name":"Scrap Ooze","player_choice":"success","floor":8,"damage_taken":7},{"event_name":"Back to Basics","player_choice":"Simplicity","floor":20,"damage_taken":0},{"event_name":"Designer","player_choice":"Upgrade 2 Random Cards","floor":21,"damage_taken":0},{"event_name":"Beggar","player_choice":"Gave Gold","floor":22,"damage_taken":0},{"event_name":"Addict","player_choice":"Stole Relic","floor":28,"damage_taken":0},{"event_name":"SensoryStone","player_choice":"Memory 3","floor":36,"damage_taken":0},{"event_name":"Winding Halls","player_choice":"Writhe","floor":38,"damage_taken":0},{"event_name":"Falling","player_choice":"Removed Skill","floor":47,"damage_taken":0}],"is_beta":false,"boss_relics":[{"not_picked":["Runic Cube","Runic Dome"],"picked":"Tiny House"},{"not_picked":["Runic Pyramid","Philosopher\u0027s Stone"],"picked":"Fusion Hammer"}],"items_purged_floors":[37],"is_endless":false,"potions_floor_spawned":[1,12,13,18,24,30,39,46,48],"killed_by":"Donu and Deca","ascension_level":9}