{"gold_per_floor":[117,49,49,67,82,116,116,128,128,143,160,180,180,210,210,305,305,305,305,305,305],"floor_reached":21,"playtime":955,"items_purged":[],"score":232,"play_id":"8779e64f-d2d4-497e-80e4-bc34d9e238d3","local_time":"20181002153844","is_ascension_mode":true,"campfire_choices":[{"data":"Zap","floor":7,"key":"SMITH"},{"data":"Fusion","floor":13,"key":"SMITH"},{"floor":15,"key":"REST"}],"neow_cost":"NONE","seed_source_timestamp":199703186139724,"circlet_count":0,"master_deck":["Strike_B","Strike_B","Strike_B","Strike_B","Defend_B","Defend_B","Defend_B","Defend_B","Zap+1","Dualcast","Leap","Defragment+1","Melter","Chill","Steam","Fusion+1","Hologram","Rainbow","Ball Lightning","Lockon+1"],"relics":["Cracked Core","NeowsBlessing","Calipers","Torii","Bottled Tornado","Ectoplasm"],"potions_floor_usage":[6,8,10,11,14,19],"damage_taken":[{"damage":0,"enemies":"Cultist","floor":1,"turns":1},{"damage":0,"enemies":"2 Louse","floor":4,"turns":1},{"damage":0,"enemies":"Small Slimes","floor":5,"turns":1},{"damage":4,"enemies":"3 Sentries","floor":6,"turns":7},{"damage":1,"enemies":"Exordium Thugs","floor":8,"turns":4},{"damage":1,"enemies":"Lots of Slimes","floor":10,"turns":4},{"damage":14,"enemies":"Red Slaver","floor":11,"turns":2},{"damage":0,"enemies":"Gremlin Gang","floor":12,"turns":7},{"damage":10,"enemies":"Lagavulin","floor":14,"turns":5},{"damage":24,"enemies":"The Guardian","floor":16,"turns":11},{"damage":8,"enemies":"Shell Parasite","floor":18,"turns":6},{"damage":0,"enemies":"Spheric Guardian","floor":19,"turns":3},{"damage":14,"enemies":"Colosseum Slavers","floor":21,"turns":4},{"damage":67,"enemies":"Colosseum Nobs","floor":21,"turns":4}],"seed_played":"4904254647119791356","potions_obtained":[{"floor":4,"key":"LiquidBronze"},{"floor":5,"key":"Poison Potion"},{"floor":6,"key":"FearPotion"},{"floor":8,"key":"FearPotion"},{"floor":12,"key":"GamblersBrew"},{"floor":18,"key":"Poison Potion"}],"is_trial":false,"path_per_floor":["M","$","?","M","M","E","R","M","T","M","M","M","R","E","R","B",null,"M","M","?"],"character_chosen":"DEFECT","items_purchased":["Defragment"],"campfire_rested":1,"item_purchase_floors":[2],"current_hp_per_floor":[75,75,75,75,75,71,71,70,70,69,55,55,55,45,67,43,75,67,67,67,0],"gold":305,"neow_bonus":"THREE_ENEMY_KILL","is_prod":false,"is_daily":false,"chose_seed":false,"campfire_upgraded":2,"win_rate":0,"timestamp":1538483924,"path_taken":["M","?","?","M","?","E","R","?","T","?","M","?","R","E","R","BOSS","M","?","?","?"],"build_version":"2018-09-27","purchased_purges":0,"victory":false,"max_hp_per_floor":[75,75,75,75,75,75,75,75,75,75,75,75,75,75,75,75,75,75,75,75,75],"card_choices":[{"not_picked":["Rebound","Hello World"],"picked":"Leap","floor":1},{"not_picked":["Streamline","Turbo"],"picked":"Melter","floor":4},{"not_picked":["Cold Snap","Core Surge"],"picked":"Chill","floor":5},{"not_picked":["Steam Power","Barrage"],"picked":"Steam","floor":6},{"not_picked":["Streamline","Barrage","Beam Cell"],"picked":"SKIP","floor":8},{"not_picked":["Conserve Battery","Go for the Eyes"],"picked":"Fusion","floor":10},{"not_picked":["Cold Snap","Beam Cell","Melter"],"picked":"SKIP","floor":11},{"not_picked":["Barrage","Gash"],"picked":"Hologram","floor":12},{"not_picked":["Barrage","Gash","Beam Cell"],"picked":"SKIP","floor":14},{"not_picked":["Echo Form","Meteor Strike"],"picked":"Rainbow","floor":16},{"not_picked":["Turbo","Rip and Tear"],"picked":"Ball Lightning","floor":18},{"not_picked":["Gash+1","Cold Snap"],"picked":"Lockon","floor":19}],"player_experience":412276,"relics_obtained":[{"floor":6,"key":"Calipers"},{"floor":9,"key":"Torii"},{"floor":14,"key":"Bottled Tornado"}],"event_choices":[{"event_name":"Living Wall","player_choice":"Grow","floor":3,"damage_taken":0},{"event_name":"Accursed Blacksmith","player_choice":"Forge","floor":20,"damage_taken":0},{"event_name":"Colosseum","player_choice":"Fight","floor":21,"damage_taken":0},{"event_name":"Colosseum","player_choice":"Fought Nobs","floor":21,"damage_taken":0}],"is_beta":false,"boss_relics":[{"not_picked":["Eternal Feather","Lizard Tail"],"picked":"Ectoplasm"}],"items_purged_floors":[],"is_endless":false,"potions_floor_spawned":[4,5,6,8,12,18],"killed_by":"Colosseum Nobs","ascension_level":4}