{"gold_per_floor":[20,20,20,38,113,288,305,330,330,330,330,330,349,314,314,314],"floor_reached":16,"playtime":450,"items_purged":[],"score":157,"play_id":"2f867db2-e3c4-407c-b3b6-46974483d91a","local_time":"20190111104418","is_ascension_mode":true,"campfire_choices":[{"floor":12,"key":"REST"},{"floor":15,"key":"REST"}],"neow_cost":"NO_GOLD","seed_source_timestamp":9422139007600,"circlet_count":0,"master_deck":["AscendersBane","Strike_R","Strike_R","Strike_R","Strike_R","Defend_R","Defend_R","Defend_R","Bash","Rampage","Dark Embrace","Perfected Strike","Infernal Blade","Doubt","Pummel","Second Wind","Pommel Strike","Double Tap"],"relics":["Burning Blood","Juzu Bracelet","Bag of Preparation","Prayer Wheel","Turnip","WingedGreaves"],"potions_floor_usage":[8],"damage_taken":[{"damage":14,"enemies":"Jaw Worm","floor":1,"turns":3},{"damage":0,"enemies":"Small Slimes","floor":4,"turns":3},{"damage":1,"enemies":"Cultist","floor":7,"turns":3},{"damage":45,"enemies":"3 Sentries","floor":8,"turns":9},{"damage":29,"enemies":"Exordium Wildlife","floor":13,"turns":6},{"damage":64,"enemies":"Hexaghost","floor":16,"turns":8}],"seed_played":"1664350635103683515","potions_obtained":[{"floor":4,"key":"Energy Potion"}],"is_trial":false,"path_per_floor":["M","?","T","M","?","?","M","E","T","?","?","R","M","?","R","B"],"character_chosen":"IRONCLAD","items_purchased":[],"campfire_rested":2,"item_purchase_floors":[],"current_hp_per_floor":[64,52,52,58,47,47,52,13,13,13,13,37,14,34,58,0],"gold":314,"neow_bonus":"TRANSFORM_TWO_CARDS","is_prod":false,"is_daily":false,"chose_seed":false,"campfire_upgraded":0,"win_rate":0,"timestamp":1547196258,"path_taken":["M","?","?","M","?","?","M","E","T","?","?","R","M","?","R","BOSS"],"build_version":"2019-01-10","purchased_purges":0,"victory":false,"max_hp_per_floor":[80,80,80,80,80,80,80,80,80,80,80,80,80,80,80,80],"card_choices":[{"not_picked":["Anger","Reckless Charge"],"picked":"Perfected Strike","floor":1},{"not_picked":["Thunderclap","Uppercut"],"picked":"Infernal Blade","floor":4},{"not_picked":["Wild Strike","Headbutt"],"picked":"Pummel","floor":7},{"not_picked":["Havoc","Blood for Blood"],"picked":"Second Wind","floor":8},{"not_picked":["Anger","Rupture"],"picked":"Pommel Strike","floor":13},{"not_picked":["Cleave","Iron Wave"],"picked":"Double Tap","floor":13}],"player_experience":477745,"relics_obtained":[{"floor":3,"key":"Bag of Preparation"},{"floor":8,"key":"Prayer Wheel"},{"floor":9,"key":"Turnip"}],"event_choices":[{"damage_healed":0,"gold_gain":0,"player_choice":"Success","damage_taken":12,"relics_obtained":["Juzu Bracelet"],"max_hp_gain":0,"max_hp_loss":0,"event_name":"Scrap Ooze","floor":2,"gold_loss":0},{"damage_healed":0,"gold_gain":75,"player_choice":"Gather Gold","damage_taken":11,"max_hp_gain":0,"max_hp_loss":0,"event_name":"World of Goop","floor":5,"gold_loss":0},{"damage_healed":0,"gold_gain":175,"player_choice":"AGREE","damage_taken":0,"max_hp_gain":0,"max_hp_loss":0,"event_name":"Liars Game","floor":6,"gold_loss":0,"cards_obtained":["Doubt"]},{"damage_healed":0,"gold_gain":0,"player_choice":"Ignored","damage_taken":0,"max_hp_gain":0,"max_hp_loss":0,"event_name":"Shining Light","floor":10,"gold_loss":0},{"damage_healed":0,"gold_gain":0,"player_choice":"Searched \u00271\u0027 times","damage_taken":0,"relics_obtained":["WingedGreaves"],"max_hp_gain":0,"max_hp_loss":0,"event_name":"Dead Adventurer","floor":11,"gold_loss":0},{"damage_healed":20,"gold_gain":0,"player_choice":"Healed","damage_taken":0,"max_hp_gain":0,"max_hp_loss":0,"event_name":"The Cleric","floor":14,"gold_loss":35}],"is_beta":false,"boss_relics":[],"items_purged_floors":[],"is_endless":false,"potions_floor_spawned":[4],"killed_by":"Hexaghost","ascension_level":12}