{"path_per_floor":["M","?","M","M","M","E","?","?","T","M","R","M","M","?","R"],"character_chosen":"DEFECT","items_purchased":[],"gold_per_floor":[117,117,128,144,161,188,138,138,138,152,152,171,192,192,192,192],"floor_reached":16,"campfire_rested":2,"playtime":445,"item_purchase_floors":[],"current_hp_per_floor":[70,70,67,61,51,27,27,27,27,19,41,28,25,10,32,0],"items_purged":[],"gold":192,"score":114,"play_id":"db169203-4bea-47f0-bd0e-d3935387a4e4","local_time":"20180621123924","is_prod":false,"is_daily":false,"chose_seed":false,"is_ascension_mode":true,"campfire_upgraded":0,"win_rate":0,"timestamp":1529573964,"campfire_choices":[{"floor":11,"key":"REST"},{"floor":15,"key":"REST"}],"path_taken":["M","?","M","M","?","E","?","?","T","?","R","M","M","?","R","BOSS"],"build_version":"2018-06-14v2","seed_source_timestamp":538578387380041,"purchased_purges":0,"victory":false,"master_deck":["Strike_B+1","Strike_B","Strike_B","Defend_B","Defend_B","Defend_B","Defend_B","Zap","Dualcast","Go for the Eyes","Regret","Sweeping Beam","Sweeping Beam","Echo Form","Injury","Beam Cell","Double Energy+1"],"max_hp_per_floor":[75,75,75,75,75,75,75,75,75,75,75,75,75,75,75,75],"relics":["Cracked Core","Calipers","Torii","Golden Idol","Ginger"],"card_choices":[{"not_picked":["Compile Driver","Recycle"],"picked":"Go for the Eyes","floor":1},{"not_picked":["Cold Snap","Defragment"],"picked":"Sweeping Beam","floor":3},{"not_picked":["Conserve Battery","Redo"],"picked":"Sweeping Beam","floor":4},{"not_picked":["Redo","Steam Power","Stack"],"picked":"SKIP","floor":5},{"not_picked":["Stack","Rebound"],"picked":"Echo Form","floor":6},{"not_picked":["Sweeping Beam","Stack"],"picked":"Beam Cell","floor":10},{"not_picked":["Hello World","Stack","Scrape"],"picked":"SKIP","floor":12},{"not_picked":["Leap","Capacitor"],"picked":"Double Energy","floor":13}],"player_experience":283797,"potions_floor_usage":[6,6,10,13],"damage_taken":[{"damage":5,"enemies":"Small Slimes","floor":1,"turns":3},{"damage":3,"enemies":"Jaw Worm","floor":3,"turns":3},{"damage":6,"enemies":"2 Louse","floor":4,"turns":2},{"damage":10,"enemies":"Red Slaver","floor":5,"turns":4},{"damage":24,"enemies":"Lagavulin","floor":6,"turns":5},{"damage":8,"enemies":"Blue Slaver","floor":10,"turns":2},{"damage":13,"enemies":"2 Fungi Beasts","floor":12,"turns":3},{"damage":3,"enemies":"3 Louse","floor":13,"turns":2},{"damage":43,"enemies":"Slime Boss","floor":16,"turns":5}],"relics_obtained":[{"floor":6,"key":"Torii"},{"floor":9,"key":"Ginger"}],"event_choices":[{"event_name":"Big Fish","player_choice":"Box","floor":2,"damage_taken":0},{"event_name":"The Cleric","player_choice":"Card Removal","floor":7,"damage_taken":0},{"event_name":"Golden Idol","player_choice":"Take Wound","floor":8,"damage_taken":0},{"event_name":"Shining Light","player_choice":"Entered Light","floor":14,"damage_taken":0}],"boss_relics":[],"items_purged_floors":[],"is_endless":false,"potions_floor_spawned":[3,5,6,12],"seed_played":"-4628469309278154315","killed_by":"Slime Boss","ascension_level":2,"potions_obtained":[{"floor":3,"key":"FocusPotion"},{"floor":5,"key":"SteroidPotion"},{"floor":6,"key":"Fire Potion"},{"floor":12,"key":"Fire Potion"}],"is_trial":false}