{"path_per_floor":["M","?","M","M","M","R","M","?","T","?","M","M","M","M","R","B",null,"M","$","M","M","M","R","M","M","T","R","?","M","M","?","R","B",null,"M","M","M","?","$","E","R","$","T","?","R","?","$","M","R","B"],"character_chosen":"IRONCLAD","items_purchased":["Gremlin Horn","Cleave","Flex"],"gold_per_floor":[114,114,129,144,159,159,174,207,232,232,247,262,277,292,292,392,392,407,30,45,60,75,75,90,105,130,130,100,115,130,130,130,230,230,245,260,275,275,128,158,158,58,58,0,0,0,0,15,15,15],"floor_reached":51,"campfire_rested":1,"playtime":1770,"current_hp_per_floor":[78,82,81,80,79,78,77,74,74,74,73,72,78,77,76,51,74,64,64,66,68,60,60,66,68,68,68,68,63,69,69,69,49,67,66,65,64,65,64,65,64,63,64,63,62,61,60,59,60,37],"items_purged":["Defend_R","Pain","Injury"],"gold":15,"score":752,"play_id":"5a7051f6-cdb6-4c0e-aaa4-c75465bd4302","local_time":"20180327093849","daily_mods":["Allstar","Terminal","Vintage"],"is_prod":false,"is_daily":true,"is_ascension_mode":false,"campfire_upgraded":7,"timestamp":1522132729,"path_taken":["M","?","M","M","M","R","M","?","T","?","M","M","M","M","R","BOSS","M","$","M","M","M","R","M","M","T","R","?","M","M","?","R","BOSS","M","M","M","?","?","E","R","?","T","?","R","?","?","M","R","BOSS"],"build_version":"2018-03-22v2","purchased_purges":3,"victory":true,"master_deck":["Strike_R+1","Strike_R+1","Strike_R+1","Strike_R+1","Strike_R+1","Defend_R+1","Bash+1","Dramatic Entrance+1","Enlightenment+1","Cleave+1","Cleave+1","Clumsy","Flex+1"],"max_hp_per_floor":[78,82,81,80,79,78,77,76,75,74,73,72,78,77,76,75,74,83,82,81,80,79,78,77,76,75,74,73,72,71,70,69,68,67,66,65,64,65,64,65,64,63,64,63,62,61,60,59,60,59],"relics":["Burning Blood","Paper Frog","Dream Catcher","Meat on the Bone","Orichalcum","Frozen Egg 2","War Paint","Juzu Bracelet","Art of War","Toolbox","Strawberry","Prayer Wheel","Kunai","Mark of Pain","Pear","Gremlin Horn","Vajra","Du-Vu Doll","Anchor","Regal Pillow","Whetstone","Ancient Tea Set","Toxic Egg 2","Self Forming Clay","Bottled Lightning","Calling Bell","Centennial Puzzle","Pen Nib","Bag of Marbles","Bag of Preparation","Molten Egg 2","Singing Bowl","Ginger","The Courier","Happy Flower","Red Mask","Darkstone Periapt"],"card_choices":[{"not_picked":["Anger","Reckless Charge"],"picked":"Cleave","floor":26}],"player_experience":131937,"potions_floor_usage":[8,13,16,16,18,24,29,30,33,33,40,50,50],"damage_taken":[{"damage":6,"enemies":"Jaw Worm","floor":1,"turns":3},{"damage":0,"enemies":"2 Louse","floor":3,"turns":2},{"damage":0,"enemies":"Small Slimes","floor":4,"turns":3},{"damage":1,"enemies":"Exordium Wildlife","floor":5,"turns":3},{"damage":1,"enemies":"3 Louse","floor":7,"turns":3},{"damage":9,"enemies":"3 Sentries","floor":8,"turns":11},{"damage":2,"enemies":"Red Slaver","floor":11,"turns":2},{"damage":1,"enemies":"Blue Slaver","floor":12,"turns":3},{"damage":0,"enemies":"Lots of Slimes","floor":13,"turns":3},{"damage":2,"enemies":"2 Fungi Beasts","floor":14,"turns":3},{"damage":31,"enemies":"The Guardian","floor":16,"turns":7},{"damage":26,"enemies":"Spheric Guardian","floor":18,"turns":8},{"damage":4,"enemies":"Chosen","floor":20,"turns":3},{"damage":4,"enemies":"Snecko","floor":21,"turns":4},{"damage":18,"enemies":"Snake Plant","floor":22,"turns":3},{"damage":0,"enemies":"Centurion and Healer","floor":24,"turns":5},{"damage":4,"enemies":"Chosen and Byrds","floor":25,"turns":5},{"damage":11,"enemies":"Snecko","floor":29,"turns":4},{"damage":0,"enemies":"3 Cultists","floor":30,"turns":2},{"damage":38,"enemies":"Champ","floor":33,"turns":10},{"damage":0,"enemies":"3 Darklings","floor":35,"turns":1},{"damage":0,"enemies":"Orb Walker","floor":36,"turns":1},{"damage":0,"enemies":"4 Shapes","floor":37,"turns":1},{"damage":2,"enemies":"Mysterious Sphere","floor":38,"turns":1},{"damage":0,"enemies":"Nemesis","floor":40,"turns":1},{"damage":0,"enemies":"3 Darklings","floor":48,"turns":1},{"damage":29,"enemies":"Time Eater","floor":50,"turns":6}],"event_choices":[{"event_name":"Big Fish","player_choice":"Donut","floor":2,"damage_taken":0},{"event_name":"Dead Adventurer","player_choice":"Searched \u00273\u0027 times","floor":8,"damage_taken":0},{"event_name":"Living Wall","player_choice":"Forget","floor":10,"damage_taken":0},{"event_name":"The Woman in Blue","player_choice":"Bought 2 Potions","floor":28,"damage_taken":0},{"event_name":"Vampires","player_choice":"Ignored","floor":31,"damage_taken":0},{"event_name":"Mysterious Sphere","player_choice":"Fight","floor":38,"damage_taken":0},{"event_name":"Tomb of Lord Red Mask","player_choice":"Paid","floor":44,"damage_taken":0}],"boss_relics":[{"not_picked":["Pandora\u0027s Box","Velvet Choker"],"picked":"Mark of Pain"},{"not_picked":["Sozu","Runic Dome"],"picked":"Calling Bell"}],"potions_floor_spawned":[1,4,7,12,14,20,25,30,36,38,40],"seed_played":"7182393064752794015","ascension_level":0,"is_trial":false}