{"gold_per_floor":[114,114,125,125,135,464,480,460,460,471,471,546,564,579,579,653,653,663,663,663,673,229,258,270,300,312,324,336],"floor_reached":28,"playtime":1120,"items_purged":[],"score":464,"play_id":"40b8e59d-f5a8-4642-b89a-75ff336b7fa5","local_time":"20190629224403","is_ascension_mode":true,"campfire_choices":[{"floor":11.0,"key":"REST"},{"floor":15.0,"key":"REST"},{"floor":24.0,"key":"REST"}],"neow_cost":"NONE","seed_source_timestamp":0,"circlet_count":0,"master_deck":["AscendersBane","Strike_R","Strike_R","Strike_R+1","Strike_R+1","Defend_R","Defend_R","Defend_R","Defend_R","Bash","Entrench","Thunderclap","Ghostly Armor","Whirlwind","Feed","Body Slam","Shockwave","Impervious","Flame Barrier","Rampage","Double Tap","Shrug It Off+1"],"special_seed":0,"relics":["Burning Blood","NeowsBlessing","Dream Catcher","Old Coin","Sozu","Sling","Self Forming Clay","MawBank","FossilizedHelix"],"potions_floor_usage":[],"damage_taken":[{"damage":0.0,"enemies":"Jaw Worm","floor":1.0,"turns":1.0},{"damage":0.0,"enemies":"Small Slimes","floor":3.0,"turns":1.0},{"damage":0.0,"enemies":"Cultist","floor":5.0,"turns":1.0},{"damage":52.0,"enemies":"Lagavulin","floor":6.0,"turns":9.0},{"damage":0.0,"enemies":"Large Slime","floor":7.0,"turns":5.0},{"damage":13.0,"enemies":"Blue Slaver","floor":10.0,"turns":2.0},{"damage":17.0,"enemies":"Exordium Thugs","floor":13.0,"turns":5.0},{"damage":7.0,"enemies":"3 Louse","floor":14.0,"turns":3.0},{"damage":31.0,"enemies":"Hexaghost","floor":16.0,"turns":9.0},{"damage":13.0,"enemies":"Chosen","floor":18.0,"turns":5.0},{"damage":35.0,"enemies":"2 Thieves","floor":21.0,"turns":4.0},{"damage":46.0,"enemies":"Book of Stabbing","floor":23.0,"turns":7.0},{"damage":13.0,"enemies":"Centurion and Healer","floor":25.0,"turns":9.0},{"damage":26,"enemies":"Cultist and Chosen","floor":28,"turns":6}],"seed_played":"2831291213756651860","potions_obtained":[{"floor":1.0,"key":"Regen Potion"},{"floor":3.0,"key":"Regen Potion"},{"floor":8.0,"key":"Fire Potion"},{"floor":13.0,"key":"PowerPotion"},{"floor":14.0,"key":"EssenceOfSteel"},{"floor":16.0,"key":"SkillPotion"}],"is_trial":false,"path_per_floor":["M","?","M","?","M","E","M","?","T","M","R","?","M","M","R","B",null,"M","?","?","M","$","E","R","M","T","?","M"],"character_chosen":"IRONCLAD","items_purchased":["Sling","Self Forming Clay"],"campfire_rested":3,"item_purchase_floors":[22,22],"current_hp_per_floor":[74,51,57,22,28,34,40,40,40,36,59,48,40,42,67,42,74,70,87,87,58,58,18,44,37,37,24,0],"gold":336,"neow_bonus":"THREE_ENEMY_KILL","is_prod":false,"is_daily":false,"chose_seed":false,"campfire_upgraded":0,"win_rate":0,"timestamp":1561837443,"path_taken":["M","?","M","?","?","E","M","?","T","?","R","?","M","M","R","BOSS","M","?","?","M","$","E","R","?","T","?","?"],"build_version":"2019-01-23","purchased_purges":0,"victory":false,"max_hp_per_floor":[75,75,75,75,75,75,75,75,75,78,78,78,81,84,84,84,84,87,87,87,87,87,87,87,87,87,87,87],"card_choices":[{"not_picked":["Ghostly Armor","Shrug It Off"],"picked":"Entrench","floor":1.0},{"not_picked":["True Grit","Sword Boomerang"],"picked":"Thunderclap","floor":3.0},{"not_picked":["Entrench","Thunderclap"],"picked":"Ghostly Armor","floor":5.0},{"not_picked":["Twin Strike","Thunderclap"],"picked":"Whirlwind","floor":6.0},{"not_picked":["Wild Strike","Warcry"],"picked":"Feed","floor":7.0},{"not_picked":["Bloodletting","Iron Wave","Seeing Red"],"picked":"SKIP","floor":10.0},{"not_picked":["Headbutt","Iron Wave"],"picked":"Body Slam","floor":11.0},{"not_picked":["Burning Pact","Clash","Headbutt"],"picked":"SKIP","floor":13.0},{"not_picked":["True Grit","Clash","Warcry"],"picked":"SKIP","floor":14.0},{"not_picked":["Body Slam","Perfected Strike"],"picked":"Shockwave","floor":15.0},{"not_picked":["Fiend Fire","Immolate"],"picked":"Impervious","floor":16.0},{"not_picked":["Sever Soul","Corruption"],"picked":"Flame Barrier","floor":18.0},{"not_picked":["Armaments","Havoc"],"picked":"Rampage","floor":21.0},{"not_picked":["Pommel Strike","Havoc","Cleave"],"picked":"SKIP","floor":23.0},{"not_picked":["Sever Soul","Twin Strike"],"picked":"Double Tap","floor":24.0},{"not_picked":["Havoc","Sword Boomerang"],"picked":"Shrug It Off+1","floor":25.0}],"player_experience":635702,"relics_obtained":[{"floor":6.0,"key":"Old Coin"},{"floor":23.0,"key":"MawBank"},{"floor":26.0,"key":"FossilizedHelix"}],"event_choices":[{"damage_healed":0.0,"max_hp_gain":0.0,"max_hp_loss":0.0,"gold_gain":0.0,"event_name":"Shining Light","player_choice":"Entered Light","floor":2.0,"gold_loss":0.0,"damage_taken":23.0,"cards_upgraded":["Strike_R","Strike_R"]},{"damage_healed":0.0,"max_hp_gain":0.0,"max_hp_loss":0.0,"gold_gain":0.0,"event_name":"Scrap Ooze","player_choice":"Success","floor":4.0,"gold_loss":0.0,"damage_taken":35.0,"relics_obtained":["Dream Catcher"]},{"damage_healed":0.0,"max_hp_gain":0.0,"max_hp_loss":0.0,"gold_gain":0.0,"event_name":"The Woman in Blue","player_choice":"Bought 1 Potion","floor":8.0,"gold_loss":0.0,"damage_taken":0.0},{"damage_healed":0.0,"max_hp_gain":0.0,"max_hp_loss":0.0,"gold_gain":75.0,"event_name":"World of Goop","player_choice":"Gather Gold","floor":12.0,"gold_loss":0.0,"damage_taken":11.0},{"damage_healed":17.0,"max_hp_gain":0.0,"max_hp_loss":0.0,"gold_gain":0.0,"event_name":"The Library","player_choice":"Heal","floor":19.0,"gold_loss":0.0,"damage_taken":0.0},{"cards_removed":["Strike_R"],"damage_healed":0.0,"max_hp_gain":0.0,"max_hp_loss":0.0,"gold_gain":0.0,"event_name":"Purifier","player_choice":"Purged","floor":20.0,"gold_loss":0.0,"damage_taken":0.0},{"damage_healed":0.0,"max_hp_gain":0.0,"max_hp_loss":0.0,"gold_gain":0.0,"event_name":"Wheel of Change","player_choice":"Damaged","floor":27.0,"gold_loss":0.0,"damage_taken":13.0}],"is_beta":false,"boss_relics":[{"not_picked":["Empty Cage","Coffee Dripper"],"picked":"Sozu"}],"items_purged_floors":[],"is_endless":false,"potions_floor_spawned":[1,3,13,14,16,18,25],"killed_by":"Cultist and Chosen","ascension_level":15}