{"gold_per_floor":[111,111,130,150,39,69,69,94,94,94,107,182,182,199,199,295,295,315,44,58,58,58,58,77,77,77,77,92,92,112,40,40,144,144,164,184,184,184,210,210],"floor_reached":40,"playtime":2031,"items_purged":["Regret"],"score":543,"play_id":"3f57bea8-7c29-47ca-b1a9-1e8c6d09ab6d","local_time":"20190707203912","is_ascension_mode":true,"campfire_choices":[{"floor":7,"key":"REST"},{"floor":13,"key":"REST"},{"floor":15,"key":"REST"},{"floor":23,"key":"RECALL"},{"data":"Phantasmal Killer","floor":29,"key":"SMITH"},{"data":"Cloak And Dagger","floor":32,"key":"SMITH"}],"neow_cost":"NONE","seed_source_timestamp":44728971233400,"circlet_count":0,"master_deck":["Strike_G","Strike_G","Defend_G","Defend_G","Defend_G","Defend_G","Defend_G","Survivor","Neutralize","Dodge and Roll","Dash","Burst","Noxious Fumes","Well Laid Plans","Tools of the Trade+1","Accuracy","Accuracy","Glass Knife+1","Dagger Spray+1","Accuracy","Ghostly","Ghostly","Ghostly","Ghostly","Ghostly","Escape Plan","Phantasmal Killer+1","Cloak And Dagger+1","Footwork","Storm of Steel","Riddle With Holes+1","Deflect+1","Setup+1","Dodge and Roll+1","Blade Dance"],"relics":["Ring of the Snake","NeowsBlessing","Art of War","FossilizedHelix","Calipers","Molten Egg 2","WristBlade","TwistedFunnel","Astrolabe","Snake Skull"],"potions_floor_usage":[6,18,33,33],"damage_taken":[{"damage":0,"enemies":"Jaw Worm","floor":1,"turns":1},{"damage":0,"enemies":"2 Louse","floor":3,"turns":1},{"damage":0,"enemies":"Cultist","floor":4,"turns":1},{"damage":52,"enemies":"Gremlin Nob","floor":6,"turns":7},{"damage":4,"enemies":"3 Sentries","floor":8,"turns":9},{"damage":0,"enemies":"2 Fungi Beasts","floor":11,"turns":4},{"damage":0,"enemies":"Exordium Wildlife","floor":14,"turns":7},{"damage":65,"enemies":"Hexaghost","floor":16,"turns":17},{"damage":21,"enemies":"3 Byrds","floor":18,"turns":6},{"damage":27,"enemies":"Shell Parasite","floor":20,"turns":9},{"damage":2,"enemies":"Snake Plant","floor":24,"turns":5},{"damage":0,"enemies":"3 Cultists","floor":28,"turns":6},{"damage":1,"enemies":"Centurion and Healer","floor":30,"turns":7},{"damage":24,"enemies":"Collector","floor":33,"turns":14},{"damage":0,"enemies":"3 Shapes","floor":35,"turns":7},{"damage":0,"enemies":"Orb Walker","floor":36,"turns":5},{"damage":62,"enemies":"Giant Head","floor":40,"turns":8}],"seed_played":"1380462069538194845","potions_obtained":[{"floor":3,"key":"AttackPotion"},{"floor":16,"key":"Poison Potion"},{"floor":18,"key":"Explosive Potion"},{"floor":30,"key":"Swift Potion"}],"is_trial":false,"path_per_floor":["M","?","M","M","$","E","R","E","T","?","M","?","R","M","R","B",null,"M","$","M","?","?","R","M","?","T","?","M","R","M","$","R","B",null,"M","M","?","?","T","E"],"character_chosen":"THE_SILENT","items_purchased":["Noxious Fumes","Accuracy","TwistedFunnel","Footwork"],"campfire_rested":3,"item_purchase_floors":[5,19,19,31],"current_hp_per_floor":[70,70,70,70,70,18,39,35,35,35,35,24,45,45,66,1,53,32,32,5,5,35,35,33,33,33,33,33,33,32,32,32,8,28,28,28,28,28,28,0],"gold":210,"neow_bonus":"THREE_ENEMY_KILL","is_prod":false,"is_daily":false,"chose_seed":false,"campfire_upgraded":2,"win_rate":0,"timestamp":1562521152,"path_taken":["M","?","M","M","$","E","R","E","T","?","?","?","R","M","R","BOSS","M","$","M","?","?","R","?","?","T","?","M","R","M","$","R","BOSS","M","M","?","?","?","E"],"build_version":"2019-07-05","purchased_purges":1,"victory":false,"max_hp_per_floor":[70,70,70,70,70,70,70,70,70,70,70,70,70,70,70,70,70,70,70,70,35,35,35,35,35,35,35,35,35,35,35,35,35,35,35,35,35,33,33,33],"card_choices":[{"not_picked":["Dagger Throw","Masterful Stab"],"picked":"Dodge and Roll","floor":1},{"not_picked":["Well Laid Plans","Poisoned Stab"],"picked":"Dash","floor":3},{"not_picked":["Prepared","Dagger Spray"],"picked":"Burst","floor":4},{"not_picked":["Riddle With Holes","Deadly Poison"],"picked":"Well Laid Plans","floor":6},{"not_picked":["Slice","Deadly Poison"],"picked":"Tools of the Trade","floor":8},{"not_picked":["Calculated Gamble","Skewer+1"],"picked":"Accuracy","floor":11},{"not_picked":["Distraction","Dodge and Roll"],"picked":"Accuracy","floor":14},{"not_picked":["Night Terror","Grand Finale+1"],"picked":"Glass Knife+1","floor":16},{"not_picked":["Choke+1","Flying Knee+1"],"picked":"Dagger Spray+1","floor":18},{"not_picked":["Eviscerate+1","Backflip","Dagger Throw+1"],"picked":"SKIP","floor":20},{"not_picked":["Poisoned Stab+1","Expertise"],"picked":"Escape Plan","floor":24},{"not_picked":["Concentrate","Sucker Punch+1"],"picked":"Phantasmal Killer","floor":28},{"not_picked":["Deflect","Caltrops"],"picked":"Cloak And Dagger","floor":30},{"not_picked":["Wraith Form v2","Glass Knife+1"],"picked":"Storm of Steel","floor":33},{"not_picked":["Prepared+1","Dagger Spray+1"],"picked":"Dodge and Roll+1","floor":35},{"not_picked":["Eviscerate+1","Dagger Spray+1"],"picked":"Blade Dance","floor":36}],"player_experience":651281,"relics_obtained":[{"floor":6,"key":"FossilizedHelix"},{"floor":8,"key":"Calipers"},{"floor":9,"key":"Molten Egg 2"},{"floor":39,"key":"Snake Skull"}],"event_choices":[{"damage_healed":0,"gold_gain":0,"player_choice":"Box","damage_taken":0,"relics_obtained":["Art of War"],"max_hp_gain":0,"max_hp_loss":0,"event_name":"Big Fish","floor":2,"gold_loss":0,"cards_obtained":["Regret"]},{"damage_healed":0,"gold_gain":0,"player_choice":"Forge","damage_taken":0,"max_hp_gain":0,"max_hp_loss":0,"event_name":"Accursed Blacksmith","floor":10,"gold_loss":0,"cards_upgraded":["Tools of the Trade"]},{"damage_healed":0,"gold_gain":75,"player_choice":"Gather Gold","damage_taken":11,"max_hp_gain":0,"max_hp_loss":0,"event_name":"World of Goop","floor":12,"gold_loss":0},{"damage_healed":0,"gold_gain":0,"player_choice":"Became a Ghost","damage_taken":0,"max_hp_gain":0,"max_hp_loss":35,"event_name":"Ghosts","floor":21,"gold_loss":0,"cards_obtained":["Ghostly","Ghostly","Ghostly","Ghostly","Ghostly"]},{"damage_healed":30,"gold_gain":0,"player_choice":"Full Heal","damage_taken":0,"max_hp_gain":0,"max_hp_loss":0,"event_name":"Wheel of Change","floor":22,"gold_loss":0},{"damage_healed":0,"gold_gain":0,"player_choice":"Ignored","damage_taken":0,"max_hp_gain":0,"max_hp_loss":0,"event_name":"Vampires","floor":25,"gold_loss":0},{"damage_healed":0,"gold_gain":0,"player_choice":"Ignored","damage_taken":0,"max_hp_gain":0,"max_hp_loss":0,"event_name":"Cursed Tome","floor":27,"gold_loss":0},{"damage_healed":0,"gold_gain":0,"player_choice":"Ignored","damage_taken":0,"max_hp_gain":0,"max_hp_loss":0,"event_name":"Mysterious Sphere","floor":37,"gold_loss":0},{"damage_healed":0,"gold_gain":0,"player_choice":"Max HP","damage_taken":0,"max_hp_gain":0,"max_hp_loss":2,"event_name":"Winding Halls","floor":38,"gold_loss":0}],"is_beta":false,"boss_relics":[{"not_picked":["Runic Pyramid","Tiny House"],"picked":"WristBlade"},{"not_picked":["HoveringKite","Runic Dome"],"picked":"Astrolabe"}],"items_purged_floors":[5],"is_endless":false,"potions_floor_spawned":[3,16,18,30],"killed_by":"Giant Head","ascension_level":5}