{"gold_per_floor":[112,62,62,77,77,77,106,106,129,129,140,120,135,154,154,154],"floor_reached":16,"playtime":615,"items_purged":[],"score":100,"play_id":"42e202ed-1b36-4dc7-a5fd-502420a18505","local_time":"20190710112509","is_ascension_mode":false,"campfire_choices":[{"data":"Armaments","floor":6,"key":"SMITH"},{"data":"Bash","floor":8,"key":"SMITH"},{"data":"Dropkick","floor":10,"key":"SMITH"},{"floor":15,"key":"REST"}],"neow_cost":"CURSE","seed_source_timestamp":77302077038440,"circlet_count":0,"master_deck":["Strike_R","Strike_R","Strike_R","Strike_R","Defend_R","Defend_R","Defend_R","Defend_R","Bash+1","Finesse","Jack Of All Trades","Doubt","Armaments+1","Dropkick+1","Regret","Dark Embrace+1","Intimidate"],"relics":["Burning Blood","Frozen Egg 2","Bag of Preparation","Oddly Smooth Stone"],"potions_floor_usage":[16,16,16],"damage_taken":[{"damage":5,"enemies":"2 Louse","floor":1,"turns":4},{"damage":3,"enemies":"Cultist","floor":4,"turns":4},{"damage":56,"enemies":"Lagavulin","floor":7,"turns":9},{"damage":6,"enemies":"Jaw Worm","floor":11,"turns":4},{"damage":3,"enemies":"Red Slaver","floor":13,"turns":5},{"damage":11,"enemies":"Blue Slaver","floor":14,"turns":4},{"damage":74,"enemies":"Hexaghost","floor":16,"turns":14}],"seed_played":"5831084494181543217","potions_obtained":[{"floor":1,"key":"Dexterity Potion"},{"floor":4,"key":"BloodPotion"},{"floor":12,"key":"Energy Potion"}],"is_trial":false,"path_per_floor":["M","?","$","M","?","R","E","R","T","R","M","?","M","M","R","B"],"character_chosen":"IRONCLAD","items_purchased":[],"campfire_rested":1,"item_purchase_floors":[],"current_hp_per_floor":[80,80,80,80,80,80,30,30,30,30,30,30,33,28,52,0],"gold":154,"neow_bonus":"RANDOM_COLORLESS_2","is_prod":false,"is_daily":false,"chose_seed":false,"campfire_upgraded":3,"win_rate":0,"timestamp":1562750709,"path_taken":["M","?","$","M","?","R","E","R","T","R","M","?","M","M","R","BOSS"],"build_version":"2019-07-05","purchased_purges":0,"victory":false,"max_hp_per_floor":[80,80,80,80,80,80,80,80,80,80,80,80,80,80,80,80],"card_choices":[{"not_picked":["Corruption","Cleave"],"picked":"Armaments","floor":1},{"not_picked":["Warcry","Anger"],"picked":"Dropkick","floor":4},{"not_picked":["Blood for Blood","Uppercut"],"picked":"Dark Embrace+1","floor":7},{"not_picked":["Anger","Iron Wave","Perfected Strike"],"picked":"SKIP","floor":11},{"not_picked":["Reckless Charge","Power Through"],"picked":"Intimidate","floor":13},{"not_picked":["Havoc","Thunderclap","Wild Strike"],"picked":"SKIP","floor":14}],"player_experience":53038,"relics_obtained":[{"floor":7,"key":"Bag of Preparation"},{"floor":9,"key":"Oddly Smooth Stone"}],"event_choices":[{"cards_removed":["Strike_R"],"damage_healed":0,"gold_gain":0,"player_choice":"Card Removal","damage_taken":0,"max_hp_gain":0,"max_hp_loss":0,"event_name":"The Cleric","floor":2,"gold_loss":50},{"damage_healed":0,"gold_gain":0,"player_choice":"Box","damage_taken":0,"relics_obtained":["Frozen Egg 2"],"max_hp_gain":0,"max_hp_loss":0,"event_name":"Big Fish","floor":5,"gold_loss":0,"cards_obtained":["Regret"]},{"damage_healed":0,"gold_gain":0,"player_choice":"Bought 1 Potion","damage_taken":0,"max_hp_gain":0,"max_hp_loss":0,"event_name":"The Woman in Blue","floor":12,"gold_loss":0}],"is_beta":false,"boss_relics":[],"items_purged_floors":[],"is_endless":false,"potions_floor_spawned":[1,4,14],"killed_by":"Hexaghost","ascension_level":0}