{"gold_per_floor":[115,115,125,145,145,145,171,171,171,83,83,8,27,60,60,156,156,131,131,141,101,112,112],"floor_reached":23,"playtime":1032,"items_purged":["Defend_B"],"score":259,"play_id":"60c74730-d0e5-4ce5-9733-5059c785e017","local_time":"20190403155204","is_ascension_mode":true,"campfire_choices":[{"floor":6,"key":"REST"},{"floor":8,"key":"RECALL"},{"data":"White Noise","floor":11,"key":"SMITH"},{"floor":15,"key":"REST"}],"neow_cost":"NONE","seed_source_timestamp":28718862295100,"circlet_count":0,"master_deck":["Strike_B","Strike_B","Strike_B","Defend_B","Defend_B","Defend_B","Zap","Dualcast","Creative AI+1","White Noise+1","Reprogram","Redo","Coolheaded","Capacitor","Capacitor","Reboot","Steam","Darkness+1"],"relics":["Cracked Core","Question Card","Happy Flower","Kunai","Lantern","Nuclear Battery"],"potions_floor_usage":[7,7,20,20,23],"damage_taken":[{"damage":8,"enemies":"Jaw Worm","floor":1,"turns":4},{"damage":1,"enemies":"Cultist","floor":3,"turns":4},{"damage":6,"enemies":"2 Louse","floor":4,"turns":3},{"damage":19,"enemies":"3 Sentries","floor":7,"turns":8},{"damage":12,"enemies":"Blue Slaver","floor":13,"turns":4},{"damage":24,"enemies":"Lagavulin","floor":14,"turns":6},{"damage":21,"enemies":"Slime Boss","floor":16,"turns":10},{"damage":47,"enemies":"2 Thieves","floor":18,"turns":5},{"damage":26,"enemies":"3 Byrds","floor":20,"turns":4},{"damage":9,"enemies":"Snecko","floor":22,"turns":10},{"damage":8,"enemies":"Centurion and Healer","floor":23,"turns":1}],"seed_played":"-5283318780609835133","potions_obtained":[{"floor":1,"key":"EssenceOfSteel"},{"floor":4,"key":"EssenceOfSteel"},{"floor":13,"key":"Strength Potion"},{"floor":16,"key":"FocusPotion"},{"floor":22,"key":"GamblersBrew"}],"is_trial":false,"path_per_floor":["M","?","M","M","?","R","E","R","T","?","R","$","M","E","R","B",null,"M","?","M","?","M","M"],"character_chosen":"DEFECT","items_purchased":[],"campfire_rested":2,"item_purchase_floors":[],"current_hp_per_floor":[60,60,59,53,46,68,49,49,49,49,49,49,37,13,35,14,60,13,38,12,12,3,0],"gold":112,"neow_bonus":"ONE_RANDOM_RARE_CARD","is_prod":false,"is_daily":false,"chose_seed":false,"campfire_upgraded":1,"win_rate":0,"timestamp":1554295924,"path_taken":["M","?","?","?","?","R","E","R","T","?","R","$","?","E","R","BOSS","M","?","M","?","?","M"],"build_version":"2019-01-23","purchased_purges":1,"victory":false,"max_hp_per_floor":[75,75,75,75,75,75,75,75,75,75,75,75,75,75,75,75,75,75,75,75,75,75,75],"card_choices":[{"not_picked":["Sunder","Cold Snap"],"picked":"White Noise","floor":1},{"not_picked":["Barrage","Go for the Eyes","Scrape"],"picked":"SKIP","floor":3},{"not_picked":["Hologram","FTL"],"picked":"Redo","floor":4},{"not_picked":["Rip and Tear","Sunder","Conserve Battery"],"picked":"Coolheaded","floor":7},{"not_picked":["Recycle","Barrage","Undo"],"picked":"Capacitor","floor":13},{"not_picked":["Rebound","Cold Snap","Go for the Eyes"],"picked":"Capacitor","floor":14},{"not_picked":["Biased Cognition","Multi-Cast","Amplify"],"picked":"Reboot","floor":16},{"not_picked":["Go for the Eyes","Barrage","Skim+1"],"picked":"Steam","floor":18},{"not_picked":["Turbo","Fusion","Sunder"],"picked":"Darkness+1","floor":20},{"not_picked":["Coolheaded","Turbo","Gash","Rebound+1"],"picked":"SKIP","floor":22}],"player_experience":517442,"relics_obtained":[{"floor":7,"key":"Happy Flower"},{"floor":14,"key":"Lantern"}],"event_choices":[{"damage_healed":0,"gold_gain":0,"cards_transformed":["Strike_B"],"player_choice":"Transformed","damage_taken":0,"max_hp_gain":0,"max_hp_loss":0,"event_name":"Transmorgrifier","floor":2,"gold_loss":0,"cards_obtained":["Reprogram"]},{"damage_healed":0,"gold_gain":0,"player_choice":"Success","damage_taken":7,"relics_obtained":["Question Card"],"max_hp_gain":0,"max_hp_loss":0,"event_name":"Scrap Ooze","floor":5,"gold_loss":0},{"damage_healed":0,"gold_gain":0,"player_choice":"Paid Gold","damage_taken":0,"relics_obtained":["Kunai"],"max_hp_gain":0,"max_hp_loss":0,"event_name":"WeMeetAgain","floor":10,"gold_loss":88},{"damage_healed":25,"gold_gain":0,"player_choice":"Heal","damage_taken":0,"max_hp_gain":0,"max_hp_loss":0,"event_name":"The Library","floor":19,"gold_loss":0},{"damage_healed":0,"gold_gain":0,"player_choice":"Upgrade","damage_taken":0,"max_hp_gain":0,"max_hp_loss":0,"event_name":"Designer","floor":21,"gold_loss":40,"cards_upgraded":["Creative AI"]}],"is_beta":false,"boss_relics":[{"not_picked":["Lizard Tail","Runic Dome"],"picked":"Nuclear Battery"}],"items_purged_floors":[12],"is_endless":false,"potions_floor_spawned":[1,4,13,16,22],"killed_by":"Centurion and Healer","ascension_level":6}