{"gold_per_floor":[16,16,34,34,34,34,50,50,50,50,121,139,64,80,80,200,200,220,263,188,2,22,22,58,82,82,117,117,138,172,196,196,327,327,348,15,290,308,323,323,323,545,570,594,613,613,25,50,50,50],"floor_reached":50,"playtime":2041,"items_purged":["Defend_B","Defend_B","Doubt"],"score":670,"play_id":"d97ac829-f044-4e6a-9b5d-db411e8d8936","local_time":"20180929195928","is_ascension_mode":true,"campfire_choices":[{"data":"Barrage","floor":6.0,"key":"SMITH"},{"floor":10.0,"key":"REST"},{"data":"Reboot","floor":15.0,"key":"SMITH"},{"data":"Echo Form","floor":23.0,"key":"SMITH"},{"floor":32.0,"key":"REST"},{"floor":40,"key":"REST"},{"floor":46,"key":"REST"},{"floor":49,"key":"REST"}],"neow_cost":"NO_GOLD","seed_source_timestamp":0,"circlet_count":0,"master_deck":["Strike_B","Strike_B","Strike_B","Defend_B+1","Zap+1","Dualcast+1","Barrage+1","Hologram","Melter","Reboot+1","Conserve Battery","Echo Form+1","Chill","Sweeping Beam+1","Capacitor","Chill","Fission+1","BootSequence+1","Rainbow+1","Conserve Battery+1","Regret","Defragment+1","Conserve Battery+1","Panacea+1"],"special_seed":0,"relics":["Cracked Core","Incense Burner","Golden Idol","Happy Flower","Letter Opener","Sozu","Red Mask","Anchor","Dodecahedron","Toxic Egg 2","Lantern","Boot","Busted Crown","HandDrill","Potion Belt","Bag of Preparation","ClockworkSouvenir"],"potions_floor_usage":[],"damage_taken":[{"damage":4.0,"enemies":"2 Louse","floor":1.0,"turns":2.0},{"damage":1.0,"enemies":"Cultist","floor":3.0,"turns":3.0},{"damage":0.0,"enemies":"Small Slimes","floor":7.0,"turns":2.0},{"damage":3.0,"enemies":"3 Sentries","floor":11.0,"turns":5.0},{"damage":0.0,"enemies":"Looter","floor":12.0,"turns":1.0},{"damage":0.0,"enemies":"Gremlin Gang","floor":14.0,"turns":4.0},{"damage":38.0,"enemies":"Hexaghost","floor":16.0,"turns":12.0},{"damage":7.0,"enemies":"3 Byrds","floor":18.0,"turns":3.0},{"damage":9.0,"enemies":"Masked Bandits","floor":19.0,"turns":4.0},{"damage":0.0,"enemies":"Shell Parasite","floor":22.0,"turns":2.0},{"damage":12.0,"enemies":"Gremlin Leader","floor":24.0,"turns":4.0},{"damage":9.0,"enemies":"Snake Plant","floor":25.0,"turns":3.0},{"damage":11.0,"enemies":"Slavers","floor":27.0,"turns":4.0},{"damage":6.0,"enemies":"Colosseum Slavers","floor":28.0,"turns":3.0},{"damage":0.0,"enemies":"Centurion and Healer","floor":29.0,"turns":4.0},{"damage":0.0,"enemies":"Gremlin Leader","floor":30.0,"turns":5.0},{"damage":0.0,"enemies":"Shelled Parasite and Fungi","floor":31.0,"turns":2.0},{"damage":18,"enemies":"Automaton","floor":33,"turns":8},{"damage":12,"enemies":"3 Shapes","floor":35,"turns":3},{"damage":18,"enemies":"3 Darklings","floor":38,"turns":4},{"damage":40,"enemies":"Maw","floor":39,"turns":6},{"damage":8,"enemies":"Spire Growth","floor":44,"turns":4},{"damage":52,"enemies":"Transient","floor":45,"turns":5},{"damage":23,"enemies":"Maw","floor":48,"turns":6},{"damage":40,"enemies":"Awakened One","floor":50,"turns":5}],"seed_played":"7019421052711946062","potions_obtained":[{"floor":1.0,"key":"EntropicBrew"},{"floor":7.0,"key":"SkillPotion"},{"floor":11.0,"key":"Weak Potion"},{"floor":12.0,"key":"EssenceOfSteel"},{"floor":16.0,"key":"Explosive Potion"}],"is_trial":false,"path_per_floor":["M","?","M","?","?","R","M","?","T","R","?","M","$","M","R","B",null,"M","?","?","$","M","R","E","M","T","E","?","M","E","M","R","B",null,"M","$","?","M","M","R","?","?","T","M","M","R","$","M","R"],"character_chosen":"DEFECT","items_purchased":["Capacitor","Anchor","Conserve Battery+1","HandDrill","Bag of Preparation","ClockworkSouvenir","Conserve Battery+1","Panacea+1"],"campfire_rested":5,"item_purchase_floors":[21,21,36,36,47,47,47,47],"current_hp_per_floor":[71,71,70,70,52,52,52,37,37,59,56,56,56,56,56,18,75,68,59,59,59,59,59,47,38,38,27,21,21,21,21,43,25,75,63,63,63,45,5,27,75,75,75,67,15,37,37,14,36,0],"gold":50,"neow_bonus":"ONE_RARE_RELIC","is_prod":false,"is_daily":false,"chose_seed":false,"campfire_upgraded":3,"win_rate":0,"timestamp":1538240368,"path_taken":["M","?","?","?","?","R","M","?","T","R","?","M","$","M","R","BOSS","M","?","?","$","?","R","E","?","T","E","?","M","E","M","R","BOSS","M","$","?","M","M","R","?","?","T","M","M","R","$","?","R","BOSS"],"build_version":"2018-09-27","purchased_purges":3,"victory":false,"max_hp_per_floor":[75,75,75,75,75,75,75,75,75,75,75,75,75,75,75,75,75,75,75,75,75,75,75,75,75,75,75,75,75,75,75,75,75,75,75,75,75,75,75,75,75,75,75,75,75,75,75,75,75,75],"card_choices":[{"not_picked":["Scrape","Leap"],"picked":"Barrage","floor":1.0},{"not_picked":["Redo","Ball Lightning"],"picked":"Hologram","floor":3.0},{"not_picked":["Scrape","Storm"],"picked":"Melter","floor":7.0},{"not_picked":["Leap","Rip and Tear"],"picked":"Reboot","floor":11.0},{"not_picked":["Ball Lightning","Reinforced Body"],"picked":"Conserve Battery","floor":12.0},{"not_picked":["Leap","Undo","Sunder"],"picked":"SKIP","floor":14.0},{"not_picked":["Hyperbeam","Rainbow"],"picked":"Echo Form","floor":16.0},{"not_picked":["Ball Lightning+1","Go for the Eyes"],"picked":"Chill","floor":18.0},{"not_picked":["Coolheaded","Lockon"],"picked":"Sweeping Beam+1","floor":19.0},{"not_picked":["Gash+1","Streamline","Stack"],"picked":"SKIP","floor":22.0},{"not_picked":["Darkness+1","Biased Cognition"],"picked":"Chill","floor":24.0},{"not_picked":["Stack","Static Discharge","Glacier"],"picked":"SKIP","floor":25.0},{"not_picked":["Static Discharge","Gash","Rebound"],"picked":"SKIP","floor":27.0},{"not_picked":["Beam Cell","Rebound+1"],"picked":"Fission+1","floor":29.0},{"not_picked":["Heatsinks","FTL+1"],"picked":"BootSequence+1","floor":30.0},{"not_picked":["Hologram+1","Streamline+1","Steam+1"],"picked":"SKIP","floor":31.0},{"not_picked":["Thunder Strike","Machine Learning"],"picked":"Rainbow+1","floor":33},{"not_picked":["Hologram+1"],"picked":"SKIP","floor":35},{"not_picked":["Turbo+1"],"picked":"SKIP","floor":38},{"not_picked":["Ball Lightning+1"],"picked":"SKIP","floor":39},{"not_picked":["Hologram+1"],"picked":"SKIP","floor":44},{"not_picked":[],"picked":"Defragment+1","floor":45},{"not_picked":["Leap+1"],"picked":"SKIP","floor":48}],"player_experience":398616,"relics_obtained":[{"floor":9.0,"key":"Happy Flower"},{"floor":19.0,"key":"Red Mask"},{"floor":24.0,"key":"Dodecahedron"},{"floor":26.0,"key":"Toxic Egg 2"},{"floor":27.0,"key":"Lantern"},{"floor":30.0,"key":"Boot"},{"floor":43,"key":"Potion Belt"}],"event_choices":[{"event_name":"Purifier","player_choice":"One Purge","floor":2.0,"damage_taken":0.0},{"event_name":"Upgrade Shrine","player_choice":"Upgraded","floor":4.0,"damage_taken":0.0},{"event_name":"Golden Idol","player_choice":"Take Damage","floor":5.0,"damage_taken":0.0},{"event_name":"Shining Light","player_choice":"Entered Light","floor":8.0,"damage_taken":0.0},{"event_name":"Dead Adventurer","player_choice":"Searched \u00272\u0027 times","floor":11.0,"damage_taken":0.0},{"event_name":"Masked Bandits","player_choice":"Fought Bandits","floor":19.0,"damage_taken":0.0},{"event_name":"Beggar","player_choice":"Gave Gold","floor":20.0,"damage_taken":0.0},{"event_name":"Colosseum","player_choice":"Fight","floor":28.0,"damage_taken":0.0},{"event_name":"Colosseum","player_choice":"Fled From Nobs","floor":28.0,"damage_taken":0.0},{"event_name":"Golden Shrine","player_choice":"Desecrate","floor":37,"damage_taken":0},{"event_name":"MindBloom","player_choice":"Heal","floor":41,"damage_taken":0},{"event_name":"Tomb of Lord Red Mask","player_choice":"Wore Mask","floor":42,"damage_taken":0}],"is_beta":false,"boss_relics":[{"not_picked":["Astrolabe","Cursed Key"],"picked":"Sozu"},{"not_picked":["Empty Cage","White Beast Statue"],"picked":"Busted Crown"}],"items_purged_floors":[13,36,47],"is_endless":false,"potions_floor_spawned":[1,7,11,12,16,19,24,25,30,31,35,44,48],"killed_by":"Awakened One","ascension_level":4}