{"path_per_floor":["M","M","$","T","?","E","R","E","T","M","M","M"],"character_chosen":"DEFECT","items_purchased":[],"gold_per_floor":[117,129,129,129,129,158,158,187,187,200,213,227,197],"floor_reached":13,"campfire_rested":0,"playtime":485,"item_purchase_floors":[],"current_hp_per_floor":[74,74,74,74,74,47,47,26,26,26,21,10,0],"items_purged":[],"gold":197,"score":100,"play_id":"f3af4a4f-d475-4e88-ab15-0106b780b07c","local_time":"20180601101638","is_prod":false,"is_daily":false,"chose_seed":false,"is_ascension_mode":true,"campfire_upgraded":1,"win_rate":0.0,"timestamp":1527837398,"campfire_choices":[{"data":"Dualcast","floor":7,"key":"SMITH"}],"path_taken":["M","M","$","?","?","E","R","E","T","M","M","M","M"],"build_version":"2018-05-31","seed_source_timestamp":326526037879113,"purchased_purges":0,"victory":false,"master_deck":["Strike_B","Strike_B","Strike_B","Strike_B","Defend_B","Defend_B","Defend_B","Zap","Dualcast+1","Go for the Eyes","Doom and Gloom","Doom and Gloom","Tempest","Loop","Streamline","Amplify"],"max_hp_per_floor":[75,75,75,75,75,75,75,75,75,75,75,75,75],"relics":["Cracked Core","Blue Candle","Ancient Tea Set","Potion Belt","Matryoshka"],"card_choices":[{"not_picked":["Steam Power","Reprogram"],"picked":"Go for the Eyes","floor":1},{"not_picked":["Glacier","Heatsinks"],"picked":"Doom and Gloom","floor":2},{"not_picked":["Coolheaded","Skim"],"picked":"Doom and Gloom","floor":6},{"not_picked":["Darkness","Stack"],"picked":"Tempest","floor":8},{"not_picked":["Stack","Coolheaded"],"picked":"Loop","floor":10},{"not_picked":["Doom and Gloom","White Noise"],"picked":"Streamline","floor":11},{"not_picked":["Cold Snap","Leap"],"picked":"Amplify","floor":12}],"player_experience":250234,"potions_floor_usage":[2,10,11,13],"damage_taken":[{"damage":1,"enemies":"Cultist","floor":1,"turns":3},{"damage":0,"enemies":"Jaw Worm","floor":2,"turns":3},{"damage":27,"enemies":"3 Sentries","floor":6,"turns":6},{"damage":21,"enemies":"Gremlin Nob","floor":8,"turns":5},{"damage":0,"enemies":"2 Louse","floor":10,"turns":1},{"damage":5,"enemies":"Looter","floor":11,"turns":3},{"damage":11,"enemies":"2 Fungi Beasts","floor":12,"turns":3},{"damage":10,"enemies":"Exordium Thugs","floor":13,"turns":2}],"relics_obtained":[{"floor":4,"key":"Blue Candle"},{"floor":6,"key":"Ancient Tea Set"},{"floor":8,"key":"Potion Belt"},{"floor":9,"key":"Matryoshka"}],"event_choices":[{"event_name":"Purifier","player_choice":"One Purge","floor":5,"damage_taken":0}],"boss_relics":[],"items_purged_floors":[],"potions_floor_spawned":[1,6,8,12],"seed_played":"-6319798645577172021","killed_by":"Exordium Thugs","ascension_level":1,"potions_obtained":[{"floor":1,"key":"EssenceOfSteel"},{"floor":6,"key":"Explosive Potion"},{"floor":8,"key":"FocusPotion"},{"floor":12,"key":"Block Potion"}],"is_trial":false}