{"gold_per_floor":[365,365,383,31,44,44,75,75,75,89,108,140,140,168,168,272,272,288,308,308,320,245,245,279,298,349,349,366,366,394,413,413,508,508,528,528,547,566,566,566,596,615,665,677,677,692,709,83,83,83],"floor_reached":50,"playtime":2553,"items_purged":["Strike_G","Defend_G"],"score":711,"play_id":"d2c6918f-ca79-4cd7-b60c-4c5fdfb7f021","local_time":"20190710213759","is_ascension_mode":false,"campfire_choices":[{"data":"Infinite Blades","floor":6,"key":"SMITH"},{"data":"Tools of the Trade","floor":13,"key":"SMITH"},{"data":"Cloak And Dagger","floor":15,"key":"SMITH"},{"floor":23,"key":"RECALL"},{"data":"A Thousand Cuts","floor":27,"key":"SMITH"},{"data":"Blade Dance","floor":32,"key":"SMITH"},{"data":"Cloak And Dagger","floor":40,"key":"SMITH"},{"floor":45,"key":"REST"},{"floor":49,"key":"REST"}],"neow_cost":"TEN_PERCENT_HP_LOSS","seed_source_timestamp":30442791270554,"circlet_count":0,"master_deck":["Strike_G","Strike_G","Strike_G+1","Defend_G","Defend_G","Defend_G","Defend_G","Survivor","Neutralize","Infinite Blades+1","Accuracy","Heel Hook","Cloak And Dagger+1","Escape Plan","Backstab","PiercingWail","Cloak And Dagger+1","Footwork","Tools of the Trade+1","A Thousand Cuts+1","Blade Dance+1","Footwork","Outmaneuver+1","Expertise","Prepared+1","Storm of Steel","Die Die Die+1","Well Laid Plans+1","Acrobatics","Madness","Madness","PiercingWail+1","Outmaneuver+1","Backflip+1","Envenom","Parasite","Infinite Blades+1","Prepared+1","Noxious Fumes+1","Crippling Poison+1","Mayhem"],"relics":["Ring of the Serpent","Ornamental Fan","Ginger","Mercury Hourglass","Prayer Wheel","Mummified Hand","Kunai","WristBlade","MutagenicStrength","Pen Nib","Snake Skull","Paper Crane","Girya","Whetstone","OrangePellets","Oddly Smooth Stone"],"potions_floor_usage":[7,7,12,18,30,46],"damage_taken":[{"damage":0,"enemies":"2 Louse","floor":1,"turns":3},{"damage":0,"enemies":"Cultist","floor":3,"turns":5},{"damage":0,"enemies":"Small Slimes","floor":5,"turns":3},{"damage":8,"enemies":"3 Sentries","floor":7,"turns":7},{"damage":0,"enemies":"2 Fungi Beasts","floor":10,"turns":3},{"damage":2,"enemies":"Red Slaver","floor":11,"turns":3},{"damage":5,"enemies":"Lagavulin","floor":12,"turns":7},{"damage":0,"enemies":"3 Sentries","floor":14,"turns":5},{"damage":0,"enemies":"Hexaghost","floor":16,"turns":11},{"damage":0,"enemies":"2 Thieves","floor":18,"turns":3},{"damage":0,"enemies":"Chosen","floor":19,"turns":3},{"damage":0,"enemies":"Snecko","floor":21,"turns":3},{"damage":0,"enemies":"Gremlin Leader","floor":24,"turns":7},{"damage":8,"enemies":"Chosen and Byrds","floor":25,"turns":5},{"damage":0,"enemies":"3 Cultists","floor":28,"turns":3},{"damage":0,"enemies":"Book of Stabbing","floor":30,"turns":4},{"damage":0,"enemies":"Snecko","floor":31,"turns":3},{"damage":11,"enemies":"Automaton","floor":33,"turns":7},{"damage":0,"enemies":"3 Shapes","floor":35,"turns":2},{"damage":0,"enemies":"Orb Walker","floor":37,"turns":3},{"damage":5,"enemies":"Transient","floor":38,"turns":5},{"damage":29,"enemies":"Reptomancer","floor":41,"turns":6},{"damage":0,"enemies":"3 Darklings","floor":42,"turns":4},{"damage":10,"enemies":"Writhing Mass","floor":44,"turns":5},{"damage":4,"enemies":"Spire Growth","floor":46,"turns":4},{"damage":0,"enemies":"Jaw Worm Horde","floor":47,"turns":3},{"damage":44,"enemies":"Awakened One","floor":50,"turns":3}],"seed_played":"-5231624969444787976","potions_obtained":[{"floor":1,"key":"Dexterity Potion"},{"floor":7,"key":"GhostInAJar"},{"floor":11,"key":"Weak Potion"},{"floor":16,"key":"GamblersBrew"},{"floor":25,"key":"AttackPotion"},{"floor":28,"key":"FearPotion"},{"floor":30,"key":"Fire Potion"},{"floor":41,"key":"PowerPotion"},{"floor":46,"key":"LiquidBronze"}],"is_trial":false,"path_per_floor":["M","?","M","$","M","R","E","?","T","M","M","E","R","E","R","B",null,"M","M","?","M","$","R","E","M","T","R","M","?","E","M","R","B",null,"M","?","M","M","?","R","E","M","T","M","R","M","M","$","R","B"],"character_chosen":"THE_SILENT","items_purchased":["Ornamental Fan","PowerPotion","Cloak And Dagger","OrangePellets","Oddly Smooth Stone","Mayhem"],"campfire_rested":2,"item_purchase_floors":[4,4,4,48,48,48],"current_hp_per_floor":[63,63,63,63,63,63,55,52,52,52,50,45,45,45,45,45,63,63,63,63,63,63,63,63,55,55,55,55,55,55,55,55,44,63,63,55,55,50,50,50,21,21,21,11,29,25,25,25,43,0],"gold":83,"neow_bonus":"TWO_FIFTY_GOLD","is_prod":false,"is_daily":false,"chose_seed":false,"campfire_upgraded":6,"win_rate":0,"timestamp":1562787479,"path_taken":["M","?","?","$","M","R","E","?","T","M","M","E","R","E","R","BOSS","M","M","?","M","$","R","E","M","T","R","M","?","E","?","R","BOSS","M","?","M","M","?","R","E","?","T","M","R","M","M","$","R","BOSS"],"build_version":"2019-07-05","purchased_purges":2,"victory":false,"max_hp_per_floor":[63,63,63,63,63,63,63,63,63,63,63,63,63,63,63,63,63,63,63,63,63,63,63,63,63,63,63,63,63,63,63,63,63,63,63,63,63,63,63,63,63,63,63,63,63,63,63,63,63,63],"card_choices":[{"not_picked":["Accuracy","Flying Knee"],"picked":"Infinite Blades","floor":1},{"not_picked":["Dodge and Roll","Endless Agony"],"picked":"Heel Hook","floor":3},{"not_picked":["Dagger Throw","Dagger Spray","Quick Slash"],"picked":"SKIP","floor":5},{"not_picked":["Poisoned Stab","Skewer"],"picked":"Escape Plan","floor":7},{"not_picked":["Accuracy","Blur"],"picked":"Backstab","floor":10},{"not_picked":["Masterful Stab","Flying Knee"],"picked":"PiercingWail","floor":10},{"not_picked":["Dagger Throw","Acrobatics"],"picked":"Cloak And Dagger","floor":11},{"not_picked":["Terror","Acrobatics"],"picked":"Footwork","floor":11},{"not_picked":["PiercingWail","Poisoned Stab"],"picked":"Tools of the Trade","floor":12},{"not_picked":["Quick Slash","Bouncing Flask","Predator"],"picked":"SKIP","floor":14},{"not_picked":["Doppelganger","Adrenaline"],"picked":"A Thousand Cuts","floor":16},{"not_picked":["Predator","PiercingWail"],"picked":"Blade Dance","floor":18},{"not_picked":["Underhanded Strike","Dodge and Roll","Sucker Punch"],"picked":"SKIP","floor":18},{"not_picked":["Cloak And Dagger","Expertise+1"],"picked":"Footwork","floor":19},{"not_picked":["Dagger Spray","Acrobatics","Dagger Throw"],"picked":"SKIP","floor":19},{"not_picked":["Acrobatics+1","Deadly Poison"],"picked":"Prepared","floor":21},{"not_picked":["Dagger Spray","Flying Knee"],"picked":"Outmaneuver+1","floor":21},{"not_picked":["Deadly Poison","Predator","PiercingWail"],"picked":"SKIP","floor":24},{"not_picked":["PiercingWail+1","Skewer+1"],"picked":"Expertise","floor":25},{"not_picked":["Leg Sweep","Bouncing Flask+1","PiercingWail"],"picked":"SKIP","floor":25},{"not_picked":["Bouncing Flask","Slice"],"picked":"Prepared+1","floor":28},{"not_picked":["All Out Attack","Underhanded Strike+1","Dagger Spray"],"picked":"SKIP","floor":28},{"not_picked":["Riddle With Holes","Catalyst+1"],"picked":"Storm of Steel","floor":30},{"not_picked":["Bane","Dagger Spray","Deflect"],"picked":"SKIP","floor":31},{"not_picked":["Dodge and Roll","Malaise","Poisoned Stab"],"picked":"SKIP","floor":31},{"not_picked":["Grand Finale","Wraith Form v2"],"picked":"Die Die Die","floor":33},{"not_picked":["Cloak And Dagger","Slice"],"picked":"Well Laid Plans+1","floor":35},{"not_picked":["Dagger Throw","Prepared+1"],"picked":"Acrobatics","floor":35},{"not_picked":["Underhanded Strike+1","Bane"],"picked":"PiercingWail+1","floor":37},{"not_picked":["Flying Knee","Leg Sweep"],"picked":"Outmaneuver+1","floor":37},{"not_picked":["Grand Finale","Tactician+1"],"picked":"Backflip+1","floor":38},{"not_picked":["Catalyst+1","Dodge and Roll","Sucker Punch+1"],"picked":"SKIP","floor":38},{"not_picked":["Cloak And Dagger","Dagger Spray","Quick Slash"],"picked":"SKIP","floor":41},{"not_picked":["PiercingWail+1","Deflect"],"picked":"Envenom","floor":42},{"not_picked":["Endless Agony+1","Masterful Stab+1","Cloak And Dagger"],"picked":"SKIP","floor":42},{"not_picked":["Setup","Flying Knee"],"picked":"Infinite Blades+1","floor":44},{"not_picked":["Expertise+1","Deflect"],"picked":"Prepared+1","floor":44},{"not_picked":["Acrobatics","Cloak And Dagger+1"],"picked":"Noxious Fumes+1","floor":46},{"not_picked":["Flying Knee+1","Dagger Throw+1","Poisoned Stab+1"],"picked":"SKIP","floor":46},{"not_picked":["Tactician","Poisoned Stab+1"],"picked":"Crippling Poison+1","floor":47},{"not_picked":["Outmaneuver","Sucker Punch","Flying Knee"],"picked":"SKIP","floor":47}],"player_experience":69524,"relics_obtained":[{"floor":7,"key":"Ginger"},{"floor":9,"key":"Prayer Wheel"},{"floor":12,"key":"Mummified Hand"},{"floor":14,"key":"Kunai"},{"floor":24,"key":"Pen Nib"},{"floor":30,"key":"Paper Crane"},{"floor":41,"key":"Girya"},{"floor":43,"key":"Whetstone"}],"event_choices":[{"damage_healed":0,"gold_gain":0,"cards_transformed":["Strike_G"],"player_choice":"Transformed","damage_taken":0,"max_hp_gain":0,"max_hp_loss":0,"event_name":"Transmorgrifier","floor":2,"gold_loss":0,"cards_obtained":["Accuracy"]},{"damage_healed":0,"gold_gain":0,"player_choice":"Success","damage_taken":3,"relics_obtained":["Mercury Hourglass"],"max_hp_gain":0,"max_hp_loss":0,"event_name":"Scrap Ooze","floor":8,"gold_loss":0},{"damage_healed":0,"gold_gain":0,"player_choice":"Inject Mutagens","damage_taken":0,"relics_obtained":["MutagenicStrength"],"max_hp_gain":0,"max_hp_loss":0,"event_name":"Drug Dealer","floor":20,"gold_loss":0},{"cards_removed":["Prepared"],"damage_healed":0,"gold_gain":0,"player_choice":"Gave Card","damage_taken":0,"relics_obtained":["Snake Skull"],"max_hp_gain":0,"max_hp_loss":0,"event_name":"WeMeetAgain","floor":29,"gold_loss":0},{"damage_healed":0,"gold_gain":0,"player_choice":"Embrace Madness","damage_taken":8,"max_hp_gain":0,"max_hp_loss":0,"event_name":"Winding Halls","floor":36,"gold_loss":0,"cards_obtained":["Madness","Madness"]},{"damage_healed":0,"gold_gain":0,"player_choice":"Ignored","damage_taken":0,"max_hp_gain":0,"max_hp_loss":0,"event_name":"Tomb of Lord Red Mask","floor":39,"gold_loss":0}],"is_beta":false,"boss_relics":[{"not_picked":["Velvet Choker","Astrolabe"],"picked":"WristBlade"},{"not_picked":["Tiny House","Cursed Key"],"picked":"Ring of the Serpent"}],"items_purged_floors":[22,48],"is_endless":false,"potions_floor_spawned":[1,7,11,16,25,28,30,41,42,46],"killed_by":"Awakened One","ascension_level":0}