{"gold_per_floor":[118,193,206,206,14,14,47,64,64,119,179,152,152,164,164,265,265,277,277,69,80,3,31,31,43,95,125,125,50,50,69,69,172,172,188,203,203,219,441,441,469,480,480,27,27],"floor_reached":45,"playtime":2246,"items_purged":["Regret","Shame"],"score":574,"play_id":"f1eb6834-d943-4ea1-91a5-1342e8569988","local_time":"20190628230009","is_ascension_mode":true,"campfire_choices":[{"data":"Neutralize","floor":6,"key":"SMITH"},{"floor":15,"key":"REST"},{"floor":24,"key":"REST"},{"floor":28,"key":"REST"},{"floor":30,"key":"REST"},{"floor":32,"key":"RECALL"},{"floor":40,"key":"REST"}],"neow_cost":"NONE","seed_source_timestamp":54662126969400,"circlet_count":0,"master_deck":["Defend_G","Defend_G","Defend_G","Defend_G","Strike_G","Strike_G","Strike_G","Strike_G","Strike_G","Survivor","Neutralize+1","Riddle With Holes","Backflip","Riddle With Holes","Footwork","Die Die Die+1","Backflip+1","Outmaneuver+1","PiercingWail+1","Bouncing Flask+1","Die Die Die","Backflip+1","Backstab","Crippling Poison+1","Dodge and Roll+1","Dodge and Roll+1","Backstab","Expertise+1","Envenom","Choke+1","Well Laid Plans+1","Dodge and Roll+1","Cloak And Dagger+1","Die Die Die"],"relics":["White Beast Statue","Toxic Egg 2","Blood Vial","Question Card","Cursed Key","Nilry\u0027s Codex","Medical Kit","Kunai","Boot","Red Mask","Philosopher\u0027s Stone","Blue Candle","Meat on the Bone","TwistedFunnel","Lantern"],"potions_floor_usage":[3,7,10,10,14,16,18,23,23,25,27,33,33,36,36,38,41,45,45],"damage_taken":[{"damage":8,"enemies":"Jaw Worm","floor":1,"turns":6},{"damage":8,"enemies":"Small Slimes","floor":3,"turns":3},{"damage":13,"enemies":"3 Sentries","floor":7,"turns":9},{"damage":5,"enemies":"2 Louse","floor":8,"turns":2},{"damage":11,"enemies":"3 Sentries","floor":10,"turns":8},{"damage":2,"enemies":"Large Slime","floor":14,"turns":7},{"damage":13,"enemies":"Hexaghost","floor":16,"turns":11},{"damage":4,"enemies":"Shell Parasite","floor":18,"turns":4},{"damage":12,"enemies":"Chosen","floor":21,"turns":3},{"damage":18,"enemies":"Slavers","floor":23,"turns":6},{"damage":11,"enemies":"Shelled Parasite and Fungi","floor":25,"turns":5},{"damage":7,"enemies":"Masked Bandits","floor":27,"turns":4},{"damage":6,"enemies":"3 Cultists","floor":31,"turns":5},{"damage":56,"enemies":"Automaton","floor":33,"turns":10},{"damage":6,"enemies":"Orb Walker","floor":35,"turns":2},{"damage":4,"enemies":"3 Darklings","floor":36,"turns":4},{"damage":21,"enemies":"Maw","floor":38,"turns":6},{"damage":46,"enemies":"Nemesis","floor":41,"turns":8},{"damage":1,"enemies":"4 Shapes","floor":42,"turns":3},{"damage":43,"enemies":"Giant Head","floor":45,"turns":6}],"seed_played":"3544305238472866483","potions_obtained":[{"floor":1,"key":"LiquidBronze"},{"floor":3,"key":"AttackPotion"},{"floor":7,"key":"SkillPotion"},{"floor":8,"key":"GamblersBrew"},{"floor":10,"key":"PowerPotion"},{"floor":14,"key":"LiquidBronze"},{"floor":16,"key":"SkillPotion"},{"floor":18,"key":"Dexterity Potion"},{"floor":21,"key":"Fire Potion"},{"floor":23,"key":"SpeedPotion"},{"floor":25,"key":"Swift Potion"},{"floor":27,"key":"Regen Potion"},{"floor":31,"key":"FearPotion"},{"floor":33,"key":"Fire Potion"},{"floor":35,"key":"EssenceOfSteel"},{"floor":36,"key":"Fire Potion"},{"floor":38,"key":"Regen Potion"},{"floor":41,"key":"EssenceOfSteel"},{"floor":42,"key":"GamblersBrew"}],"is_trial":false,"path_per_floor":["M","?","M","?","$","R","E","M","T","?","?","$","?","M","R","B",null,"M","?","$","M","$","E","R","M","T","?","R","?","R","M","R","B",null,"M","M","?","M","?","R","E","M","T","$","E"],"character_chosen":"THE_SILENT","items_purchased":["Riddle With Holes","Footwork","PiercingWail+1","Medical Kit","Crippling Poison+1","TwistedFunnel","Lantern"],"campfire_rested":5,"item_purchase_floors":[5,5,12,20,22,44,44],"current_hp_per_floor":[62,51,43,43,43,43,30,27,27,18,18,18,18,18,39,28,60,58,42,42,32,32,16,37,28,28,23,44,44,65,61,61,22,58,54,52,52,33,33,54,25,26,26,26,0],"gold":27,"neow_bonus":"BOSS_RELIC","is_prod":false,"is_daily":false,"chose_seed":false,"campfire_upgraded":1,"win_rate":0,"timestamp":1561752009,"path_taken":["M","?","M","?","$","R","E","?","T","?","?","$","?","M","R","BOSS","M","?","$","M","$","E","R","M","T","?","R","?","R","M","R","BOSS","M","M","?","?","?","R","E","M","T","$","E"],"build_version":"2019-01-23","purchased_purges":2,"victory":false,"max_hp_per_floor":[70,70,70,70,70,70,70,70,70,70,70,70,70,70,70,70,70,70,70,70,70,70,70,70,70,70,70,70,70,70,70,70,70,70,70,70,70,70,70,70,70,70,70,70,70],"card_choices":[{"not_picked":["Sucker Punch","Slice"],"picked":"Riddle With Holes","floor":1},{"not_picked":["Acrobatics","Prepared"],"picked":"Backflip","floor":3},{"not_picked":["Underhanded Strike","Predator"],"picked":"Die Die Die","floor":7},{"not_picked":["Dagger Spray","Cloak And Dagger+1"],"picked":"Backflip+1","floor":8},{"not_picked":["Slice","Backflip+1","Prepared+1"],"picked":"Outmaneuver+1","floor":10},{"not_picked":["All Out Attack","PiercingWail+1","Flying Knee"],"picked":"Bouncing Flask+1","floor":14},{"not_picked":["A Thousand Cuts","Grand Finale","Phantasmal Killer+1"],"picked":"Die Die Die","floor":16},{"not_picked":["Poisoned Stab","Expertise+1","Sucker Punch"],"picked":"Backflip+1","floor":18},{"not_picked":["Dagger Throw","Cloak And Dagger+1","Caltrops"],"picked":"Backstab","floor":21},{"not_picked":["Catalyst+1","All Out Attack+1","Grand Finale"],"picked":"Dodge and Roll+1","floor":23},{"not_picked":["Acrobatics+1","Deadly Poison+1","Calculated Gamble+1"],"picked":"Dodge and Roll+1","floor":25},{"not_picked":["Outmaneuver+1","Escape Plan+1","Prepared+1"],"picked":"Backstab","floor":27},{"not_picked":["Setup+1","Cloak And Dagger+1","Eviscerate"],"picked":"Expertise+1","floor":31},{"not_picked":["Die Die Die","Bullet Time+1","Malaise+1"],"picked":"Envenom","floor":33},{"not_picked":["Eviscerate+1","Underhanded Strike","Flying Knee"],"picked":"Choke+1","floor":35},{"not_picked":["Reflex+1","Eviscerate","Deadly Poison+1"],"picked":"Well Laid Plans+1","floor":36},{"not_picked":["Poisoned Stab","PiercingWail+1","Escape Plan+1"],"picked":"Dodge and Roll+1","floor":38},{"not_picked":["Poisoned Stab","Deflect+1","Outmaneuver+1"],"picked":"Cloak And Dagger+1","floor":41},{"not_picked":["Tactician+1","Slice","Outmaneuver+1"],"picked":"Die Die Die","floor":42}],"player_experience":631659,"relics_obtained":[{"floor":7,"key":"Blood Vial"},{"floor":19,"key":"Nilry\u0027s Codex"},{"floor":23,"key":"Kunai"},{"floor":26,"key":"Boot"},{"floor":27,"key":"Red Mask"},{"floor":41,"key":"Blue Candle"},{"floor":43,"key":"Meat on the Bone"}],"event_choices":[{"damage_healed":0,"gold_gain":75,"player_choice":"Gather Gold","damage_taken":11,"max_hp_gain":0,"max_hp_loss":0,"event_name":"World of Goop","floor":2,"gold_loss":0},{"damage_healed":0,"gold_gain":0,"player_choice":"Box","damage_taken":0,"relics_obtained":["Toxic Egg 2"],"max_hp_gain":0,"max_hp_loss":0,"event_name":"Big Fish","floor":4,"gold_loss":0,"cards_obtained":["Regret"]},{"damage_healed":0,"gold_gain":30,"player_choice":"Searched \u00273\u0027 times","damage_taken":0,"relics_obtained":["Question Card"],"max_hp_gain":0,"max_hp_loss":0,"event_name":"Dead Adventurer","floor":10,"gold_loss":0},{"damage_healed":0,"gold_gain":60,"player_choice":"Gained Gold","damage_taken":0,"max_hp_gain":0,"max_hp_loss":0,"event_name":"Golden Wing","floor":11,"gold_loss":0},{"damage_healed":0,"gold_gain":0,"player_choice":"Grow","damage_taken":0,"max_hp_gain":0,"max_hp_loss":0,"event_name":"Living Wall","floor":13,"gold_loss":0,"cards_upgraded":["Die Die Die"]},{"damage_healed":0,"gold_gain":0,"player_choice":"Obtained Book","damage_taken":16,"max_hp_gain":0,"max_hp_loss":0,"event_name":"Cursed Tome","floor":19,"gold_loss":0},{"damage_healed":0,"gold_gain":0,"player_choice":"Fought Bandits","damage_taken":0,"max_hp_gain":0,"max_hp_loss":0,"event_name":"Masked Bandits","floor":27,"gold_loss":0},{"cards_removed":["Writhe"],"damage_healed":0,"gold_gain":0,"player_choice":"Gave Gold","damage_taken":0,"max_hp_gain":0,"max_hp_loss":0,"event_name":"Beggar","floor":29,"gold_loss":75},{"cards_removed":["Defend_G"],"damage_healed":0,"gold_gain":0,"player_choice":"Offered Basic","damage_taken":0,"max_hp_gain":0,"max_hp_loss":0,"event_name":"Bonfire Elementals","floor":37,"gold_loss":0},{"damage_healed":0,"gold_gain":222,"player_choice":"Wore Mask","damage_taken":0,"max_hp_gain":0,"max_hp_loss":0,"event_name":"Tomb of Lord Red Mask","floor":39,"gold_loss":0}],"is_beta":false,"boss_relics":[{"not_picked":["Tiny House","Pandora\u0027s Box"],"picked":"Cursed Key"},{"not_picked":["Astrolabe","Velvet Choker"],"picked":"Philosopher\u0027s Stone"}],"items_purged_floors":[5,44],"is_endless":false,"potions_floor_spawned":[1,3,7,8,10,14,16,18,21,23,25,27,31,33,35,36,38,41,42],"killed_by":"Giant Head","ascension_level":5}