{"gold_per_floor":[114,114,114,128,128,162,162,193,193,193,40,54,83,98,98,193,193,210,210,9,9,9,9],"floor_reached":23,"playtime":723,"items_purged":["Strike_R"],"score":328,"play_id":"e327f42d-7755-48fe-9875-90a965b6b495","local_time":"20181112221039","is_ascension_mode":true,"campfire_choices":[{"floor":7,"key":"REST"},{"floor":10,"key":"REST"},{"floor":15,"key":"REST"}],"neow_cost":"NONE","seed_source_timestamp":543834399568200,"circlet_count":0,"master_deck":["AscendersBane","Strike_R+1","Strike_R+1","Strike_R+1","Strike_R+1","Defend_R+1","Defend_R+1","Defend_R+1","Defend_R+1","Bash","Spot Weakness","Cleave","Flex","Exhume","Bludgeon","Intimidate","Iron Wave","Ghostly Armor","Whirlwind","Reaper","Writhe","Injury","Doubt"],"relics":["Burning Blood","Centennial Puzzle","Kunai","GremlinMask","Prayer Wheel","Blue Candle","Mercury Hourglass","Charon\u0027s Ashes","Calling Bell","Orichalcum","Singing Bowl","WingedGreaves","ClockworkSouvenir"],"potions_floor_usage":[6,13,14,23],"damage_taken":[{"damage":6,"enemies":"2 Louse","floor":1,"turns":4},{"damage":12,"enemies":"Jaw Worm","floor":4,"turns":2},{"damage":24,"enemies":"3 Sentries","floor":6,"turns":6},{"damage":40,"enemies":"Lagavulin","floor":8,"turns":5},{"damage":1,"enemies":"Cultist","floor":12,"turns":3},{"damage":38,"enemies":"Gremlin Nob","floor":13,"turns":4},{"damage":1,"enemies":"3 Louse","floor":14,"turns":2},{"damage":32,"enemies":"Hexaghost","floor":16,"turns":9},{"damage":17,"enemies":"Chosen","floor":18,"turns":6},{"damage":74,"enemies":"Book of Stabbing","floor":23,"turns":6}],"seed_played":"434220204246785687","potions_obtained":[{"floor":1,"key":"Strength Potion"},{"floor":12,"key":"Energy Potion"},{"floor":13,"key":"PowerPotion"},{"floor":16,"key":"Ancient Potion"},{"floor":18,"key":"EssenceOfSteel"}],"is_trial":false,"path_per_floor":["M","?","?","M","?","E","R","E","T","R","$","M","E","M","R","B",null,"M","?","$","?","?","E"],"character_chosen":"IRONCLAD","items_purchased":["Bludgeon","ClockworkSouvenir"],"campfire_rested":3,"item_purchase_floors":[11,20],"current_hp_per_floor":[72,65,49,43,43,25,49,15,15,39,39,44,12,17,41,15,64,64,64,64,64,64,0],"gold":9,"neow_bonus":"RANDOM_COMMON_RELIC","is_prod":false,"is_daily":false,"chose_seed":false,"campfire_upgraded":0,"win_rate":0,"timestamp":1542053439,"path_taken":["M","?","?","?","?","E","R","E","T","R","?","M","E","M","R","BOSS","M","?","?","?","?","E"],"build_version":"2018-11-08","purchased_purges":1,"victory":false,"max_hp_per_floor":[80,80,80,80,80,80,80,80,80,80,80,80,80,80,80,80,80,84,84,84,84,84,84],"card_choices":[{"not_picked":["Shrug It Off","Wild Strike"],"picked":"Spot Weakness","floor":1},{"not_picked":["Body Slam","Second Wind"],"picked":"Cleave","floor":4},{"not_picked":["Battle Trance","Burning Pact"],"picked":"Flex","floor":6},{"not_picked":["Sword Boomerang","Ghostly Armor"],"picked":"Exhume","floor":8},{"not_picked":["Hemokinesis","Battle Trance"],"picked":"Intimidate","floor":12},{"not_picked":["Headbutt","Shrug It Off"],"picked":"Iron Wave","floor":12},{"not_picked":["Rupture","Headbutt","Wild Strike"],"picked":"SKIP","floor":13},{"not_picked":["Twin Strike","Cleave"],"picked":"Ghostly Armor","floor":14},{"not_picked":["Sever Soul","True Grit"],"picked":"Whirlwind","floor":14},{"not_picked":["Impervious","Barricade"],"picked":"Reaper","floor":16},{"not_picked":["Warcry","Searing Blow","Flex"],"picked":"Singing Bowl","floor":18},{"not_picked":["Havoc","Flex","Clothesline"],"picked":"Singing Bowl","floor":18}],"player_experience":457675,"relics_obtained":[{"floor":6,"key":"Prayer Wheel"},{"floor":8,"key":"Blue Candle"},{"floor":9,"key":"Mercury Hourglass"},{"floor":13,"key":"Charon\u0027s Ashes"},{"floor":17,"key":"Orichalcum"},{"floor":17,"key":"Singing Bowl"},{"floor":17,"key":"WingedGreaves"}],"event_choices":[{"damage_healed":0,"gold_gain":0,"player_choice":"Success","damage_taken":7,"relics_obtained":["Kunai"],"max_hp_gain":0,"max_hp_loss":0,"event_name":"Scrap Ooze","floor":2,"gold_loss":0},{"damage_healed":0,"gold_gain":0,"player_choice":"Entered Light","damage_taken":16,"max_hp_gain":0,"max_hp_loss":0,"event_name":"Shining Light","floor":3,"gold_loss":0,"cards_upgraded":["Defend_R","Strike_R"]},{"damage_healed":0,"gold_gain":0,"player_choice":"Trade","damage_taken":0,"relics_obtained":["GremlinMask"],"max_hp_gain":0,"max_hp_loss":0,"event_name":"FaceTrader","floor":5,"gold_loss":0},{"damage_healed":0,"gold_gain":0,"player_choice":"Simplicity","damage_taken":0,"max_hp_gain":0,"max_hp_loss":0,"event_name":"Back to Basics","floor":19,"gold_loss":0,"cards_upgraded":["Strike_R","Strike_R","Strike_R","Defend_R","Defend_R","Defend_R"]},{"damage_healed":0,"gold_gain":0,"player_choice":"Ignored","damage_taken":0,"max_hp_gain":0,"max_hp_loss":0,"event_name":"Vampires","floor":21,"gold_loss":0},{"damage_healed":0,"gold_gain":0,"player_choice":"Ignored","damage_taken":0,"max_hp_gain":0,"max_hp_loss":0,"event_name":"Beggar","floor":22,"gold_loss":0}],"is_beta":false,"boss_relics":[{"not_picked":["Tiny House","Velvet Choker"],"picked":"Calling Bell"}],"items_purged_floors":[11],"is_endless":false,"potions_floor_spawned":[1,12,13,16,18],"killed_by":"Book of Stabbing","ascension_level":12}