{"path_per_floor":["M","M","?","M","?","M","M","?","T","R","$","?","E","M","R","B",null,"M","?","?","M","M","R","M","M","T","?"],"character_chosen":"THE_SILENT","items_purchased":["Snake Skull"],"gold_per_floor":[142,154,154,169,244,260,279,279,306,306,84,84,109,127,127,224,224,236,236,151,171,182,182,197,208,208,133],"floor_reached":28,"campfire_rested":2,"playtime":3286,"current_hp_per_floor":[73,72,72,72,61,45,38,38,38,60,60,60,51,43,43,2,75,64,50,50,38,24,48,6,1,1,1],"items_purged":["Regret"],"gold":133,"score":222,"play_id":"cfd8d6e0-fc66-44f2-833c-9f2bf3cd0332","local_time":"20180307110811","is_prod":false,"is_daily":false,"is_ascension_mode":false,"campfire_upgraded":1,"timestamp":1520413691,"path_taken":["M","M","?","M","?","M","?","?","T","R","?","?","E","M","R","BOSS","M","?","?","M","M","R","M","M","T","?","E"],"build_version":"2018-03-01-PROD1","purchased_purges":1,"victory":false,"master_deck":["Defend_G","Defend_G+1","Defend_G","Defend_G","Defend_G","Strike_G","Strike_G","Strike_G","Strike_G","Survivor","Neutralize","Noxious Fumes+1","Blade Dance","A Thousand Cuts","Bane","Backstab","Riddle With Holes","PiercingWail","Underhanded Strike","Bane","Envenom","Parasite","Clumsy","Slice+1","Flying Knee+1","Poisoned Stab","Leg Sweep","Deadly Poison","Backflip"],"max_hp_per_floor":[75,75,75,75,75,75,75,75,75,75,75,75,75,75,75,75,75,75,80,80,80,80,80,80,80,80,80],"relics":["Tiny House","Happy Flower","Dream Catcher","Snake Skull","Torii","Calling Bell","Darkstone Periapt","Centennial Puzzle","Gremlin Horn","Thread and Needle","Lantern"],"card_choices":[{"not_picked":["Well Laid Plans","Sucker Punch"],"picked":"Noxious Fumes"},{"not_picked":["Acrobatics","Eviscerate"],"picked":"Blade Dance"},{"not_picked":["Escape Plan","Slice"],"picked":"Flying Knee"},{"not_picked":["Quick Slash","Outmaneuver"],"picked":"Bane"},{"not_picked":["Infinite Blades","Escape Plan"],"picked":"Backstab"},{"not_picked":["Acrobatics","Calculated Gamble"],"picked":"Riddle With Holes"},{"not_picked":["Eviscerate","Dagger Spray"],"picked":"PiercingWail"},{"not_picked":["Endless Agony","Well Laid Plans"],"picked":"Underhanded Strike"},{"not_picked":["Flying Knee","Deflect"],"picked":"Bane"},{"not_picked":["Die Die Die","Corpse Explosion"],"picked":"Envenom"},{"not_picked":["Dagger Throw","Endless Agony"],"picked":"Slice"},{"not_picked":["Outmaneuver","Finisher"],"picked":"Flying Knee"},{"not_picked":["Deflect","Backflip"],"picked":"Poisoned Stab"},{"not_picked":["PiercingWail","Masterful Stab"],"picked":"Leg Sweep"},{"not_picked":["Deflect","Heel Hook"],"picked":"Deadly Poison"},{"not_picked":["Caltrops","Masterful Stab"],"picked":"Backflip"}],"player_experience":19087,"potions_floor_usage":[4,6,13,16,24,25,28],"damage_taken":[{"damage":2,"enemies":"2 Louse","floor":1,"turns":3},{"damage":1,"enemies":"Jaw Worm","floor":2,"turns":5},{"damage":0,"enemies":"Small Slimes","floor":4,"turns":5},{"damage":16,"enemies":"Exordium Thugs","floor":6,"turns":5},{"damage":7,"enemies":"Blue Slaver","floor":7,"turns":4},{"damage":9,"enemies":"Gremlin Nob","floor":13,"turns":4},{"damage":8,"enemies":"Exordium Wildlife","floor":14,"turns":4},{"damage":41,"enemies":"Slime Boss","floor":16,"turns":10},{"damage":11,"enemies":"3 Byrds","floor":18,"turns":5},{"damage":12,"enemies":"Spheric Guardian","floor":21,"turns":6},{"damage":14,"enemies":"Snecko","floor":22,"turns":4},{"damage":42,"enemies":"Sentry and Sphere","floor":24,"turns":8},{"damage":5,"enemies":"Centurion and Healer","floor":25,"turns":9},{"damage":8,"enemies":"Slavers","floor":28,"turns":1}],"event_choices":[{"event_name":"Living Wall","player_choice":"Change","floor":3,"damage_taken":0},{"event_name":"World of Goop","player_choice":"Gather Gold","floor":5,"damage_taken":0},{"event_name":"Big Fish","player_choice":"Box","floor":8,"damage_taken":0},{"event_name":"Purifier","player_choice":"One Purge","floor":12,"damage_taken":0},{"event_name":"Forgotten Altar","player_choice":"Shed Blood","floor":19,"damage_taken":0},{"event_name":"Addict","player_choice":"Obtained Relic","floor":20,"damage_taken":0},{"event_name":"Beggar","player_choice":"Gave Gold","floor":27,"damage_taken":0}],"boss_relics":[{"not_picked":["Runic Dome","Orrery"],"picked":"Calling Bell"}],"potions_floor_spawned":[1,2,14,16,24,25],"seed_played":"8527230728032822607","killed_by":"Slavers","ascension_level":0,"is_trial":false}