{"path_per_floor":["M","?","M","M","M","R","M","R","T","$","E","R","M","M","R","B",null,"M","?","?","?","?","M","M","R","T","M","R","E","M","E","R","B",null,"M","?","?","M","?","E","M","R","T","$","?","R","?","M","R"],"character_chosen":"IRONCLAD","items_purchased":["Omamori","Cleave","Lantern"],"gold_per_floor":[116,291,303,322,333,333,349,349,349,74,107,107,124,134,134,237,237,237,152,152,152,152,152,152,152,152,152,152,152,152,152,152,152,152,152,152,152,152,152,152,152,152,152,0,0,0,0,0,0,0],"floor_reached":50,"campfire_rested":5,"playtime":1981,"current_hp_per_floor":[78,78,80,80,58,58,41,41,41,41,27,51,46,53,77,31,70,56,56,56,40,40,46,56,56,56,27,69,60,66,60,98,52,87,57,101,91,100,87,84,77,77,77,77,77,77,77,54,100,0],"items_purged":["Doubt"],"gold":0,"score":691,"play_id":"ea610a1b-a4cb-4305-a065-bdae06264cd0","local_time":"20180416091602","is_prod":false,"is_daily":false,"chose_seed":false,"is_ascension_mode":true,"campfire_upgraded":5,"timestamp":1523859362,"path_taken":["M","?","?","?","M","R","M","R","T","$","E","R","M","M","R","BOSS","M","?","?","?","?","?","M","R","T","M","R","E","M","E","R","BOSS","M","?","?","?","?","E","M","R","T","$","?","R","?","M","R","BOSS"],"build_version":"2018-04-12","seed_source_timestamp":319918253186981,"purchased_purges":1,"victory":false,"master_deck":["Strike_R","Strike_R","Strike_R","Strike_R","Strike_R","Defend_R","Defend_R","Defend_R","Defend_R","Bash","Shrug It Off+1","Shrug It Off+1","Cleave+1","Flex","Feed","Juggernaut","Juggernaut","Uppercut+1","Whirlwind+1","Reaper","Jack Of All Trades","Blind+1","Dramatic Entrance","Madness+1","Madness"],"max_hp_per_floor":[80,80,80,80,80,80,80,80,80,80,80,80,80,83,83,83,83,86,86,86,86,86,89,92,92,92,92,92,92,95,98,98,98,98,98,101,101,104,104,104,104,104,104,104,104,104,104,104,104,104],"relics":["Burning Blood","NeowsBlessing","Ornamental Fan","Omamori","Happy Flower","Ectoplasm","Bag of Preparation","Necronomicon","Regal Pillow","Bag of Marbles","Smiling Mask","Sozu","Champion Belt","Dodecahedron","Dream Catcher","Lantern"],"card_choices":[{"not_picked":["Cleave","Havoc"],"picked":"Shrug It Off","floor":3},{"not_picked":["Dropkick","Corruption"],"picked":"Shrug It Off","floor":7},{"not_picked":["Thunderclap","Entrench"],"picked":"Flex","floor":11},{"not_picked":["Shrug It Off","Thunderclap"],"picked":"Feed","floor":13},{"not_picked":["Barricade","Immolate"],"picked":"Juggernaut","floor":16},{"not_picked":["Pommel Strike","Seeing Red"],"picked":"Uppercut","floor":23},{"not_picked":["Bludgeon","True Grit"],"picked":"Whirlwind","floor":29},{"not_picked":["Barricade","Double Tap"],"picked":"Reaper","floor":33},{"not_picked":["Good Instincts","Panacea"],"picked":"Jack Of All Trades","floor":37},{"not_picked":["Finesse","Panacea"],"picked":"Blind","floor":37},{"not_picked":["Jack Of All Trades","Sadistic Nature"],"picked":"Dramatic Entrance","floor":37}],"player_experience":202580,"potions_floor_usage":[11,11,18,24,30,33],"damage_taken":[{"damage":0,"enemies":"Small Slimes","floor":1,"turns":1},{"damage":0,"enemies":"Jaw Worm","floor":3,"turns":1},{"damage":0,"enemies":"2 Louse","floor":4,"turns":1},{"damage":28,"enemies":"Red Slaver","floor":5,"turns":4},{"damage":23,"enemies":"Lots of Slimes","floor":7,"turns":6},{"damage":20,"enemies":"Gremlin Nob","floor":11,"turns":5},{"damage":11,"enemies":"Looter","floor":13,"turns":3},{"damage":2,"enemies":"2 Fungi Beasts","floor":14,"turns":4},{"damage":52,"enemies":"Slime Boss","floor":16,"turns":15},{"damage":23,"enemies":"Spheric Guardian","floor":18,"turns":6},{"damage":3,"enemies":"Shell Parasite","floor":23,"turns":5},{"damage":14,"enemies":"Centurion and Healer","floor":24,"turns":6},{"damage":35,"enemies":"Cultist and Chosen","floor":27,"turns":8},{"damage":15,"enemies":"Gremlin Leader","floor":29,"turns":6},{"damage":3,"enemies":"Snake Plant","floor":30,"turns":2},{"damage":15,"enemies":"Slavers","floor":31,"turns":3},{"damage":52,"enemies":"Collector","floor":33,"turns":7},{"damage":36,"enemies":"3 Darklings","floor":35,"turns":3},{"damage":0,"enemies":"Mysterious Sphere","floor":36,"turns":3},{"damage":0,"enemies":"Orb Walker","floor":38,"turns":2},{"damage":26,"enemies":"2 Orb Walkers","floor":40,"turns":4},{"damage":13,"enemies":"4 Shapes","floor":41,"turns":1},{"damage":29,"enemies":"Maw","floor":48,"turns":7},{"damage":117,"enemies":"Donu and Deca","floor":50,"turns":7}],"event_choices":[{"event_name":"Liars Game","player_choice":"agreed","floor":2,"damage_taken":0},{"event_name":"Addict","player_choice":"Obtained Relic","floor":19,"damage_taken":0},{"event_name":"Duplicator","player_choice":"One dupe","floor":20,"damage_taken":0},{"event_name":"Cursed Tome","player_choice":"Obtained Book","floor":21,"damage_taken":0},{"event_name":"Drug Dealer","player_choice":"Ignored","floor":22,"damage_taken":0},{"event_name":"Mysterious Sphere","player_choice":"Fight","floor":36,"damage_taken":0},{"event_name":"SensoryStone","player_choice":"Memory 3","floor":37,"damage_taken":0},{"event_name":"Winding Halls","player_choice":"Embrace Madness","floor":39,"damage_taken":0},{"event_name":"SecretPortal","player_choice":"Rejected Portal.","floor":45,"damage_taken":0},{"event_name":"Upgrade Shrine","player_choice":"Upgraded","floor":47,"damage_taken":0}],"boss_relics":[{"not_picked":["Snecko Eye","Orrery"],"picked":"Ectoplasm"},{"not_picked":["Tiny House","Velvet Choker"],"picked":"Sozu"}],"potions_floor_spawned":[4,7,16,23,29,31,36,38,48],"seed_played":"8963524108009951979","killed_by":"Donu and Deca","ascension_level":6,"is_trial":false}