{"gold_per_floor":[110,32,107,107,117,117,143,160,160,160,160,15,15,26,26,126,126,144,164,64,64],"floor_reached":21,"playtime":1445,"items_purged":["Strike_R","Strike_R"],"score":222,"play_id":"4214cbb4-99f8-4e1b-b250-5ecc9568c97f","local_time":"20190713135325","is_ascension_mode":true,"campfire_choices":[{"floor":6,"key":"REST"},{"data":"Body Slam","floor":10,"key":"SMITH"},{"floor":13,"key":"REST"},{"data":"Barricade","floor":15,"key":"SMITH"}],"neow_cost":"PERCENT_DAMAGE","seed_source_timestamp":1370350480528361,"circlet_count":0,"master_deck":["Strike_R","Strike_R","Defend_R","Defend_R","Defend_R","Defend_R","Bash","Barricade+1","Dropkick","Body Slam+1","Shrug It Off","Shrug It Off","Headbutt","Shrug It Off","Whirlwind","Dropkick","Juggernaut","Doubt","Pain","Shame","Shockwave+1","Ghostly Armor"],"relics":["Burning Blood","Blue Candle","Bag of Marbles","Bronze Scales","Calling Bell","Orichalcum","Singing Bowl","Peace Pipe"],"potions_floor_usage":[16],"damage_taken":[{"damage":20,"enemies":"Small Slimes","floor":1,"turns":4},{"damage":0,"enemies":"Cultist","floor":5,"turns":3},{"damage":0,"enemies":"Lagavulin","floor":7,"turns":8},{"damage":3,"enemies":"2 Louse","floor":8,"turns":3},{"damage":6,"enemies":"Looter","floor":14,"turns":2},{"damage":31,"enemies":"Slime Boss","floor":16,"turns":9},{"damage":16,"enemies":"Shell Parasite","floor":18,"turns":5},{"damage":55,"enemies":"Spheric Guardian","floor":19,"turns":9},{"damage":27,"enemies":"Snecko","floor":21,"turns":6}],"seed_played":"-96004653686557825","potions_obtained":[{"floor":1,"key":"Block Potion"},{"floor":8,"key":"SteroidPotion"}],"is_trial":false,"path_per_floor":["M","$","?","?","M","R","E","M","T","R","?","$","R","M","R","B",null,"M","M","$","M"],"character_chosen":"IRONCLAD","items_purchased":["Body Slam","Shrug It Off","Whirlwind"],"campfire_rested":2,"item_purchase_floors":[2,2,12],"current_hp_per_floor":[42,42,31,24,30,54,60,63,63,63,63,63,80,80,80,55,80,70,21,21,0],"gold":64,"neow_bonus":"THREE_RARE_CARDS","is_prod":false,"is_daily":false,"chose_seed":false,"campfire_upgraded":2,"win_rate":0,"timestamp":1563044005,"path_taken":["M","$","?","?","M","R","E","M","T","R","?","$","R","M","R","BOSS","M","M","$","?"],"build_version":"2019-07-05","purchased_purges":2,"victory":false,"max_hp_per_floor":[80,80,80,80,80,80,80,80,80,80,80,80,80,80,80,80,80,80,80,80,80],"card_choices":[{"not_picked":["Berserk","Brutality"],"picked":"Barricade","floor":0},{"not_picked":["Spot Weakness","Sentinel"],"picked":"Dropkick","floor":1},{"not_picked":["Bloodletting","Battle Trance"],"picked":"Shrug It Off","floor":5},{"not_picked":["Flex","Spot Weakness"],"picked":"Headbutt","floor":7},{"not_picked":["Blood for Blood","Warcry"],"picked":"Shrug It Off","floor":8},{"not_picked":["Heavy Blade","True Grit"],"picked":"Dropkick","floor":14},{"not_picked":["Immolate","Demon Form"],"picked":"Juggernaut","floor":16},{"not_picked":["Twin Strike","Feel No Pain"],"picked":"Shockwave+1","floor":18},{"not_picked":["Shrug It Off","Flex"],"picked":"Ghostly Armor","floor":19}],"player_experience":333846,"relics_obtained":[{"floor":7,"key":"Blue Candle"},{"floor":9,"key":"Bag of Marbles"},{"floor":17,"key":"Orichalcum"},{"floor":17,"key":"Singing Bowl"},{"floor":17,"key":"Peace Pipe"}],"event_choices":[{"damage_healed":0,"gold_gain":75,"player_choice":"Gather Gold","damage_taken":11,"max_hp_gain":0,"max_hp_loss":0,"event_name":"World of Goop","floor":3,"gold_loss":0},{"cards_removed":["Strike_R"],"damage_healed":0,"gold_gain":0,"player_choice":"Card Removal","damage_taken":7,"max_hp_gain":0,"max_hp_loss":0,"event_name":"Golden Wing","floor":4,"gold_loss":0},{"damage_healed":0,"gold_gain":0,"player_choice":"Gave Potion","damage_taken":0,"relics_obtained":["Bronze Scales"],"max_hp_gain":0,"max_hp_loss":0,"event_name":"WeMeetAgain","floor":11,"gold_loss":0}],"is_beta":false,"boss_relics":[{"not_picked":["Black Star","Orrery"],"picked":"Calling Bell"}],"items_purged_floors":[12,20],"is_endless":false,"potions_floor_spawned":[1,8],"killed_by":"Snecko","ascension_level":2}