{"gold_per_floor":[119,219,234,287,298,357,25,25,93,127,27,27,370,391,391,517,517,541,82,82,107,17,56,75,89,89,123,146,146,160,10,10,138,138,154,487,507,507,524,524,524,524,524,543,569,569,584,596,596,596],"floor_reached":51,"playtime":3535,"items_purged":["Strike_G","Strike_G","Strike_G","Strike_G"],"score":976,"play_id":"2618d65c-d561-4d70-b106-f63ac0da48f8","local_time":"20190717222433","is_ascension_mode":true,"campfire_choices":[{"data":"Neutralize","floor":8,"key":"SMITH"},{"floor":15,"key":"REST"},{"floor":29,"key":"REST"},{"floor":32,"key":"REST"},{"data":"Predator","floor":40,"key":"SMITH"},{"floor":42,"key":"RECALL"},{"data":"Malaise","floor":49,"key":"SMITH"}],"neow_cost":"NONE","seed_source_timestamp":2540550403768,"circlet_count":0,"master_deck":["Defend_G+1","Defend_G+1","Defend_G+1","Defend_G+1","Defend_G+1","Survivor+1","Neutralize+1","Backstab+1","Endless Agony+1","Underhanded Strike+1","Quick Slash+1","Predator+1","Caltrops+1","Sucker Punch+1","Skewer+1","Bouncing Flask+1","Bullet Time+1","PiercingWail+1","Ghostly+1","Ghostly+1","Ghostly+1","Ghostly+1","Ghostly+1","Dagger Spray+1","Infinite Blades+1","Envenom+1","Catalyst+1","After Image+1","Prepared+1","Malaise+1"],"relics":["Ring of the Snake","NeowsBlessing","Anchor","Tiny Chest","Vajra","Kunai","PreservedInsect","Old Coin","WristBlade","Pantograph","Pen Nib","Frozen Egg 2","Oddly Smooth Stone","Coffee Dripper","Meat on the Bone","Mark of the Bloom","Singing Bowl","Ornamental Fan"],"potions_floor_usage":[6,6,13,13,13,16,23,23,24,27,45,45,45,50],"damage_taken":[{"damage":0,"enemies":"2 Louse","floor":1,"turns":1},{"damage":0,"enemies":"Cultist","floor":3,"turns":1},{"damage":0,"enemies":"Small Slimes","floor":5,"turns":1},{"damage":22,"enemies":"3 Sentries","floor":6,"turns":8},{"damage":18,"enemies":"Gremlin Nob","floor":10,"turns":4},{"damage":0,"enemies":"3 Sentries","floor":13,"turns":4},{"damage":0,"enemies":"Looter","floor":14,"turns":2},{"damage":32,"enemies":"The Guardian","floor":16,"turns":9},{"damage":3,"enemies":"3 Byrds","floor":18,"turns":4},{"damage":12,"enemies":"Shell Parasite","floor":21,"turns":5},{"damage":7,"enemies":"Book of Stabbing","floor":23,"turns":3},{"damage":0,"enemies":"Snake Plant","floor":24,"turns":4},{"damage":1,"enemies":"Centurion and Healer","floor":25,"turns":4},{"damage":4,"enemies":"Slavers","floor":27,"turns":5},{"damage":0,"enemies":"Snecko","floor":28,"turns":3},{"damage":3,"enemies":"Snake Plant","floor":30,"turns":4},{"damage":29,"enemies":"Collector","floor":33,"turns":8},{"damage":0,"enemies":"Orb Walker","floor":35,"turns":3},{"damage":0,"enemies":"3 Darklings","floor":37,"turns":5},{"damage":0,"enemies":"Maw","floor":39,"turns":6},{"damage":8,"enemies":"4 Shapes","floor":44,"turns":3},{"damage":23,"enemies":"Nemesis","floor":45,"turns":5},{"damage":0,"enemies":"Sphere and 2 Shapes","floor":47,"turns":5},{"damage":0,"enemies":"Maw","floor":48,"turns":6},{"damage":0,"enemies":"Donu and Deca","floor":50,"turns":9}],"seed_played":"-3159368096283572168","potions_obtained":[{"floor":1,"key":"Swift Potion"},{"floor":3,"key":"FearPotion"},{"floor":10,"key":"EntropicBrew"},{"floor":13,"key":"SpeedPotion"},{"floor":16,"key":"EssenceOfSteel"},{"floor":21,"key":"Ancient Potion"},{"floor":23,"key":"Block Potion"},{"floor":25,"key":"Dexterity Potion"},{"floor":33,"key":"Weak Potion"},{"floor":39,"key":"EssenceOfSteel"},{"floor":44,"key":"Explosive Potion"},{"floor":47,"key":"Strength Potion"}],"is_trial":false,"path_per_floor":["M","?","M","T","M","E","$","R","T","E","$","?","E","M","R","B",null,"M","$","?","M","?","E","M","M","T","E","M","R","M","$","R","B",null,"M","?","M","T","M","R","?","R","T","M","E","?","M","M","R","B",null],"character_chosen":"THE_SILENT","items_purchased":["Vajra","Predator","Caltrops","Pantograph","SteroidPotion","PiercingWail"],"campfire_rested":3,"item_purchase_floors":[7,7,7,19,19,19],"current_hp_per_floor":[70,70,70,70,70,48,48,48,48,30,30,30,30,30,49,17,65,62,62,32,20,20,13,13,12,12,8,8,17,14,14,23,3,32,32,32,32,32,32,32,32,32,32,24,1,1,1,1,1,1],"gold":596,"neow_bonus":"THREE_ENEMY_KILL","is_prod":false,"is_daily":false,"chose_seed":false,"campfire_upgraded":3,"win_rate":0,"timestamp":1563420273,"path_taken":["M","?","?","?","M","E","?","R","T","E","$","?","E","M","R","BOSS","M","$","?","M","?","E","M","?","T","E","?","R","?","$","R","BOSS","M","?","M","?","?","R","?","R","T","M","E","?","M","M","R","BOSS"],"build_version":"2019-07-17","purchased_purges":4,"victory":true,"max_hp_per_floor":[70,70,70,70,70,70,70,70,70,70,70,65,65,65,65,65,65,65,65,32,32,32,32,32,32,32,32,32,32,32,32,32,32,32,32,32,32,32,32,32,32,32,32,32,34,34,36,38,38,38],"card_choices":[{"not_picked":["Terror","Dodge and Roll"],"picked":"Backstab","floor":1},{"not_picked":["Noxious Fumes","Quick Slash"],"picked":"Endless Agony","floor":3},{"not_picked":["Poisoned Stab","Setup"],"picked":"Underhanded Strike","floor":5},{"not_picked":["Prepared","Choke"],"picked":"Quick Slash","floor":6},{"not_picked":["Infinite Blades","Dagger Throw"],"picked":"Sucker Punch","floor":10},{"not_picked":["Dodge and Roll","Outmaneuver"],"picked":"Skewer","floor":13},{"not_picked":["Dagger Throw","Poisoned Stab"],"picked":"Bouncing Flask","floor":14},{"not_picked":["Venomology","Envenom"],"picked":"Bullet Time","floor":16},{"not_picked":["Deadly Poison+1","Bane+1","Backflip+1"],"picked":"SKIP","floor":18},{"not_picked":["Backflip","Flying Knee"],"picked":"Dagger Spray+1","floor":21},{"not_picked":["Tactician","Dodge and Roll"],"picked":"Infinite Blades+1","floor":23},{"not_picked":["Distraction","Outmaneuver","Cloak And Dagger"],"picked":"SKIP","floor":24},{"not_picked":["Flechettes+1","Calculated Gamble","Deflect+1"],"picked":"SKIP","floor":25},{"not_picked":["Deflect","Acrobatics"],"picked":"Envenom+1","floor":27},{"not_picked":["Backflip","Eviscerate+1"],"picked":"Catalyst+1","floor":28},{"not_picked":["Dash","Concentrate","Dagger Throw"],"picked":"SKIP","floor":30},{"not_picked":["Glass Knife","Die Die Die"],"picked":"After Image+1","floor":33},{"not_picked":["Blade Dance","Bane+1","Riddle With Holes+1"],"picked":"SKIP","floor":35},{"not_picked":["Cloak And Dagger+1","Deadly Poison"],"picked":"Prepared+1","floor":37},{"not_picked":["Reflex+1","Heel Hook","Sucker Punch+1"],"picked":"SKIP","floor":39},{"not_picked":["Backstab","Bouncing Flask+1"],"picked":"Malaise","floor":44},{"not_picked":["Dagger Throw","Poisoned Stab+1","Escape Plan"],"picked":"Singing Bowl","floor":45},{"not_picked":["Riddle With Holes+1","Slice+1","Reflex"],"picked":"Singing Bowl","floor":47},{"not_picked":["Outmaneuver","Prepared","Quick Slash"],"picked":"Singing Bowl","floor":48}],"player_experience":345869,"relics_obtained":[{"floor":4,"key":"Anchor"},{"floor":6,"key":"Tiny Chest"},{"floor":9,"key":"Kunai"},{"floor":10,"key":"PreservedInsect"},{"floor":13,"key":"Old Coin"},{"floor":23,"key":"Pen Nib"},{"floor":26,"key":"Frozen Egg 2"},{"floor":27,"key":"Oddly Smooth Stone"},{"floor":38,"key":"Meat on the Bone"},{"floor":43,"key":"Singing Bowl"},{"floor":45,"key":"Ornamental Fan"}],"event_choices":[{"damage_healed":0,"gold_gain":100,"player_choice":"Pray","damage_taken":0,"max_hp_gain":0,"max_hp_loss":0,"event_name":"Golden Shrine","floor":2,"gold_loss":0},{"damage_healed":0,"gold_gain":0,"player_choice":"Lose Max HP","damage_taken":0,"relics_obtained":["Golden Idol"],"max_hp_gain":0,"max_hp_loss":5,"event_name":"Golden Idol","floor":12,"gold_loss":0},{"damage_healed":0,"gold_gain":0,"player_choice":"Became a Ghost","damage_taken":0,"max_hp_gain":0,"max_hp_loss":33,"event_name":"Ghosts","floor":20,"gold_loss":0,"cards_obtained":["Ghostly","Ghostly","Ghostly","Ghostly","Ghostly"]},{"cards_removed":["Strike_G"],"damage_healed":0,"gold_gain":0,"player_choice":"Upgrade and Remove","damage_taken":0,"max_hp_gain":0,"max_hp_loss":0,"event_name":"Designer","floor":22,"gold_loss":90,"cards_upgraded":["Sucker Punch"]},{"damage_healed":0,"gold_gain":333,"player_choice":"Gave Idol","damage_taken":0,"max_hp_gain":0,"max_hp_loss":0,"event_name":"The Moai Head","floor":36,"relics_lost":["Golden Idol"],"gold_loss":0},{"damage_healed":0,"gold_gain":0,"player_choice":"Upgrade","damage_taken":0,"relics_obtained":["Mark of the Bloom"],"max_hp_gain":0,"max_hp_loss":0,"event_name":"MindBloom","floor":41,"gold_loss":0,"cards_upgraded":["Defend_G","Defend_G","Defend_G","Defend_G","Defend_G","Survivor","Backstab","Endless Agony","Underhanded Strike","Quick Slash","Caltrops","Skewer","Bouncing Flask","Bullet Time","PiercingWail","Ghostly","Ghostly","Ghostly","Ghostly","Ghostly"]},{"damage_healed":0,"gold_gain":0,"player_choice":"Ignored","damage_taken":0,"max_hp_gain":0,"max_hp_loss":0,"event_name":"Mysterious Sphere","floor":46,"gold_loss":0}],"is_beta":false,"boss_relics":[{"not_picked":["Black Star","Fusion Hammer"],"picked":"WristBlade"},{"not_picked":["Sozu","Runic Dome"],"picked":"Coffee Dripper"}],"items_purged_floors":[7,11,19,31],"is_endless":false,"potions_floor_spawned":[1,3,10,13,16,21,23,25,33,39,44,47],"ascension_level":3}