{"gold_per_floor":[119,119,44,119,119,119,132,32,32,44,54,64,80,99,99,202,202,214,214,0,0,15,15],"floor_reached":23,"playtime":720,"items_purged":["Pain","Strike_R","Bash"],"score":290,"play_id":"b75f73e0-8686-4b40-8568-a83d556f0d3b","local_time":"20180928173323","is_ascension_mode":true,"campfire_choices":[{"data":"Shrug It Off","floor":6,"key":"SMITH"},{"data":"Flame Barrier","floor":15,"key":"SMITH"}],"neow_cost":"NONE","seed_source_timestamp":634163495448520,"circlet_count":0,"master_deck":["Defend_R","Defend_R","Defend_R","Shrug It Off+1","Pommel Strike","Flame Barrier+1","Disarm","Double Tap","Offering","Bite","Bite","Bite","Bite","Bite","Inflame","Flex"],"relics":["Burning Blood","WarpedTongs","StoneCalendar","Coffee Dripper"],"potions_floor_usage":[14,23,23],"damage_taken":[{"damage":9,"enemies":"2 Louse","floor":1,"turns":3},{"damage":1,"enemies":"Cultist","floor":7,"turns":4},{"damage":1,"enemies":"Jaw Worm","floor":10,"turns":3},{"damage":15,"enemies":"2 Fungi Beasts","floor":11,"turns":3},{"damage":10,"enemies":"3 Louse","floor":12,"turns":4},{"damage":11,"enemies":"Looter","floor":13,"turns":3},{"damage":7,"enemies":"Blue Slaver","floor":14,"turns":5},{"damage":51,"enemies":"Hexaghost","floor":16,"turns":13},{"damage":13,"enemies":"Shell Parasite","floor":18,"turns":6},{"damage":6,"enemies":"3 Byrds","floor":22,"turns":1},{"damage":93,"enemies":"Gremlin Leader","floor":23,"turns":5}],"seed_played":"6612738204589147886","potions_obtained":[{"floor":12,"key":"Regen Potion"},{"floor":14,"key":"BloodPotion"},{"floor":18,"key":"Poison Potion"}],"is_trial":false,"path_per_floor":["M","?","$","?","?","R","M","$","T","M","M","M","M","M","R","B",null,"M","?","$","?","M"],"character_chosen":"IRONCLAD","items_purchased":["Inflame","Flex"],"campfire_rested":0,"item_purchase_floors":[20,20],"current_hp_per_floor":[77,77,77,66,59,59,64,64,64,69,60,56,51,64,64,19,71,64,61,61,61,61,0],"gold":15,"neow_bonus":"TEN_PERCENT_HP_BONUS","is_prod":false,"is_daily":false,"chose_seed":false,"campfire_upgraded":2,"win_rate":0,"timestamp":1538145203,"path_taken":["M","?","$","?","?","R","M","?","T","M","M","M","?","M","R","BOSS","M","?","$","?","M","E"],"build_version":"2018-09-27","purchased_purges":3,"victory":false,"max_hp_per_floor":[88,88,88,88,88,88,88,88,88,88,88,88,88,88,88,88,88,88,61,61,61,61,61],"card_choices":[{"not_picked":["Sword Boomerang","Shockwave"],"picked":"Shrug It Off","floor":1},{"not_picked":["Body Slam","Twin Strike","Sever Soul"],"picked":"SKIP","floor":7},{"not_picked":["Havoc","Searing Blow"],"picked":"Pommel Strike","floor":10},{"not_picked":["Wild Strike","Warcry"],"picked":"Flame Barrier","floor":11},{"not_picked":["Dual Wield","Wild Strike","Dropkick"],"picked":"SKIP","floor":12},{"not_picked":["Perfected Strike","Ghostly Armor"],"picked":"Disarm","floor":13},{"not_picked":["Bloodletting","Warcry"],"picked":"Double Tap","floor":14},{"not_picked":["Barricade","Immolate"],"picked":"Offering","floor":16},{"not_picked":["Feel No Pain","Clothesline+1","Pommel Strike"],"picked":"SKIP","floor":18},{"not_picked":["Sentinel","Sever Soul","Twin Strike"],"picked":"SKIP","floor":22}],"player_experience":390749,"relics_obtained":[{"floor":9,"key":"StoneCalendar"}],"event_choices":[{"event_name":"Accursed Blacksmith","player_choice":"Rummage","floor":2,"damage_taken":0},{"event_name":"World of Goop","player_choice":"Gather Gold","floor":4,"damage_taken":0},{"event_name":"Golden Wing","player_choice":"Card Removal","floor":5,"damage_taken":0},{"event_name":"Vampires","player_choice":"Became a vampire","floor":19,"damage_taken":0},{"event_name":"Wheel of Change","player_choice":"Full Heal","floor":21,"damage_taken":0}],"is_beta":false,"boss_relics":[{"not_picked":["Pandora\u0027s Box","Runic Dome"],"picked":"Coffee Dripper"}],"items_purged_floors":[3,8,20],"is_endless":false,"potions_floor_spawned":[12,14,18],"killed_by":"Gremlin Leader","ascension_level":9}