{"path_per_floor":["M","?","$","M","M","E","?","E","T","M","M","R","M","M","R","B",null,"M","$","?","M","$","R","E","M","T","M","R","M","M","?","R"],"character_chosen":"THE_SILENT","items_purchased":["Girya","Orichalcum","Darkstone Periapt","Molten Egg 2","Regal Pillow"],"gold_per_floor":[144,144,144,189,234,324,294,384,439,484,529,529,574,619,619,919,919,964,264,364,409,9,9,99,144,144,189,189,234,279,279,279],"floor_reached":33,"campfire_rested":4,"playtime":3793,"current_hp_per_floor":[64,57,57,57,57,44,44,34,34,17,12,33,22,16,37,6,70,66,66,66,59,59,59,22,20,20,3,39,39,39,31,67],"items_purged":[],"gold":279,"score":356,"play_id":"52815e37-041b-4e60-9c71-4535f449ab6c","local_time":"20180316090502","daily_mods":["Heirloom","Midas","Insanity"],"is_prod":false,"is_daily":true,"is_ascension_mode":false,"campfire_upgraded":0,"timestamp":1521183902,"path_taken":["M","?","?","M","M","E","?","E","T","M","M","R","M","M","R","BOSS","M","$","?","M","$","R","E","M","T","M","R","M","M","?","R","BOSS"],"build_version":"2018-03-15","purchased_purges":0,"victory":false,"master_deck":["Slice","Finisher","Caltrops","Flying Knee","Corpse Explosion","A Thousand Cuts","Escape Plan","Concentrate","Malaise","Blur","Phantasmal Killer","Endless Agony","Noxious Fumes","Escape Plan","Choke","Burst","Blade Dance","Footwork","Distraction","Cloak And Dagger","Tactician","Wraith Form","Calculated Gamble","Concentrate","Outmaneuver","Quick Slash","Doppelganger","Dagger Throw","Neutralize","Expertise","Distraction","Venomology","Heel Hook","Die Die Die","Unload","PiercingWail","A Thousand Cuts","Concentrate","PiercingWail","Storm of Steel","Burst","Distraction","Malaise","Acrobatics","Underhanded Strike","Calculated Gamble","Burst","Dagger Spray","Prepared","Blade Dance","Phantasmal Killer","Bane","Adrenaline"],"max_hp_per_floor":[70,70,70,70,70,70,70,70,70,70,70,70,70,70,70,70,70,70,70,70,70,70,70,70,70,70,70,70,70,70,70,70],"relics":["Ring of the Snake","Thread and Needle","Centennial Puzzle","Lantern","Blue Candle","Tiny Chest","Pandora\u0027s Box","Girya","Orichalcum","Darkstone Periapt","Molten Egg 2","Regal Pillow","Frozen Eye","Du-Vu Doll"],"card_choices":[{"not_picked":["Prepared","All Out Attack"],"picked":"Blade Dance"},{"not_picked":["Backflip","Sucker Punch"],"picked":"Phantasmal Killer"},{"not_picked":["Malaise","All Out Attack"],"picked":"Adrenaline"}],"player_experience":86464,"potions_floor_usage":[6,6,8,8,8,8,8,13,16,16,16,16,24,24,24,25,25,30,33,33],"damage_taken":[{"damage":6,"enemies":"Jaw Worm","floor":1,"turns":2},{"damage":0,"enemies":"Cultist","floor":4,"turns":3},{"damage":0,"enemies":"2 Louse","floor":5,"turns":3},{"damage":13,"enemies":"Lagavulin","floor":6,"turns":7},{"damage":19,"enemies":"Gremlin Nob","floor":8,"turns":4},{"damage":17,"enemies":"Lots of Slimes","floor":10,"turns":3},{"damage":5,"enemies":"Exordium Wildlife","floor":11,"turns":4},{"damage":11,"enemies":"Red Slaver","floor":13,"turns":4},{"damage":6,"enemies":"Large Slime","floor":14,"turns":3},{"damage":31,"enemies":"The Guardian","floor":16,"turns":10},{"damage":4,"enemies":"Chosen","floor":18,"turns":5},{"damage":7,"enemies":"Shell Parasite","floor":21,"turns":6},{"damage":49,"enemies":"Slavers","floor":24,"turns":5},{"damage":17,"enemies":"Centurion and Healer","floor":25,"turns":7},{"damage":17,"enemies":"Chosen and Byrds","floor":27,"turns":5},{"damage":0,"enemies":"Snake Plant","floor":29,"turns":5},{"damage":0,"enemies":"Centurion and Healer","floor":30,"turns":5},{"damage":76,"enemies":"Automaton","floor":33,"turns":6}],"event_choices":[{"event_name":"Scrap Ooze","player_choice":"success","floor":2,"damage_taken":7},{"event_name":"The Woman in Blue","player_choice":"Bought 2 Potions","floor":7,"damage_taken":0},{"event_name":"Golden Shrine","player_choice":"Pray","floor":20,"damage_taken":0},{"event_name":"Knowing Skull","player_choice":"","floor":31,"damage_taken":0}],"boss_relics":[{"not_picked":["Philosopher\u0027s Stone","White Beast Statue"],"picked":"Pandora\u0027s Box"}],"potions_floor_spawned":[4,8,11,13,14,18,21,24,27],"seed_played":"5375251351321028032","killed_by":"Automaton","ascension_level":0,"is_trial":false}