{"path_per_floor":["M","?","M","?","?","R","E","$","T","E","$","M","E","M","R","B",null,"M","M","?","M","?","E","?","R","T","?","$","E","M","M","R","B",null,"M","?","$","?","?","E","R","E","T","M","E","R","?","M","R","B"],"character_chosen":"THE_SILENT","items_purchased":["Bag of Marbles","Calipers","Bronze Scales","Regal Pillow","Energy Potion","Weak Potion"],"gold_per_floor":[114,114,129,129,129,129,159,84,159,189,39,54,84,99,99,199,199,214,229,679,694,694,724,639,639,639,639,39,69,84,99,99,199,199,214,214,114,114,0,30,30,60,85,100,130,130,130,145,145,145],"floor_reached":51,"campfire_rested":3,"playtime":3914,"current_hp_per_floor":[70,70,70,70,70,70,33,33,33,33,33,33,33,33,54,51,70,66,66,18,18,41,26,26,47,47,80,80,58,58,58,80,70,80,67,67,67,67,67,61,80,81,81,81,80,94,94,84,94,89],"items_purged":["Normality"],"gold":145,"score":990,"play_id":"5db42a56-e271-4d0a-b2b6-ed8ffd25d839","local_time":"20180313142621","daily_mods":["Diverse","Insanity","Binary"],"is_prod":false,"is_daily":true,"is_ascension_mode":false,"campfire_upgraded":4,"timestamp":1520943981,"path_taken":["M","?","M","?","?","R","E","$","T","E","$","M","E","?","R","BOSS","M","M","?","M","?","E","?","R","T","?","$","E","?","M","R","BOSS","M","?","$","?","?","E","R","E","T","?","E","R","?","?","R","BOSS"],"build_version":"2018-03-09","purchased_purges":1,"victory":true,"master_deck":["Neutralize","Heel Hook","Slice","Backstab","Footwork","Tools of the Trade","Prepared","Infinite Blades","Eviscerate","Eviscerate","Finisher","Catalyst","Burst","Doppelganger+1","Heel Hook","Sucker Punch","Glass Knife","Expertise","All Out Attack","Defend_G","Eviscerate","Quick Slash","Blade Dance","Glass Knife","Dodge and Roll","Flechettes","Storm of Steel+1","Expertise","Blade Dance","Masterful Stab","Distraction","Dagger Spray","Reflex","Tools of the Trade","A Thousand Cuts","Eviscerate","Cloak And Dagger","Flechettes","PiercingWail","Choke","Acrobatics","Backstab","Phantasmal Killer","Escape Plan","Survivor","Outmaneuver","Terror","Glass Knife","Fire Breathing","Havoc","Tactician","After Image+1","After Image+1","Concentrate","Die Die Die","Footwork"],"max_hp_per_floor":[70,70,70,70,70,70,70,70,70,70,70,70,70,70,70,70,70,70,70,70,70,70,70,70,70,70,80,80,80,80,80,80,80,80,80,80,80,80,80,80,80,94,94,94,94,94,94,94,94,94],"relics":["Ring of the Snake","Vajra","Tough Bandages","Centennial Puzzle","Dream Catcher","Bag of Marbles","Ninja Scroll","Black Star","Snake Skull","Oddly Smooth Stone","Dead Branch","Ginger","Calipers","Bronze Scales","Regal Pillow","Paper Crane","Letter Opener","Eternal Feather","Red Mask","Shuriken","Pantograph","Torii","Mango","Orichalcum","Lantern","Happy Flower","Ancient Tea Set"],"card_choices":[{"not_picked":["Dagger Spray"],"picked":"Tactician"},{"not_picked":["Catalyst"],"picked":"After Image"},{"not_picked":["Burst"],"picked":"After Image"},{"not_picked":["Underhanded Strike"],"picked":"Concentrate"}],"player_experience":80612,"potions_floor_usage":[10,10,16,16,23,23,29,29,40,42,50,50],"damage_taken":[{"damage":0,"enemies":"Jaw Worm","floor":1,"turns":1},{"damage":0,"enemies":"Cultist","floor":3,"turns":3},{"damage":37,"enemies":"Lagavulin","floor":7,"turns":6},{"damage":0,"enemies":"Gremlin Nob","floor":10,"turns":2},{"damage":0,"enemies":"2 Louse","floor":12,"turns":1},{"damage":0,"enemies":"3 Sentries","floor":13,"turns":3},{"damage":0,"enemies":"2 Fungi Beasts","floor":14,"turns":1},{"damage":3,"enemies":"Hexaghost","floor":16,"turns":5},{"damage":4,"enemies":"2 Thieves","floor":18,"turns":2},{"damage":0,"enemies":"Spheric Guardian","floor":19,"turns":3},{"damage":0,"enemies":"Centurion and Healer","floor":21,"turns":5},{"damage":15,"enemies":"Slavers","floor":23,"turns":6},{"damage":22,"enemies":"Gremlin Leader","floor":29,"turns":5},{"damage":0,"enemies":"Chosen and Byrds","floor":30,"turns":3},{"damage":0,"enemies":"Snecko","floor":31,"turns":1},{"damage":10,"enemies":"Champ","floor":33,"turns":9},{"damage":13,"enemies":"3 Darklings","floor":35,"turns":4},{"damage":6,"enemies":"2 Orb Walkers","floor":40,"turns":3},{"damage":13,"enemies":"Giant Head","floor":42,"turns":3},{"damage":0,"enemies":"Orb Walker","floor":44,"turns":1},{"damage":1,"enemies":"2 Orb Walkers","floor":45,"turns":3},{"damage":10,"enemies":"4 Shapes","floor":48,"turns":1},{"damage":17,"enemies":"Awakened One","floor":50,"turns":8}],"event_choices":[{"event_name":"The Lab","player_choice":"Got Potions","floor":2,"damage_taken":0},{"event_name":"Accursed Blacksmith","player_choice":"Rummage","floor":4,"damage_taken":0},{"event_name":"Wheel of Change","player_choice":"Full Heal","floor":5,"damage_taken":0},{"event_name":"Knowing Skull","player_choice":"GOLD GOLD GOLD GOLD GOLD ","floor":20,"damage_taken":0},{"event_name":"The Library","player_choice":"Heal","floor":22,"damage_taken":0},{"event_name":"Addict","player_choice":"Obtained Relic","floor":24,"damage_taken":0},{"event_name":"Bonfire Elementals","player_choice":"RARE","floor":27,"damage_taken":0},{"event_name":"Match and Keep!","player_choice":"1 cards matched","floor":36,"damage_taken":0},{"event_name":"Transmorgrifier","player_choice":"Transform","floor":38,"damage_taken":0},{"event_name":"Tomb of Lord Red Mask","player_choice":"Paid","floor":39,"damage_taken":0},{"event_name":"Wheel of Change","player_choice":"Relic","floor":47,"damage_taken":0}],"boss_relics":[{"not_picked":["The Specimen","Snecko Eye"],"picked":"Black Star"},{"not_picked":["Question Card","Cursed Key"],"picked":"Eternal Feather"}],"potions_floor_spawned":[3,12,16,21,23,33,48],"seed_played":"5990498444709922547","ascension_level":0,"is_trial":false}