{"gold_per_floor":[109,109,123,123,123,123,149,168,168,168,168],"floor_reached":11,"playtime":247,"items_purged":[],"score":82,"play_id":"4b52db96-bc45-4927-a9c6-db161da0d360","local_time":"20180802131810","is_ascension_mode":true,"campfire_choices":[{"floor":6,"key":"REST"}],"neow_cost":"","seed_source_timestamp":412366136607596,"circlet_count":0,"master_deck":["Strike_B+1","Strike_B","Strike_B","Strike_B","Defend_B","Defend_B","Defend_B","Defend_B","Zap","Dualcast+1","Sweeping Beam+1","BootSequence","White Noise"],"relics":["Cracked Core","The Courier","DataDisk","Smiling Mask"],"potions_floor_usage":[7,8,11],"damage_taken":[{"damage":7,"enemies":"Jaw Worm","floor":1,"turns":3},{"damage":10,"enemies":"Small Slimes","floor":3,"turns":2},{"damage":39,"enemies":"Lagavulin","floor":7,"turns":6},{"damage":0,"enemies":"2 Louse","floor":8,"turns":1},{"damage":33,"enemies":"Gremlin Nob","floor":11,"turns":3}],"seed_played":"-6292963156341308482","potions_obtained":[{"floor":1,"key":"SkillPotion"},{"floor":7,"key":"Swift Potion"},{"floor":8,"key":"EssenceOfSteel"}],"is_trial":false,"path_per_floor":["M","?","M","?","T","R","E","M","T","?"],"character_chosen":"DEFECT","items_purchased":[],"campfire_rested":1,"item_purchase_floors":[],"current_hp_per_floor":[68,68,58,43,43,65,26,26,26,26,0],"gold":168,"neow_bonus":"","is_prod":false,"is_daily":false,"chose_seed":false,"campfire_upgraded":0,"win_rate":0,"timestamp":1533205090,"path_taken":["M","?","M","?","?","R","E","M","T","?","E"],"build_version":"2018-07-26","purchased_purges":0,"victory":false,"max_hp_per_floor":[75,75,75,75,75,75,75,75,75,75,75],"card_choices":[{"not_picked":["Barrage","Rebound"],"picked":"Sweeping Beam","floor":1},{"not_picked":["Cold Snap","Redo","Chaos"],"picked":"SKIP","floor":3},{"not_picked":["Defragment","Storm"],"picked":"BootSequence","floor":7},{"not_picked":["Melter","Streamline"],"picked":"White Noise","floor":8}],"player_experience":327033,"relics_obtained":[{"floor":5,"key":"The Courier"},{"floor":7,"key":"DataDisk"},{"floor":9,"key":"Smiling Mask"}],"event_choices":[{"event_name":"Living Wall","player_choice":"Grow","floor":2,"damage_taken":0},{"event_name":"Shining Light","player_choice":"Entered Light","floor":4,"damage_taken":0},{"event_name":"The Woman in Blue","player_choice":"Bought 0 Potions","floor":10,"damage_taken":0}],"is_beta":false,"boss_relics":[],"items_purged_floors":[],"is_endless":false,"potions_floor_spawned":[1,7,8],"killed_by":"Gremlin Nob","ascension_level":3}