{"gold_per_floor":[117,134,59,59,79,107,107,57,104,104,123,148,162,337,337,337],"floor_reached":16,"playtime":375,"items_purged":["Strike_B"],"score":132,"play_id":"24050553-a3cc-404e-bdd7-b9391d9edf87","local_time":"20181002170915","is_ascension_mode":true,"campfire_choices":[{"data":"Consume","floor":7,"key":"SMITH"},{"data":"Static Discharge","floor":10,"key":"SMITH"},{"floor":15,"key":"REST"}],"neow_cost":"NONE","seed_source_timestamp":205714498851603,"circlet_count":0,"master_deck":["Strike_B","Strike_B","Strike_B","Defend_B","Defend_B","Defend_B","Defend_B","Zap+1","Dualcast","Static Discharge+1","Doom and Gloom","Chaos","Consume+1","Sweeping Beam","Capacitor","Doubt"],"relics":["Cracked Core","Bronze Scales","Peace Pipe","Bag of Marbles","Centennial Puzzle"],"potions_floor_usage":[5,6],"damage_taken":[{"damage":0,"enemies":"Small Slimes","floor":1,"turns":2},{"damage":2,"enemies":"Jaw Worm","floor":2,"turns":2},{"damage":0,"enemies":"2 Louse","floor":5,"turns":2},{"damage":22,"enemies":"Lagavulin","floor":6,"turns":3},{"damage":11,"enemies":"Exordium Thugs","floor":11,"turns":2},{"damage":25,"enemies":"3 Sentries","floor":12,"turns":4},{"damage":0,"enemies":"3 Louse","floor":13,"turns":1},{"damage":38,"enemies":"Slime Boss","floor":16,"turns":3}],"seed_played":"8826900163541936729","potions_obtained":[{"floor":2,"key":"SpeedPotion"},{"floor":5,"key":"Fire Potion"}],"is_trial":false,"path_per_floor":["M","M","$","?","M","E","R","?","T","R","M","E","M","?","R"],"character_chosen":"DEFECT","items_purchased":[],"campfire_rested":1,"item_purchase_floors":[],"current_hp_per_floor":[75,73,73,73,73,51,51,51,51,51,40,15,15,15,37,0],"gold":337,"neow_bonus":"UPGRADE_CARD","is_prod":false,"is_daily":false,"chose_seed":false,"campfire_upgraded":2,"win_rate":0,"timestamp":1538489355,"path_taken":["M","M","$","?","M","E","R","?","T","R","?","E","M","?","R","BOSS"],"build_version":"2018-09-27","purchased_purges":1,"victory":false,"max_hp_per_floor":[75,75,75,75,75,75,75,75,75,75,75,75,75,75,75,75],"card_choices":[{"not_picked":["Streamline","Cold Snap"],"picked":"Static Discharge","floor":1},{"not_picked":["Barrage","Recycle"],"picked":"Doom and Gloom","floor":2},{"not_picked":["Stack","Sunder"],"picked":"Chaos","floor":5},{"not_picked":["Core Surge","Melter"],"picked":"Consume","floor":6},{"not_picked":["Compile Driver","Hologram"],"picked":"Sweeping Beam","floor":11},{"not_picked":["Turbo","Rip and Tear","Undo"],"picked":"SKIP","floor":12},{"not_picked":["Conserve Battery","Barrage"],"picked":"Capacitor","floor":13}],"player_experience":413868,"relics_obtained":[{"floor":6,"key":"Peace Pipe"},{"floor":9,"key":"Bag of Marbles"},{"floor":12,"key":"Centennial Puzzle"}],"event_choices":[{"event_name":"Big Fish","player_choice":"Box","floor":4,"damage_taken":0},{"event_name":"The Cleric","player_choice":"Card Removal","floor":8,"damage_taken":0},{"event_name":"Liars Game","player_choice":"agreed","floor":14,"damage_taken":0}],"is_beta":false,"boss_relics":[],"items_purged_floors":[3],"is_endless":false,"potions_floor_spawned":[2,5],"killed_by":"Slime Boss","ascension_level":4}