{"gold_per_floor":[117,117,217,228,228,228,247,96,121,145,145,145,166,204,204,204],"floor_reached":16,"playtime":424,"items_purged":["Strike_R"],"score":100,"play_id":"2aa3d5fc-28e2-4202-b606-8e960ccb188c","local_time":"20190710170831","is_ascension_mode":false,"campfire_choices":[{"data":"Bash","floor":6,"key":"SMITH"},{"data":"Offering","floor":11,"key":"SMITH"},{"floor":15,"key":"REST"}],"neow_cost":"NONE","seed_source_timestamp":16406645063507,"circlet_count":0,"master_deck":["Strike_R","Strike_R","Strike_R","Defend_R","Defend_R","Defend_R","Defend_R","Bash+1","Dramatic Entrance","Dropkick","Seeing Red","Offering+1","Seeing Red","Havoc"],"relics":["Burning Blood","Golden Idol","Happy Flower","Orichalcum"],"potions_floor_usage":[16,16,16],"damage_taken":[{"damage":3,"enemies":"Jaw Worm","floor":1,"turns":4},{"damage":2,"enemies":"2 Louse","floor":4,"turns":2},{"damage":1,"enemies":"Cultist","floor":7,"turns":3},{"damage":10,"enemies":"Looter","floor":10,"turns":3},{"damage":13,"enemies":"Blue Slaver","floor":13,"turns":2},{"damage":21,"enemies":"Gremlin Nob","floor":14,"turns":4},{"damage":67,"enemies":"Slime Boss","floor":16,"turns":10}],"seed_played":"6936460090782932837","potions_obtained":[{"floor":1,"key":"Strength Potion"},{"floor":4,"key":"Weak Potion"},{"floor":13,"key":"SteroidPotion"}],"is_trial":false,"path_per_floor":["M","?","?","M","?","R","M","$","T","M","R","?","M","E","R","B"],"character_chosen":"IRONCLAD","items_purchased":["Offering"],"campfire_rested":1,"item_purchase_floors":[8],"current_hp_per_floor":[80,73,73,77,57,57,62,62,62,58,58,58,51,36,60,0],"gold":204,"neow_bonus":"RANDOM_COLORLESS","is_prod":false,"is_daily":false,"chose_seed":false,"campfire_upgraded":2,"win_rate":0,"timestamp":1562771311,"path_taken":["M","?","?","?","?","R","M","$","T","M","R","?","M","E","R","BOSS"],"build_version":"2019-07-05","purchased_purges":1,"victory":false,"max_hp_per_floor":[80,80,80,80,80,80,80,80,80,80,80,80,80,80,80,80],"card_choices":[{"not_picked":["Carnage","Bloodletting"],"picked":"Dropkick","floor":1},{"not_picked":["Rage","Havoc"],"picked":"Seeing Red","floor":4},{"not_picked":["Warcry","Thunderclap","Havoc"],"picked":"SKIP","floor":7},{"not_picked":["Uppercut","Perfected Strike","Wild Strike"],"picked":"SKIP","floor":10},{"not_picked":["Carnage","Dropkick"],"picked":"Seeing Red","floor":13},{"not_picked":["Bludgeon","Cleave"],"picked":"Havoc","floor":14}],"player_experience":58583,"relics_obtained":[{"floor":9,"key":"Happy Flower"},{"floor":14,"key":"Orichalcum"}],"event_choices":[{"cards_removed":["Strike_R"],"damage_healed":0,"gold_gain":0,"player_choice":"Card Removal","damage_taken":7,"max_hp_gain":0,"max_hp_loss":0,"event_name":"Golden Wing","floor":2,"gold_loss":0},{"damage_healed":0,"gold_gain":100,"player_choice":"Pray","damage_taken":0,"max_hp_gain":0,"max_hp_loss":0,"event_name":"Golden Shrine","floor":3,"gold_loss":0},{"damage_healed":0,"gold_gain":0,"player_choice":"Take Damage","damage_taken":20,"relics_obtained":["Golden Idol"],"max_hp_gain":0,"max_hp_loss":0,"event_name":"Golden Idol","floor":5,"gold_loss":0},{"damage_healed":0,"gold_gain":0,"player_choice":"Ignored","damage_taken":0,"max_hp_gain":0,"max_hp_loss":0,"event_name":"Liars Game","floor":12,"gold_loss":0}],"is_beta":false,"boss_relics":[],"items_purged_floors":[8],"is_endless":false,"potions_floor_spawned":[1,4,13],"killed_by":"Slime Boss","ascension_level":0}