{"gold_per_floor":[119,130,130,130,141,141,141,176,200,220,230,249,249,263,263,367,367,385,385,385,404,404,433,433,433],"floor_reached":25,"playtime":689,"items_purged":[],"score":293,"play_id":"9d099b48-71f5-4105-9748-9e7c3a31807f","local_time":"20181123180528","is_ascension_mode":true,"campfire_choices":[{"data":"Zap","floor":6,"key":"SMITH"},{"floor":15,"key":"REST"},{"floor":24,"key":"REST"}],"neow_cost":"NONE","seed_source_timestamp":37115744016800,"circlet_count":0,"master_deck":["Defend_B","Defend_B","Defend_B","Zap+1","Dualcast","Darkness+1","BootSequence","Leap","Rainbow","Sweeping Beam","Loop","Coolheaded","Ball Lightning","Multi-Cast","Parasite","Parasite","Regret","Defragment","Conserve Battery","Bite","Bite","Bite","Bite","Bite","Reboot"],"relics":["Cracked Core","NeowsBlessing","Bag of Marbles","Meat on the Bone","PreservedInsect","Calling Bell","Centennial Puzzle","Question Card","Ginger","Singing Bowl"],"potions_floor_usage":[8,16,16,16,16,16,21,25,25],"damage_taken":[{"damage":0,"enemies":"Cultist","floor":1,"turns":1},{"damage":0,"enemies":"Jaw Worm","floor":2,"turns":1},{"damage":0,"enemies":"Small Slimes","floor":5,"turns":1},{"damage":10,"enemies":"3 Sentries","floor":8,"turns":4},{"damage":0,"enemies":"3 Louse","floor":10,"turns":2},{"damage":0,"enemies":"Lots of Slimes","floor":11,"turns":3},{"damage":0,"enemies":"Exordium Wildlife","floor":12,"turns":2},{"damage":0,"enemies":"Large Slime","floor":14,"turns":6},{"damage":4,"enemies":"The Guardian","floor":16,"turns":9},{"damage":1,"enemies":"Chosen","floor":18,"turns":4},{"damage":11,"enemies":"Spheric Guardian","floor":21,"turns":3},{"damage":31,"enemies":"Book of Stabbing","floor":23,"turns":4},{"damage":75,"enemies":"Gremlin Leader","floor":25,"turns":5}],"seed_played":"-533928037619788632","potions_obtained":[{"floor":2,"key":"Fire Potion"},{"floor":11,"key":"SpeedPotion"},{"floor":12,"key":"SpeedPotion"},{"floor":14,"key":"EntropicBrew"},{"floor":21,"key":"Regen Potion"},{"floor":23,"key":"Ancient Potion"}],"is_trial":false,"path_per_floor":["M","M","?","?","M","R","?","E","T","M","M","M","?","M","R","B",null,"M","?","?","M","?","E","R","E"],"character_chosen":"DEFECT","items_purchased":[],"campfire_rested":2,"item_purchase_floors":[],"current_hp_per_floor":[75,75,75,50,50,50,50,40,40,40,40,40,33,45,67,63,75,74,74,74,63,52,27,42,0],"gold":433,"neow_bonus":"THREE_ENEMY_KILL","is_prod":false,"is_daily":false,"chose_seed":false,"campfire_upgraded":1,"win_rate":0,"timestamp":1542989128,"path_taken":["M","?","?","?","M","R","?","E","T","M","M","?","?","M","R","BOSS","M","?","?","?","?","E","R","E"],"build_version":"2018-11-15","purchased_purges":0,"victory":false,"max_hp_per_floor":[75,75,75,75,75,75,75,75,75,75,75,75,75,75,75,75,75,75,75,75,75,52,52,52,52],"card_choices":[{"not_picked":["Streamline","BootSequence"],"picked":"Darkness","floor":1},{"not_picked":["Turbo","Recycle"],"picked":"BootSequence","floor":2},{"not_picked":["Lockon","FTL"],"picked":"Leap","floor":5},{"not_picked":["Storm","Consume"],"picked":"Rainbow","floor":8},{"not_picked":["Steam","Leap"],"picked":"Sweeping Beam","floor":10},{"not_picked":["Ball Lightning","Streamline"],"picked":"Loop","floor":11},{"not_picked":["Leap","FTL"],"picked":"Coolheaded","floor":12},{"not_picked":["Streamline","Undo"],"picked":"Ball Lightning","floor":14},{"not_picked":["Meteor Strike","Hyperbeam"],"picked":"Multi-Cast","floor":16},{"not_picked":["Skim","Stack","Leap","Heatsinks+1"],"picked":"SKIP","floor":18},{"not_picked":["Auto Shields","Sweeping Beam","Turbo"],"picked":"Conserve Battery","floor":21},{"not_picked":["Hyperbeam","Ball Lightning+1","Scrape+1"],"picked":"Reboot","floor":23}],"player_experience":458834,"relics_obtained":[{"floor":8,"key":"Meat on the Bone"},{"floor":9,"key":"PreservedInsect"},{"floor":17,"key":"Centennial Puzzle"},{"floor":17,"key":"Question Card"},{"floor":17,"key":"Ginger"},{"floor":23,"key":"Singing Bowl"}],"event_choices":[{"damage_healed":0,"gold_gain":0,"player_choice":"Grow","damage_taken":0,"max_hp_gain":0,"max_hp_loss":0,"event_name":"Living Wall","floor":3,"gold_loss":0,"cards_upgraded":["Darkness"]},{"damage_healed":0,"gold_gain":0,"player_choice":"Success","damage_taken":25,"relics_obtained":["Bag of Marbles"],"max_hp_gain":0,"max_hp_loss":0,"event_name":"Scrap Ooze","floor":4,"gold_loss":0},{"damage_healed":0,"gold_gain":0,"player_choice":"Bought 0 Potions","damage_taken":0,"max_hp_gain":0,"max_hp_loss":0,"event_name":"The Woman in Blue","floor":7,"gold_loss":0},{"cards_removed":["Strike_B"],"damage_healed":0,"gold_gain":0,"player_choice":"Card Removal","damage_taken":7,"max_hp_gain":0,"max_hp_loss":0,"event_name":"Golden Wing","floor":13,"gold_loss":0},{"damage_healed":0,"gold_gain":0,"player_choice":"Read","damage_taken":0,"max_hp_gain":0,"max_hp_loss":0,"event_name":"The Library","floor":19,"gold_loss":0,"cards_obtained":["Defragment"]},{"cards_removed":["Defend_B"],"damage_healed":0,"gold_gain":0,"player_choice":"Purged","damage_taken":0,"max_hp_gain":0,"max_hp_loss":0,"event_name":"Purifier","floor":20,"gold_loss":0},{"damage_healed":0,"gold_gain":0,"player_choice":"Became a vampire","damage_taken":0,"max_hp_gain":0,"max_hp_loss":23,"event_name":"Vampires","floor":22,"gold_loss":0,"cards_obtained":["Bite","Bite","Bite","Bite","Bite"]}],"is_beta":false,"boss_relics":[{"not_picked":["Empty Cage","Orrery"],"picked":"Calling Bell"}],"items_purged_floors":[],"is_endless":false,"potions_floor_spawned":[2,11,12,14,21,23],"killed_by":"Gremlin Leader","ascension_level":4}