{"gold_per_floor":[117,130,205,221,240,271,271,271,271,286,286],"floor_reached":11,"playtime":1191,"items_purged":[],"score":124,"play_id":"8475436d-5f62-43dd-994d-54833417d338","local_time":"20190717194519","is_ascension_mode":true,"campfire_choices":[],"neow_cost":"NONE","seed_source_timestamp":656356087865885,"circlet_count":0,"master_deck":["AscendersBane","Strike_G","Strike_G","Strike_G","Strike_G","Strike_G","Defend_G","Defend_G","Defend_G","Defend_G","Defend_G","Survivor","Neutralize","Cloak And Dagger","Underhanded Strike","A Thousand Cuts","PiercingWail","Dodge and Roll","Bane+1"],"relics":["Fusion Hammer","Molten Egg 2","Peace Pipe"],"potions_floor_usage":[5,11],"damage_taken":[{"damage":1,"enemies":"2 Louse","floor":1,"turns":3},{"damage":1,"enemies":"Small Slimes","floor":2,"turns":4},{"damage":0,"enemies":"Jaw Worm","floor":4,"turns":4},{"damage":13,"enemies":"Exordium Wildlife","floor":5,"turns":5},{"damage":19,"enemies":"3 Sentries","floor":6,"turns":9},{"damage":11,"enemies":"Gremlin Gang","floor":10,"turns":4},{"damage":4,"enemies":"Lots of Slimes","floor":11,"turns":2}],"seed_played":"5471920854484132768","potions_obtained":[{"floor":1,"key":"Swift Potion"},{"floor":10,"key":"SkillPotion"}],"is_trial":false,"path_per_floor":["M","M","?","M","M","E","?","?","T","M","M"],"character_chosen":"THE_SILENT","items_purchased":[],"campfire_rested":0,"item_purchase_floors":[],"current_hp_per_floor":[62,61,50,50,37,18,15,15,15,4,0],"gold":286,"neow_bonus":"BOSS_RELIC","is_prod":false,"is_daily":false,"chose_seed":false,"campfire_upgraded":0,"win_rate":0,"timestamp":1563407119,"path_taken":["M","M","?","M","M","E","?","?","T","M","?"],"build_version":"2019-07-05","purchased_purges":0,"victory":false,"max_hp_per_floor":[70,70,70,70,70,70,70,70,70,70,70],"card_choices":[{"not_picked":["Tactician","Outmaneuver"],"picked":"Cloak And Dagger","floor":1},{"not_picked":["Prepared","Outmaneuver"],"picked":"Underhanded Strike","floor":2},{"not_picked":["PiercingWail","Sucker Punch"],"picked":"A Thousand Cuts","floor":4},{"not_picked":["Prepared","Poisoned Stab"],"picked":"PiercingWail","floor":5},{"not_picked":["PiercingWail","Prepared"],"picked":"Dodge and Roll","floor":6},{"not_picked":["Underhanded Strike+1","Deadly Poison"],"picked":"Bane+1","floor":10}],"player_experience":652196,"relics_obtained":[{"floor":6,"key":"Molten Egg 2"},{"floor":9,"key":"Peace Pipe"}],"event_choices":[{"damage_healed":0,"gold_gain":75,"player_choice":"Gather Gold","damage_taken":11,"max_hp_gain":0,"max_hp_loss":0,"event_name":"World of Goop","floor":3,"gold_loss":0},{"damage_healed":0,"gold_gain":0,"player_choice":"Fled","damage_taken":3,"max_hp_gain":0,"max_hp_loss":0,"event_name":"Scrap Ooze","floor":7,"gold_loss":0},{"damage_healed":0,"gold_gain":0,"player_choice":"Ignored","damage_taken":0,"max_hp_gain":0,"max_hp_loss":0,"event_name":"Liars Game","floor":8,"gold_loss":0}],"is_beta":false,"boss_relics":[],"items_purged_floors":[],"is_endless":false,"potions_floor_spawned":[1,10],"killed_by":"Lots of Slimes","ascension_level":13}