{"gold_per_floor":[110,127,127,145,145,145,145,145,145,160,171,171,191,191,191,319,319,338,388,313,331,344,344,358,358,358,382,282,2,46,67,67,196,196,214,214,214,64,84,84],"floor_reached":40,"playtime":1921,"items_purged":["Strike_R","Strike_R","Defend_R","Strike_R"],"score":398,"play_id":"7edfb66c-b36f-40ab-b5a4-679cf89bbcc7","local_time":"20190713133548","is_ascension_mode":false,"campfire_choices":[{"data":"Armaments","floor":6,"key":"SMITH"},{"data":"Bash","floor":8,"key":"SMITH"},{"floor":12,"key":"RECALL"},{"data":"True Grit","floor":15,"key":"SMITH"},{"data":"Offering","floor":23,"key":"SMITH"},{"data":"Dropkick","floor":25,"key":"SMITH"},{"data":"Sentinel","floor":32,"key":"SMITH"}],"neow_cost":"NONE","seed_source_timestamp":170117942624809,"circlet_count":0,"master_deck":["Defend_R","Defend_R","Bash+1","True Grit+1","Armaments+1","Inflame","Offering+1","Sentinel+1","Dropkick+1","Metallicize+1","Evolve","Double Tap","Sentinel","Dark Shackles","Thinking Ahead","Panache","Madness","Madness"],"relics":["Burning Blood","Bronze Scales","Bag of Preparation","Golden Idol","Runic Pyramid","Anchor","Orichalcum","Empty Cage"],"potions_floor_usage":[16,18,24,33,33,33,33,33,33],"damage_taken":[{"damage":2,"enemies":"Small Slimes","floor":1,"turns":4},{"damage":0,"enemies":"Cultist","floor":2,"turns":4},{"damage":0,"enemies":"Jaw Worm","floor":4,"turns":5},{"damage":0,"enemies":"Looter","floor":10,"turns":4},{"damage":0,"enemies":"Red Slaver","floor":11,"turns":4},{"damage":4,"enemies":"3 Louse","floor":13,"turns":5},{"damage":55,"enemies":"Hexaghost","floor":16,"turns":16},{"damage":18,"enemies":"2 Thieves","floor":18,"turns":5},{"damage":7,"enemies":"Chosen","floor":21,"turns":5},{"damage":12,"enemies":"Snake Plant","floor":22,"turns":5},{"damage":8,"enemies":"Centurion and Healer","floor":24,"turns":14},{"damage":9,"enemies":"3 Cultists","floor":27,"turns":5},{"damage":11,"enemies":"Book of Stabbing","floor":30,"turns":5},{"damage":6,"enemies":"Cultist and Chosen","floor":31,"turns":4},{"damage":79,"enemies":"Automaton","floor":33,"turns":13},{"damage":6,"enemies":"3 Darklings","floor":35,"turns":5},{"damage":6,"enemies":"Orb Walker","floor":39,"turns":3},{"damage":76,"enemies":"Reptomancer","floor":40,"turns":2}],"seed_played":"2191761062509170047","potions_obtained":[{"floor":2,"key":"Fire Potion"},{"floor":7,"key":"Fire Potion"},{"floor":7,"key":"EntropicBrew"},{"floor":13,"key":"Regen Potion"},{"floor":16,"key":"Weak Potion"},{"floor":24,"key":"Regen Potion"},{"floor":27,"key":"SkillPotion"},{"floor":35,"key":"Swift Potion"},{"floor":39,"key":"Block Potion"}],"is_trial":false,"path_per_floor":["M","M","?","M","?","R","?","R","T","M","M","R","M","?","R","B",null,"M","?","$","M","M","R","M","R","T","M","$","$","E","M","R","B",null,"M","?","?","$","M","E"],"character_chosen":"IRONCLAD","items_purchased":["Anchor"],"campfire_rested":0,"item_purchase_floors":[29],"current_hp_per_floor":[80,80,80,80,80,80,80,80,80,80,80,80,80,60,60,11,80,68,68,68,67,61,61,74,74,74,71,71,71,66,66,66,8,80,80,70,60,60,60,0],"gold":84,"neow_bonus":"RANDOM_COMMON_RELIC","is_prod":false,"is_daily":false,"chose_seed":false,"campfire_upgraded":6,"win_rate":0,"timestamp":1563017748,"path_taken":["M","M","?","?","?","R","?","R","T","?","M","R","M","?","R","BOSS","M","?","$","M","?","R","M","R","T","M","?","$","E","M","R","BOSS","M","?","?","?","?","E"],"build_version":"2019-07-05","purchased_purges":4,"victory":false,"max_hp_per_floor":[80,80,80,80,80,80,80,80,80,80,80,80,80,80,80,80,80,80,80,80,80,80,80,80,80,80,80,80,80,80,80,80,80,80,80,80,80,80,80,80],"card_choices":[{"not_picked":["Disarm","Iron Wave"],"picked":"True Grit","floor":1},{"not_picked":["Rampage","Flex"],"picked":"Armaments","floor":2},{"not_picked":["Clothesline","Havoc","Twin Strike"],"picked":"SKIP","floor":4},{"not_picked":["Flex","Sword Boomerang","Heavy Blade"],"picked":"SKIP","floor":10},{"not_picked":["Thunderclap","Armaments"],"picked":"Inflame","floor":11},{"not_picked":["Anger","Wild Strike","Twin Strike"],"picked":"SKIP","floor":13},{"not_picked":["Reaper","Immolate"],"picked":"Offering","floor":16},{"not_picked":["Shrug It Off","Heavy Blade","Perfected Strike+1"],"picked":"SKIP","floor":18},{"not_picked":["Twin Strike+1","Hemokinesis+1","Wild Strike"],"picked":"SKIP","floor":21},{"not_picked":["Heavy Blade","Double Tap"],"picked":"Sentinel","floor":22},{"not_picked":["True Grit+1","Pummel+1"],"picked":"Dropkick","floor":24},{"not_picked":["Anger","Iron Wave","Bloodletting"],"picked":"SKIP","floor":27},{"not_picked":["Whirlwind","Blood for Blood"],"picked":"Metallicize+1","floor":30},{"not_picked":["Uppercut","Inflame"],"picked":"Evolve","floor":31},{"not_picked":["Reaper","Brutality"],"picked":"Double Tap","floor":33},{"not_picked":["Body Slam+1","True Grit+1"],"picked":"Sentinel","floor":35},{"not_picked":["PanicButton","Chrysalis"],"picked":"Dark Shackles","floor":36},{"not_picked":["Swift Strike","Dark Shackles"],"picked":"Thinking Ahead","floor":36},{"not_picked":["Mind Blast","Swift Strike"],"picked":"Panache","floor":36},{"not_picked":["Clash+1","Headbutt+1","Power Through+1"],"picked":"SKIP","floor":39}],"player_experience":110117,"relics_obtained":[{"floor":9,"key":"Bag of Preparation"},{"floor":30,"key":"Orichalcum"}],"event_choices":[{"cards_removed":["Strike_R"],"damage_healed":0,"gold_gain":0,"player_choice":"Offered Basic","damage_taken":0,"max_hp_gain":0,"max_hp_loss":0,"event_name":"Bonfire Elementals","floor":3,"gold_loss":0},{"damage_healed":0,"gold_gain":0,"player_choice":"Ignored","damage_taken":0,"max_hp_gain":0,"max_hp_loss":0,"event_name":"Liars Game","floor":5,"gold_loss":0},{"damage_healed":0,"gold_gain":0,"player_choice":"Got Potions","damage_taken":0,"max_hp_gain":0,"max_hp_loss":0,"event_name":"Lab","floor":7,"gold_loss":0},{"damage_healed":0,"gold_gain":0,"player_choice":"Take Damage","damage_taken":20,"relics_obtained":["Golden Idol"],"max_hp_gain":0,"max_hp_loss":0,"event_name":"Golden Idol","floor":14,"gold_loss":0},{"damage_healed":0,"gold_gain":100,"player_choice":"Bet on Murderer","damage_taken":0,"max_hp_gain":0,"max_hp_loss":0,"event_name":"The Joust","floor":19,"gold_loss":50},{"damage_healed":0,"gold_gain":0,"player_choice":"Memory 3","damage_taken":10,"max_hp_gain":0,"max_hp_loss":0,"event_name":"SensoryStone","floor":36,"gold_loss":0},{"damage_healed":0,"gold_gain":0,"player_choice":"Embrace Madness","damage_taken":10,"max_hp_gain":0,"max_hp_loss":0,"event_name":"Winding Halls","floor":37,"gold_loss":0,"cards_obtained":["Madness","Madness"]}],"is_beta":false,"boss_relics":[{"not_picked":["Coffee Dripper","Black Blood"],"picked":"Runic Pyramid"},{"not_picked":["Sozu","Mark of Pain"],"picked":"Empty Cage"}],"items_purged_floors":[20,28,29,38],"is_endless":false,"potions_floor_spawned":[2,11,13,16,24,27,31,35,39],"killed_by":"Reptomancer","ascension_level":0}