{"gold_per_floor":[109,34,81,99,99,133,133,161,184,197,197,209,219,237,237,334,334,346,346,357,368,368],"floor_reached":22,"playtime":927,"items_purged":["Strike_R"],"score":223,"play_id":"3c2ea0ff-bc16-40e1-9825-d7e606de6d92","local_time":"20190710161420","is_ascension_mode":false,"campfire_choices":[{"data":"Bash","floor":7,"key":"SMITH"},{"data":"Dropkick","floor":11,"key":"SMITH"},{"data":"Flex","floor":15,"key":"SMITH"}],"neow_cost":"NONE","seed_source_timestamp":12651826712603,"circlet_count":0,"master_deck":["Strike_R","Strike_R","Strike_R","Strike_R","Defend_R","Defend_R","Defend_R","Defend_R","Bash+1","Dropkick+1","Battle Trance","Flex+1","Warcry","Dual Wield"],"relics":["Burning Blood","NeowsBlessing","Regal Pillow","Gambling Chip","Gremlin Horn","Red Skull","Smiling Mask","Philosopher\u0027s Stone","FaceOfCleric"],"potions_floor_usage":[8,16,16,16,22],"damage_taken":[{"damage":0,"enemies":"Cultist","floor":1,"turns":1},{"damage":0,"enemies":"Jaw Worm","floor":4,"turns":1},{"damage":0,"enemies":"Gremlin Nob","floor":6,"turns":1},{"damage":34,"enemies":"3 Sentries","floor":8,"turns":10},{"damage":0,"enemies":"Small Slimes","floor":10,"turns":2},{"damage":3,"enemies":"Red Slaver","floor":12,"turns":4},{"damage":11,"enemies":"Lots of Slimes","floor":13,"turns":5},{"damage":10,"enemies":"Exordium Thugs","floor":14,"turns":4},{"damage":35,"enemies":"Slime Boss","floor":16,"turns":6},{"damage":14,"enemies":"Shell Parasite","floor":18,"turns":7},{"damage":30,"enemies":"3 Byrds","floor":20,"turns":6},{"damage":44,"enemies":"Sentry and Sphere","floor":21,"turns":6},{"damage":13,"enemies":"Cultist and Chosen","floor":22,"turns":4}],"seed_played":"4735112342072697972","potions_obtained":[{"floor":1,"key":"Swift Potion"},{"floor":4,"key":"Regen Potion"},{"floor":8,"key":"FearPotion"},{"floor":12,"key":"Ancient Potion"},{"floor":13,"key":"EntropicBrew"},{"floor":18,"key":"Weak Potion"}],"is_trial":false,"path_per_floor":["M","$","T","M","?","E","R","E","T","M","R","M","M","M","R","B",null,"M","?","M","M","M"],"character_chosen":"IRONCLAD","items_purchased":[],"campfire_rested":0,"item_purchase_floors":[],"current_hp_per_floor":[80,80,80,80,80,80,80,67,67,73,73,76,71,67,67,38,80,72,72,49,12,0],"gold":368,"neow_bonus":"THREE_ENEMY_KILL","is_prod":false,"is_daily":false,"chose_seed":false,"campfire_upgraded":3,"win_rate":0,"timestamp":1562768060,"path_taken":["M","$","?","M","?","E","R","E","T","M","R","M","M","M","R","BOSS","M","?","?","M","M"],"build_version":"2019-07-05","purchased_purges":1,"victory":false,"max_hp_per_floor":[80,80,80,80,80,80,80,80,80,80,80,80,80,80,80,80,80,80,80,81,82,82],"card_choices":[{"not_picked":["Uppercut","Perfected Strike"],"picked":"Dropkick","floor":1},{"not_picked":["Dual Wield","Body Slam"],"picked":"Battle Trance","floor":4},{"not_picked":["Inflame","Reaper"],"picked":"Flex","floor":6},{"not_picked":["Sword Boomerang","Fire Breathing","Burning Pact"],"picked":"SKIP","floor":8},{"not_picked":["Flex","Clash","Clothesline"],"picked":"SKIP","floor":10},{"not_picked":["Body Slam","Ghostly Armor"],"picked":"Warcry","floor":12},{"not_picked":["Sword Boomerang","Warcry","Iron Wave"],"picked":"SKIP","floor":13},{"not_picked":["Shrug It Off","Headbutt","Sword Boomerang"],"picked":"SKIP","floor":14},{"not_picked":["Clash","Headbutt","Clothesline"],"picked":"SKIP","floor":18},{"not_picked":["Body Slam","Headbutt"],"picked":"Dual Wield","floor":20},{"not_picked":["Armaments","Shockwave","Reaper"],"picked":"SKIP","floor":21}],"player_experience":55544,"relics_obtained":[{"floor":3,"key":"Regal Pillow"},{"floor":6,"key":"Gremlin Horn"},{"floor":8,"key":"Red Skull"},{"floor":9,"key":"Smiling Mask"}],"event_choices":[{"damage_healed":0,"gold_gain":0,"player_choice":"Gave Potion","damage_taken":0,"relics_obtained":["Gambling Chip"],"max_hp_gain":0,"max_hp_loss":0,"event_name":"WeMeetAgain","floor":5,"gold_loss":0},{"damage_healed":0,"gold_gain":0,"player_choice":"Trade","damage_taken":0,"relics_obtained":["FaceOfCleric"],"max_hp_gain":0,"max_hp_loss":0,"event_name":"FaceTrader","floor":19,"gold_loss":0}],"is_beta":false,"boss_relics":[{"not_picked":["Black Blood","Coffee Dripper"],"picked":"Philosopher\u0027s Stone"}],"items_purged_floors":[2],"is_endless":false,"potions_floor_spawned":[1,4,8,12,13,18,20],"killed_by":"Cultist and Chosen","ascension_level":0}