{"gold_per_floor":[109,127,127,143,156,156,231,231,258,270],"floor_reached":10,"playtime":262,"items_purged":[],"score":93,"play_id":"a5774268-a0e9-4493-bec8-d52dbbf0c472","local_time":"20181103103744","is_ascension_mode":true,"campfire_choices":[{"data":"Cleave","floor":6,"key":"SMITH"}],"neow_cost":"CURSE","seed_source_timestamp":130959778466900,"circlet_count":0,"master_deck":["AscendersBane","Strike_R","Strike_R","Strike_R","Strike_R","Strike_R","Defend_R","Defend_R","Defend_R","Defend_R","Bash","Finesse","Jack Of All Trades","Anger","Fiend Fire","Cleave+1","Shrug It Off","Regret"],"relics":["Burning Blood","Blood Vial","MawBank"],"potions_floor_usage":[4],"damage_taken":[{"damage":9,"enemies":"Small Slimes","floor":1,"turns":4},{"damage":0,"enemies":"Cultist","floor":2,"turns":3},{"damage":14,"enemies":"2 Louse","floor":4,"turns":2},{"damage":22,"enemies":"Looter","floor":5,"turns":3},{"damage":59,"enemies":"Gremlin Nob","floor":10,"turns":4}],"seed_played":"4139607858916277081","potions_obtained":[{"floor":2,"key":"SpeedPotion"}],"is_trial":false,"path_per_floor":["M","M","?","M","M","R","?","?","T","E"],"character_chosen":"IRONCLAD","items_purchased":[],"campfire_rested":0,"item_purchase_floors":[],"current_hp_per_floor":[69,75,75,67,51,51,40,40,40,0],"gold":270,"neow_bonus":"RANDOM_COLORLESS_2","is_prod":false,"is_daily":false,"chose_seed":false,"campfire_upgraded":1,"win_rate":0,"timestamp":1541234264,"path_taken":["M","M","?","M","?","R","?","?","T","E"],"build_version":"2018-11-01","purchased_purges":0,"victory":false,"max_hp_per_floor":[80,80,80,80,80,80,80,80,80,80],"card_choices":[{"not_picked":["Clothesline","Heavy Blade"],"picked":"Anger","floor":1},{"not_picked":["Armaments","Entrench"],"picked":"Fiend Fire","floor":2},{"not_picked":["Armaments","Inflame"],"picked":"Cleave","floor":4},{"not_picked":["Cleave","Clash"],"picked":"Shrug It Off","floor":5}],"player_experience":456078,"relics_obtained":[{"floor":9,"key":"MawBank"}],"event_choices":[{"cards_removed":["Clumsy"],"damage_healed":0,"gold_gain":0,"player_choice":"Card Removal","damage_taken":0,"max_hp_gain":0,"max_hp_loss":0,"event_name":"Wheel of Change","floor":3,"gold_loss":0},{"damage_healed":0,"gold_gain":75,"player_choice":"Gather Gold","damage_taken":11,"max_hp_gain":0,"max_hp_loss":0,"event_name":"World of Goop","floor":7,"gold_loss":0},{"damage_healed":0,"gold_gain":0,"player_choice":"Box","damage_taken":0,"relics_obtained":["Blood Vial"],"max_hp_gain":0,"max_hp_loss":0,"event_name":"Big Fish","floor":8,"gold_loss":0,"cards_obtained":["Regret"]}],"is_beta":false,"boss_relics":[],"items_purged_floors":[],"is_endless":false,"potions_floor_spawned":[2],"killed_by":"Gremlin Nob","ascension_level":12}