{"gold_per_floor":[118,118,133,133,146,146,157,183,183,196,226,30,105,121,121,121],"floor_reached":16,"playtime":320,"items_purged":[],"score":128,"play_id":"f8241b45-13d3-46b8-87b7-0ba2a437dc53","local_time":"20190331195833","is_ascension_mode":true,"campfire_choices":[{"floor":6,"key":"RECALL"},{"floor":15,"key":"REST"}],"neow_cost":"NONE","seed_source_timestamp":33868088503100,"circlet_count":0,"master_deck":["Strike_B","Strike_B","Strike_B+1","Strike_B","Defend_B","Defend_B","Defend_B","Defend_B","Zap+1","Dualcast","Gash","Redo","Regret","FTL","Steam","Buffer","Genetic Algorithm","Coolheaded"],"relics":["Cracked Core","NeowsBlessing","Happy Flower","Mango","Bronze Scales","Runic Capacitor"],"potions_floor_usage":[8,8,14],"damage_taken":[{"damage":0,"enemies":"2 Louse","floor":1,"turns":1},{"damage":0,"enemies":"Small Slimes","floor":3,"turns":1},{"damage":0,"enemies":"Cultist","floor":5,"turns":1},{"damage":13,"enemies":"Looter","floor":7,"turns":2},{"damage":39,"enemies":"Gremlin Nob","floor":8,"turns":5},{"damage":0,"enemies":"Exordium Thugs","floor":10,"turns":3},{"damage":17,"enemies":"Large Slime","floor":14,"turns":3},{"damage":39,"enemies":"Hexaghost","floor":16,"turns":8}],"seed_played":"-7506016361264435751","potions_obtained":[{"floor":3,"key":"Regen Potion"},{"floor":5,"key":"SpeedPotion"},{"floor":10,"key":"Explosive Potion"},{"floor":14,"key":"Explosive Potion"}],"is_trial":false,"path_per_floor":["M","?","M","?","M","R","M","E","T","M","?","$","?","M","R","B"],"character_chosen":"DEFECT","items_purchased":["Runic Capacitor"],"campfire_rested":1,"item_purchase_floors":[12],"current_hp_per_floor":[75,60,60,60,60,60,47,36,36,36,36,36,28,11,37,0],"gold":121,"neow_bonus":"THREE_ENEMY_KILL","is_prod":false,"is_daily":false,"chose_seed":false,"campfire_upgraded":0,"win_rate":0,"timestamp":1554051513,"path_taken":["M","?","M","?","M","R","M","E","T","M","?","$","?","?","R","BOSS"],"build_version":"2019-01-23","purchased_purges":0,"victory":false,"max_hp_per_floor":[75,75,75,75,75,75,75,89,89,89,89,89,89,89,89,89],"card_choices":[{"not_picked":["Leap","Force Field"],"picked":"Gash","floor":1},{"not_picked":["Hello World","Streamline"],"picked":"Redo","floor":3},{"not_picked":["Sweeping Beam","Ball Lightning"],"picked":"FTL","floor":5},{"not_picked":["Streamline","Tempest"],"picked":"Steam","floor":7},{"not_picked":["Streamline","Sweeping Beam"],"picked":"Buffer","floor":8},{"not_picked":["Compile Driver","Sweeping Beam"],"picked":"Genetic Algorithm","floor":10},{"not_picked":["Ball Lightning","Cold Snap"],"picked":"Coolheaded","floor":14}],"player_experience":509398,"relics_obtained":[{"floor":8,"key":"Mango"}],"event_choices":[{"damage_healed":0,"gold_gain":0,"player_choice":"Entered Light","damage_taken":15,"max_hp_gain":0,"max_hp_loss":0,"event_name":"Shining Light","floor":2,"gold_loss":0,"cards_upgraded":["Zap","Strike_B"]},{"damage_healed":0,"gold_gain":0,"player_choice":"Box","damage_taken":0,"relics_obtained":["Happy Flower"],"max_hp_gain":0,"max_hp_loss":0,"event_name":"Big Fish","floor":4,"gold_loss":0,"cards_obtained":["Regret"]},{"damage_healed":0,"gold_gain":30,"player_choice":"Searched \u00273\u0027 times","damage_taken":0,"relics_obtained":["Bronze Scales"],"max_hp_gain":0,"max_hp_loss":0,"event_name":"Dead Adventurer","floor":11,"gold_loss":0},{"damage_healed":0,"gold_gain":75,"player_choice":"Touch","damage_taken":8,"max_hp_gain":0,"max_hp_loss":0,"event_name":"FaceTrader","floor":13,"gold_loss":0}],"is_beta":false,"boss_relics":[],"items_purged_floors":[],"is_endless":false,"potions_floor_spawned":[3,5,10,14],"killed_by":"Hexaghost","ascension_level":5}