{"gold_per_floor":[112,112,130,130,143,143,162,194,248,248],"floor_reached":10,"playtime":714,"items_purged":[],"score":133,"play_id":"54e562c1-86ab-4fe6-b6f5-290763890c50","local_time":"20190713181821","is_ascension_mode":true,"campfire_choices":[{"data":"Neutralize","floor":6.0,"key":"SMITH"}],"neow_cost":"NONE","seed_source_timestamp":233848928727378,"circlet_count":0,"master_deck":["AscendersBane","Strike_G","Strike_G","Strike_G","Strike_G","Defend_G","Defend_G","Defend_G","Defend_G","Defend_G","Survivor","Neutralize+1","Poisoned Stab","PiercingWail","Dagger Throw","Infinite Blades","Crippling Poison"],"special_seed":0,"relics":["Ring of the Snake","Sundial","Bag of Preparation"],"potions_floor_usage":[8],"damage_taken":[{"damage":0.0,"enemies":"2 Louse","floor":1.0,"turns":4.0},{"damage":0.0,"enemies":"Jaw Worm","floor":3.0,"turns":5.0},{"damage":1.0,"enemies":"Cultist","floor":5.0,"turns":4.0},{"damage":14.0,"enemies":"Exordium Wildlife","floor":7.0,"turns":7.0},{"damage":39,"enemies":"3 Sentries","floor":8,"turns":12},{"damage":20,"enemies":"Gremlin Nob","floor":10,"turns":3}],"seed_played":"-8723340639933756144","potions_obtained":[{"floor":3.0,"key":"GhostInAJar"},{"floor":5.0,"key":"FearPotion"}],"is_trial":false,"path_per_floor":["M","?","M","?","M","R","M","E","T","E"],"character_chosen":"THE_SILENT","items_purchased":[],"campfire_rested":0,"item_purchase_floors":[],"current_hp_per_floor":[65,65,65,65,64,64,50,11,11,0],"gold":248,"neow_bonus":"TEN_PERCENT_HP_BONUS","is_prod":false,"is_daily":false,"chose_seed":false,"campfire_upgraded":1,"win_rate":0,"timestamp":1563056301,"path_taken":["M","?","M","?","?","R","M","E","T","E"],"build_version":"2019-07-05","purchased_purges":0,"victory":false,"max_hp_per_floor":[72,72,72,72,72,72,72,72,72,72],"card_choices":[{"not_picked":["Prepared","Acrobatics"],"picked":"Poisoned Stab","floor":1.0},{"not_picked":["Dagger Throw","Deflect"],"picked":"PiercingWail","floor":3.0},{"not_picked":["Dodge and Roll","Blur"],"picked":"Dagger Throw","floor":5.0},{"not_picked":["Outmaneuver","Acrobatics"],"picked":"Infinite Blades","floor":7.0},{"not_picked":["Bane","Dagger Spray"],"picked":"Crippling Poison","floor":8}],"player_experience":2462845,"relics_obtained":[{"floor":8,"key":"Sundial"},{"floor":9,"key":"Bag of Preparation"}],"event_choices":[{"damage_healed":0.0,"max_hp_gain":0.0,"max_hp_loss":0.0,"gold_gain":0.0,"event_name":"Golden Wing","player_choice":"Ignored","floor":2.0,"gold_loss":0.0,"damage_taken":0.0},{"cards_removed":["Strike_G"],"damage_healed":0.0,"max_hp_gain":0.0,"max_hp_loss":0.0,"gold_gain":0.0,"event_name":"Wheel of Change","player_choice":"Card Removal","floor":4.0,"gold_loss":0.0,"damage_taken":0.0}],"is_beta":false,"boss_relics":[],"items_purged_floors":[],"is_endless":false,"potions_floor_spawned":[3,5],"killed_by":"Gremlin Nob","ascension_level":19}