{"gold_per_floor":[112,187,187,187,198,225,175,175,175,175,200,200,213,228,228,333,333,350,350,221,221,234,234,248,248,271,271,306,3,3,19,19,115,115,132,181,109,121,221,250,250,263,263,294,294,304,304,49,49,49,49,49,14,47,47],"floor_reached":55,"playtime":2915,"items_purged":["Strike_G","Strike_G"],"score":699,"play_id":"324d6bd3-757a-4f83-abb3-b535813c2bd9","local_time":"20190712200638","is_ascension_mode":false,"campfire_choices":[{"data":"Noxious Fumes","floor":8,"key":"SMITH"},{"data":"Neutralize","floor":10,"key":"SMITH"},{"floor":12,"key":"REST"},{"floor":15,"key":"REST"},{"data":"Prepared","floor":23,"key":"SMITH"},{"floor":27,"key":"RECALL"},{"data":"Backflip","floor":30,"key":"SMITH"},{"floor":32,"key":"REST"},{"data":"Noxious Fumes","floor":41,"key":"SMITH"},{"data":"Escape Plan","floor":45,"key":"SMITH"},{"floor":49,"key":"REST"},{"data":"Caltrops","floor":52,"key":"SMITH"}],"neow_cost":"NONE","seed_source_timestamp":106173906685409,"circlet_count":0,"master_deck":["Defend_G","Defend_G","Defend_G+1","Defend_G+1","Survivor","Neutralize+1","Noxious Fumes+1","Escape Plan+1","Dagger Spray+1","Poisoned Stab+1","Backstab+1","Die Die Die+1","Backflip+1","Dagger Throw+1","Prepared+1","Setup+1","After Image","Backstab+1","Noxious Fumes+1","Flash of Steel+1","After Image","Outmaneuver+1","Well Laid Plans","Prepared+1","Backstab+1","Infinite Blades","Backflip+1","Madness","Madness","Mayhem","Caltrops+1","Noxious Fumes","Backflip"],"relics":["Ring of the Snake","Oddly Smooth Stone","Molten Egg 2","Happy Flower","Empty Cage","Mercury Hourglass","Snake Skull","Bottled Flame","Philosopher\u0027s Stone","Dead Branch","Ancient Tea Set","Tingsha","Blood Vial","Calipers"],"potions_floor_usage":[6,6,11,16,28,28,44,44,50,55,55],"damage_taken":[{"damage":0,"enemies":"2 Louse","floor":1,"turns":4},{"damage":2,"enemies":"Small Slimes","floor":5,"turns":4},{"damage":13,"enemies":"Lagavulin","floor":6,"turns":8},{"damage":21,"enemies":"3 Sentries","floor":11,"turns":7},{"damage":0,"enemies":"Cultist","floor":13,"turns":3},{"damage":0,"enemies":"2 Fungi Beasts","floor":14,"turns":2},{"damage":10,"enemies":"Slime Boss","floor":16,"turns":7},{"damage":12,"enemies":"Shell Parasite","floor":18,"turns":5},{"damage":1,"enemies":"Spheric Guardian","floor":22,"turns":4},{"damage":1,"enemies":"Cultist and Chosen","floor":24,"turns":4},{"damage":30,"enemies":"Book of Stabbing","floor":28,"turns":5},{"damage":5,"enemies":"Centurion and Healer","floor":31,"turns":4},{"damage":15,"enemies":"Automaton","floor":33,"turns":9},{"damage":0,"enemies":"3 Shapes","floor":35,"turns":3},{"damage":8,"enemies":"3 Darklings","floor":38,"turns":4},{"damage":0,"enemies":"Mind Bloom Boss Battle","floor":39,"turns":7},{"damage":17,"enemies":"Nemesis","floor":40,"turns":7},{"damage":0,"enemies":"4 Shapes","floor":42,"turns":4},{"damage":8,"enemies":"Giant Head","floor":44,"turns":8},{"damage":0,"enemies":"Spire Growth","floor":46,"turns":4},{"damage":47,"enemies":"Donu and Deca","floor":50,"turns":7},{"damage":22,"enemies":"Shield and Spear","floor":54,"turns":5},{"damage":58,"enemies":"The Heart","floor":55,"turns":3}],"seed_played":"22823819298410868","potions_obtained":[{"floor":0,"key":"SteroidPotion"},{"floor":0,"key":"Explosive Potion"},{"floor":0,"key":"Dexterity Potion"},{"floor":6,"key":"FearPotion"},{"floor":13,"key":"SteroidPotion"},{"floor":14,"key":"Ancient Potion"},{"floor":18,"key":"Dexterity Potion"},{"floor":31,"key":"Poison Potion"},{"floor":40,"key":"PowerPotion"},{"floor":44,"key":"AttackPotion"},{"floor":54,"key":"LiquidBronze"}],"is_trial":false,"path_per_floor":["M","?","?","?","M","E","?","R","T","R","E","R","M","M","R","B",null,"M","?","$","T","M","R","M","?","T","R","E","$","R","M","R","B",null,"M","T","$","M","?","E","R","M","T","E","R","M","?","$","R","B",null,"R","$","E","B"],"character_chosen":"THE_SILENT","items_purchased":["Prepared","Backstab+1","Noxious Fumes","Flash of Steel+1","Well Laid Plans","Mayhem","Caltrops","Noxious Fumes"],"campfire_rested":4,"item_purchase_floors":[20,29,29,29,37,48,48,53],"current_hp_per_floor":[70,59,45,50,48,35,35,35,35,35,14,36,36,36,58,48,75,63,63,63,63,62,62,61,61,61,61,31,31,31,26,48,33,75,75,75,75,67,67,50,50,50,50,42,42,44,35,35,57,12,75,75,75,53,0],"gold":47,"neow_bonus":"THREE_SMALL_POTIONS","is_prod":false,"is_daily":false,"chose_seed":false,"campfire_upgraded":7,"win_rate":0,"timestamp":1562954798,"path_taken":["M","?","?","?","M","E","?","R","T","R","E","R","M","M","R","BOSS","M","?","$","?","M","R","M","?","T","R","E","$","R","M","R","BOSS","M","?","$","M","?","E","R","M","T","E","R","M","?","$","R","BOSS","R","$","E","BOSS"],"build_version":"2019-07-05","purchased_purges":2,"victory":false,"max_hp_per_floor":[70,70,70,75,75,75,75,75,75,75,75,75,75,75,75,75,75,75,75,75,75,75,75,75,75,75,75,75,75,75,75,75,75,75,75,75,75,75,75,75,75,75,75,75,75,75,75,75,75,75,75,75,75,75,75],"card_choices":[{"not_picked":["Riddle With Holes","Dodge and Roll"],"picked":"Noxious Fumes","floor":1},{"not_picked":["Acrobatics","Bullet Time","Blade Dance"],"picked":"SKIP","floor":5},{"not_picked":["Bullet Time","Dagger Spray"],"picked":"Escape Plan","floor":6},{"not_picked":["Backstab+1","Flechettes+1"],"picked":"Dagger Spray+1","floor":11},{"not_picked":["Sucker Punch+1","Acrobatics"],"picked":"Poisoned Stab+1","floor":13},{"not_picked":["Blade Dance","Distraction"],"picked":"Backstab+1","floor":14},{"not_picked":["Grand Finale+1","Unload+1"],"picked":"Die Die Die+1","floor":16},{"not_picked":["Reflex","Sucker Punch+1"],"picked":"Backflip","floor":18},{"not_picked":["Bouncing Flask","Dagger Throw+1","Flying Knee+1"],"picked":"SKIP","floor":22},{"not_picked":["Bouncing Flask","Dagger Throw+1","Flying Knee+1"],"picked":"SKIP","floor":22},{"not_picked":["Deflect","Slice+1"],"picked":"Setup+1","floor":24},{"not_picked":["Masterful Stab+1","Prepared"],"picked":"After Image","floor":28},{"not_picked":["Dagger Spray+1","Sucker Punch+1","Bane+1"],"picked":"SKIP","floor":31},{"not_picked":["Doppelganger","Envenom"],"picked":"After Image","floor":33},{"not_picked":["Blade Dance+1","Dagger Throw+1"],"picked":"Outmaneuver+1","floor":35},{"not_picked":["Bane+1","Underhanded Strike+1"],"picked":"Prepared+1","floor":38},{"not_picked":["Sucker Punch+1","Accuracy"],"picked":"Backstab+1","floor":39},{"not_picked":["Venomology","Dash+1","Cloak And Dagger"],"picked":"SKIP","floor":40},{"not_picked":["Prepared","Deadly Poison+1","Eviscerate+1"],"picked":"SKIP","floor":42},{"not_picked":["Dagger Throw+1","Flechettes+1"],"picked":"Infinite Blades","floor":44},{"not_picked":["Outmaneuver+1","Flying Knee+1"],"picked":"Backflip+1","floor":46},{"not_picked":["Masterful Stab+1","Leg Sweep"],"picked":"Backflip","floor":54}],"player_experience":98498,"relics_obtained":[{"floor":6,"key":"Oddly Smooth Stone"},{"floor":9,"key":"Molten Egg 2"},{"floor":11,"key":"Happy Flower"},{"floor":21,"key":"Mercury Hourglass"},{"floor":26,"key":"Snake Skull"},{"floor":28,"key":"Bottled Flame"},{"floor":39,"key":"Dead Branch"},{"floor":40,"key":"Ancient Tea Set"},{"floor":43,"key":"Tingsha"},{"floor":44,"key":"Blood Vial"},{"floor":54,"key":"Calipers"}],"event_choices":[{"damage_healed":0,"gold_gain":75,"player_choice":"Gather Gold","damage_taken":11,"max_hp_gain":0,"max_hp_loss":0,"event_name":"World of Goop","floor":2,"gold_loss":0},{"damage_healed":0,"gold_gain":0,"player_choice":"Entered Light","damage_taken":14,"max_hp_gain":0,"max_hp_loss":0,"event_name":"Shining Light","floor":3,"gold_loss":0,"cards_upgraded":["Defend_G","Defend_G"]},{"damage_healed":0,"gold_gain":0,"player_choice":"Donut","damage_taken":0,"max_hp_gain":5,"max_hp_loss":0,"event_name":"Big Fish","floor":4,"gold_loss":0},{"cards_removed":["Strike_G"],"damage_healed":0,"gold_gain":0,"player_choice":"Card Removal","damage_taken":0,"max_hp_gain":0,"max_hp_loss":0,"event_name":"The Cleric","floor":7,"gold_loss":50},{"damage_healed":0,"gold_gain":0,"cards_transformed":["Strike_G"],"player_choice":"Transformed","damage_taken":0,"max_hp_gain":0,"max_hp_loss":0,"event_name":"Transmorgrifier","floor":19,"gold_loss":0,"cards_obtained":["Dagger Throw"]},{"damage_healed":0,"gold_gain":0,"player_choice":"Bought 0 Potions","damage_taken":0,"max_hp_gain":0,"max_hp_loss":0,"event_name":"The Woman in Blue","floor":25,"gold_loss":0},{"damage_healed":0,"gold_gain":0,"player_choice":"Fight","damage_taken":0,"max_hp_gain":0,"max_hp_loss":0,"event_name":"MindBloom","floor":39,"gold_loss":0},{"damage_healed":0,"gold_gain":0,"player_choice":"Embrace Madness","damage_taken":9,"max_hp_gain":0,"max_hp_loss":0,"event_name":"Winding Halls","floor":47,"gold_loss":0,"cards_obtained":["Madness","Madness"]}],"is_beta":false,"boss_relics":[{"not_picked":["Eternal Feather","Runic Dome"],"picked":"Empty Cage"},{"not_picked":["White Beast Statue","Fusion Hammer"],"picked":"Philosopher\u0027s Stone"}],"items_purged_floors":[20,29],"is_endless":false,"potions_floor_spawned":[6,13,14,18,24,31,40,44,54],"killed_by":"The Heart","ascension_level":0}