{"gold_per_floor":[112,187,207,217,235,250,250,280,280,309,309,325,343,359,359,455,455,474,490,490,54,74,74,74,74,74,85,85,103,121,11,11,11],"floor_reached":33,"playtime":2955,"items_purged":["Strike_G"],"score":263,"play_id":"f4348728-100d-4c65-8208-8b8ad385ddf5","local_time":"20181112192310","is_ascension_mode":false,"campfire_choices":[{"data":"Bane","floor":7,"key":"SMITH"},{"floor":11,"key":"REST"},{"floor":15,"key":"REST"},{"floor":23,"key":"REST"},{"floor":25,"key":"REST"},{"floor":32,"key":"REST"}],"neow_cost":"NONE","seed_source_timestamp":2858191456087504,"circlet_count":0,"master_deck":["Defend_G","Defend_G","Defend_G","Defend_G","Defend_G","Strike_G","Strike_G","Strike_G","Strike_G","Survivor","Neutralize","Corpse Explosion","Poisoned Stab","Endless Agony","Distraction","Prepared","Bane+1","Cloak And Dagger","Bane","Storm of Steel+1","Footwork","Deadly Poison+1","Adrenaline+1","Catalyst+1","Escape Plan+1","Expertise+1","Well Laid Plans+1","Cloak And Dagger+1","Poisoned Stab+1","Escape Plan+1"],"relics":["Ring of the Snake","Art of War","Toxic Egg 2","Ninja Scroll","Lizard Tail","Nilry\u0027s Codex","Pen Nib","Nunchaku","Mummified Hand"],"potions_floor_usage":[8,8,16,16,16,22,22,27,29],"damage_taken":[{"damage":4,"enemies":"Jaw Worm","floor":1,"turns":5},{"damage":0,"enemies":"Small Slimes","floor":3,"turns":3},{"damage":0,"enemies":"Cultist","floor":4,"turns":3},{"damage":1,"enemies":"Blue Slaver","floor":5,"turns":4},{"damage":4,"enemies":"Exordium Wildlife","floor":6,"turns":3},{"damage":10,"enemies":"3 Sentries","floor":8,"turns":3},{"damage":25,"enemies":"Lagavulin","floor":10,"turns":6},{"damage":9,"enemies":"2 Fungi Beasts","floor":12,"turns":2},{"damage":0,"enemies":"Red Slaver","floor":13,"turns":1},{"damage":0,"enemies":"Exordium Thugs","floor":14,"turns":2},{"damage":23,"enemies":"The Guardian","floor":16,"turns":8},{"damage":10,"enemies":"3 Byrds","floor":18,"turns":4},{"damage":27,"enemies":"Spheric Guardian","floor":19,"turns":6},{"damage":18,"enemies":"Shelled Parasite and Fungi","floor":22,"turns":3},{"damage":17,"enemies":"Centurion and Healer","floor":27,"turns":3},{"damage":11,"enemies":"Sentry and Sphere","floor":29,"turns":5},{"damage":27,"enemies":"Cultist and Chosen","floor":30,"turns":7},{"damage":72,"enemies":"Automaton","floor":33,"turns":6}],"seed_played":"6218766037299467152","potions_obtained":[{"floor":3,"key":"Strength Potion"},{"floor":4,"key":"EssenceOfSteel"},{"floor":10,"key":"Dexterity Potion"},{"floor":12,"key":"Poison Potion"},{"floor":14,"key":"Strength Potion"},{"floor":16,"key":"GamblersBrew"},{"floor":18,"key":"Regen Potion"},{"floor":19,"key":"LiquidBronze"},{"floor":22,"key":"SkillPotion"}],"is_trial":false,"path_per_floor":["M","?","M","M","M","M","R","E","T","E","R","M","M","M","R","B",null,"M","M","?","$","M","R","?","R","T","M","?","M","M","$","R","B"],"character_chosen":"THE_SILENT","items_purchased":["Pen Nib","Nunchaku","Escape Plan+1"],"campfire_rested":5,"item_purchase_floors":[21,21,31],"current_hp_per_floor":[66,55,55,55,54,50,50,40,40,15,36,27,27,27,48,25,70,60,33,17,17,11,32,32,53,53,36,23,12,31,31,53,0],"gold":11,"neow_bonus":"ONE_RANDOM_RARE_CARD","is_prod":false,"is_daily":false,"chose_seed":false,"campfire_upgraded":1,"win_rate":0,"timestamp":1542072190,"path_taken":["M","?","M","M","M","M","R","E","T","E","R","M","M","M","R","BOSS","M","M","?","$","M","R","?","R","T","M","?","M","M","$","R","BOSS"],"build_version":"2018-11-08","purchased_purges":1,"victory":false,"max_hp_per_floor":[70,70,70,70,70,70,70,70,70,70,70,70,70,70,70,70,70,70,70,70,70,70,70,70,70,70,70,75,75,75,75,75,75],"card_choices":[{"not_picked":["Blade Dance","Reflex"],"picked":"Poisoned Stab","floor":1},{"not_picked":["Backflip","Dagger Throw"],"picked":"Endless Agony","floor":3},{"not_picked":["Skewer","Dodge and Roll"],"picked":"Distraction","floor":4},{"not_picked":["Skewer","Flying Knee"],"picked":"Prepared","floor":5},{"not_picked":["Blade Dance","Terror"],"picked":"Bane","floor":6},{"not_picked":["Dodge and Roll","Flying Knee"],"picked":"Cloak And Dagger","floor":8},{"not_picked":["Prepared+1","Underhanded Strike"],"picked":"Bane","floor":10},{"not_picked":["PiercingWail+1","Blur+1"],"picked":"Storm of Steel+1","floor":12},{"not_picked":["Blur+1","Riddle With Holes"],"picked":"Footwork","floor":13},{"not_picked":["Caltrops","Dagger Spray"],"picked":"Deadly Poison+1","floor":14},{"not_picked":["Die Die Die","Glass Knife"],"picked":"Adrenaline+1","floor":16},{"not_picked":["Backflip+1","Riddle With Holes"],"picked":"Catalyst+1","floor":18},{"not_picked":["Sucker Punch+1","Acrobatics+1"],"picked":"Escape Plan+1","floor":19},{"not_picked":["Predator","Cloak And Dagger+1"],"picked":"Expertise+1","floor":22},{"not_picked":["Poisoned Stab","Terror+1"],"picked":"Well Laid Plans+1","floor":27},{"not_picked":["Backflip+1","Predator"],"picked":"Cloak And Dagger+1","floor":29},{"not_picked":["Dagger Throw+1","Slice"],"picked":"Poisoned Stab+1","floor":30}],"player_experience":135156,"relics_obtained":[{"floor":8,"key":"Art of War"},{"floor":9,"key":"Toxic Egg 2"},{"floor":10,"key":"Ninja Scroll"},{"floor":20,"key":"Nilry\u0027s Codex"},{"floor":26,"key":"Mummified Hand"}],"event_choices":[{"damage_healed":0,"gold_gain":75,"player_choice":"Gather Gold","damage_taken":11,"max_hp_gain":0,"max_hp_loss":0,"event_name":"World of Goop","floor":2,"gold_loss":0},{"damage_healed":0,"gold_gain":0,"player_choice":"Obtained Book","damage_taken":16,"max_hp_gain":0,"max_hp_loss":0,"event_name":"Cursed Tome","floor":20,"gold_loss":0},{"damage_healed":0,"gold_gain":0,"player_choice":"Ignored","damage_taken":0,"max_hp_gain":0,"max_hp_loss":0,"event_name":"The Mausoleum","floor":24,"gold_loss":0},{"damage_healed":0,"gold_gain":0,"player_choice":"Shed Blood","damage_taken":18,"max_hp_gain":5,"max_hp_loss":0,"event_name":"Forgotten Altar","floor":28,"gold_loss":0}],"is_beta":false,"boss_relics":[{"not_picked":["White Beast Statue","Ectoplasm"],"picked":"Lizard Tail"}],"items_purged_floors":[31],"is_endless":false,"potions_floor_spawned":[3,4,10,12,14,16,18,19,22],"killed_by":"Automaton","ascension_level":0}