{"gold_per_floor":[109,126,126,401,420,420,436,436,436,436,468,468,483,94,94,94],"floor_reached":16,"playtime":468,"items_purged":["Regret"],"score":145,"play_id":"ada17f8d-f080-4b26-a778-81124e902051","local_time":"20180928113751","is_ascension_mode":true,"campfire_choices":[{"data":"Flex","floor":6,"key":"SMITH"},{"floor":8,"key":"REST"},{"data":"Ghostly Armor","floor":10,"key":"SMITH"},{"floor":15,"key":"REST"}],"neow_cost":"NONE","seed_source_timestamp":613083824437243,"circlet_count":0,"master_deck":["Strike_R","Strike_R","Strike_R","Strike_R","Strike_R","Defend_R","Defend_R","Defend_R","Defend_R","Bash","Ghostly Armor+1","Flex+1","Infernal Blade","Thunderclap","Inflame"],"relics":["Burning Blood","Art of War","Ginger","Unceasing Top","Dream Catcher","Letter Opener"],"potions_floor_usage":[16],"damage_taken":[{"damage":10,"enemies":"Small Slimes","floor":1,"turns":4},{"damage":10,"enemies":"Cultist","floor":2,"turns":4},{"damage":12,"enemies":"2 Louse","floor":5,"turns":2},{"damage":19,"enemies":"Blue Slaver","floor":7,"turns":4},{"damage":52,"enemies":"Lagavulin","floor":11,"turns":7},{"damage":5,"enemies":"Red Slaver","floor":13,"turns":3},{"damage":79,"enemies":"Hexaghost","floor":16,"turns":7}],"seed_played":"4435052786641740409","potions_obtained":[{"floor":1,"key":"BloodPotion"},{"floor":13,"key":"Explosive Potion"}],"is_trial":false,"path_per_floor":["M","M","?","?","M","R","M","R","T","R","E","?","M","$","R"],"character_chosen":"IRONCLAD","items_purchased":["Letter Opener","Inflame"],"campfire_rested":2,"item_purchase_floors":[14,14],"current_hp_per_floor":[68,64,64,64,58,58,45,69,69,69,23,49,50,50,74,0],"gold":94,"neow_bonus":"RANDOM_COMMON_RELIC","is_prod":false,"is_daily":false,"chose_seed":false,"campfire_upgraded":2,"win_rate":0,"timestamp":1538123871,"path_taken":["M","M","?","?","M","R","M","R","T","R","E","?","M","$","R","BOSS"],"build_version":"2018-09-27","purchased_purges":1,"victory":false,"max_hp_per_floor":[80,80,80,80,80,80,80,80,80,80,80,80,80,80,80,80],"card_choices":[{"not_picked":["Evolve","Clash"],"picked":"Ghostly Armor","floor":1},{"not_picked":["Warcry","Rage"],"picked":"Flex","floor":2},{"not_picked":["Second Wind","Clothesline","Clash"],"picked":"SKIP","floor":5},{"not_picked":["Warcry","Iron Wave","True Grit"],"picked":"SKIP","floor":7},{"not_picked":["Reckless Charge","Entrench"],"picked":"Infernal Blade","floor":11},{"not_picked":["Warcry","Sword Boomerang"],"picked":"Thunderclap","floor":13}],"player_experience":389040,"relics_obtained":[{"floor":9,"key":"Unceasing Top"},{"floor":11,"key":"Dream Catcher"}],"event_choices":[{"event_name":"WeMeetAgain","player_choice":"Potion","floor":3,"damage_taken":0},{"event_name":"Golden Shrine","player_choice":"Desecrate","floor":4,"damage_taken":0},{"event_name":"Big Fish","player_choice":"Banana","floor":12,"damage_taken":0}],"is_beta":false,"boss_relics":[],"items_purged_floors":[14],"is_endless":false,"potions_floor_spawned":[1,13],"killed_by":"Hexaghost","ascension_level":9}