{"gold_per_floor":[17,36,36,36,59,59,77,92,92,117,117,153,168,218,218,314,314,330,353,367,282,282,282,300,42,42,61,61,61,99,115,115,205,205,205],"floor_reached":35,"playtime":4672,"items_purged":[],"score":768,"play_id":"3b34614f-2304-4572-adb3-baf5b97e8904","local_time":"20190710120133","is_ascension_mode":true,"campfire_choices":[{"data":"Footwork","floor":6,"key":"SMITH"},{"data":"Deadly Poison","floor":11,"key":"SMITH"},{"data":"Deadly Poison","floor":15,"key":"SMITH"},{"floor":23,"key":"REST"},{"floor":28,"key":"RECALL"},{"floor":32,"key":"REST"}],"neow_cost":"NO_GOLD","seed_source_timestamp":481001074623873,"circlet_count":0,"master_deck":["AscendersBane","Defend_G","Defend_G","Defend_G","Defend_G","Defend_G","Survivor","Neutralize+1","Bane","Infinite Blades","Footwork+1","Deadly Poison+1","Infinite Blades","Deadly Poison+1","After Image","Infinite Blades","Glass Knife","Cloak And Dagger","Caltrops","Accuracy","Bite","Bite","Bite","Bite","Bite","Dodge and Roll","Accuracy","Dodge and Roll","Dodge and Roll","Corpse Explosion"],"relics":["Ring of the Serpent","Bird Faced Urn","Golden Idol","Lantern","Ancient Tea Set","Fusion Hammer","Pear","OrangePellets","Unceasing Top","Snake Skull"],"potions_floor_usage":[7,12,20,30,33,35],"damage_taken":[{"damage":12,"enemies":"Jaw Worm","floor":1,"turns":7},{"damage":0,"enemies":"2 Louse","floor":2,"turns":3},{"damage":0,"enemies":"Cultist","floor":5,"turns":4},{"damage":0,"enemies":"Looter","floor":7,"turns":4},{"damage":9,"enemies":"Red Slaver","floor":8,"turns":5},{"damage":0,"enemies":"Large Slime","floor":10,"turns":6},{"damage":13,"enemies":"Lagavulin","floor":12,"turns":6},{"damage":9,"enemies":"2 Fungi Beasts","floor":13,"turns":7},{"damage":7,"enemies":"Hexaghost","floor":16,"turns":9},{"damage":21,"enemies":"Chosen","floor":18,"turns":5},{"damage":23,"enemies":"2 Thieves","floor":19,"turns":4},{"damage":14,"enemies":"Snake Plant","floor":20,"turns":4},{"damage":32,"enemies":"Snecko","floor":24,"turns":5},{"damage":11,"enemies":"Centurion and Healer","floor":27,"turns":9},{"damage":26,"enemies":"Gremlin Leader","floor":30,"turns":8},{"damage":24,"enemies":"Cultist and Chosen","floor":31,"turns":6},{"damage":47,"enemies":"Automaton","floor":33,"turns":9},{"damage":48,"enemies":"3 Darklings","floor":35,"turns":2}],"seed_played":"-6905219312594164022","potions_obtained":[{"floor":1,"key":"SkillPotion"},{"floor":5,"key":"Explosive Potion"},{"floor":7,"key":"GhostInAJar"},{"floor":16,"key":"SpeedPotion"},{"floor":24,"key":"GamblersBrew"},{"floor":30,"key":"SteroidPotion"}],"is_trial":false,"path_per_floor":["M","M","?","?","M","R","M","M","T","M","R","E","M","?","R","B",null,"M","M","M","?","?","R","M","$","T","M","R","?","E","M","R","B",null,"M"],"character_chosen":"THE_SILENT","items_purchased":["Accuracy","OrangePellets"],"campfire_rested":2,"item_purchase_floors":[25,25],"current_hp_per_floor":[47,47,47,47,49,49,53,48,48,54,54,47,46,46,46,49,57,39,26,20,30,30,44,23,23,23,46,46,46,27,31,45,10,39,0],"gold":205,"neow_bonus":"ONE_RARE_RELIC","is_prod":false,"is_daily":false,"chose_seed":false,"campfire_upgraded":3,"win_rate":0,"timestamp":1562774493,"path_taken":["M","M","?","?","M","R","M","?","T","M","R","E","M","?","R","BOSS","M","M","M","?","?","R","M","$","T","M","R","?","E","M","R","BOSS","M"],"build_version":"2019-07-05","purchased_purges":0,"victory":false,"max_hp_per_floor":[66,66,60,60,60,60,60,60,60,60,60,60,60,60,60,60,60,60,60,60,70,49,49,49,49,49,49,49,49,49,49,49,49,49,49],"card_choices":[{"not_picked":["Reflex","Outmaneuver"],"picked":"Bane","floor":1},{"not_picked":["Finisher","Leg Sweep"],"picked":"Infinite Blades","floor":2},{"not_picked":["Acrobatics","Flechettes"],"picked":"Footwork","floor":5},{"not_picked":["Leg Sweep","Dash"],"picked":"Deadly Poison","floor":7},{"not_picked":["Outmaneuver","Heel Hook"],"picked":"Infinite Blades","floor":8},{"not_picked":["Sucker Punch","Acrobatics"],"picked":"Deadly Poison","floor":10},{"not_picked":["Slice","Skewer"],"picked":"After Image","floor":12},{"not_picked":["Sucker Punch","All Out Attack"],"picked":"Infinite Blades","floor":13},{"not_picked":["Storm of Steel","Phantasmal Killer"],"picked":"Glass Knife","floor":16},{"not_picked":["Bane","Deflect"],"picked":"Cloak And Dagger","floor":18},{"not_picked":["Dodge and Roll+1","PiercingWail"],"picked":"Caltrops","floor":19},{"not_picked":["Outmaneuver","Finisher"],"picked":"Accuracy","floor":20},{"not_picked":["Masterful Stab+1","Acrobatics"],"picked":"Dodge and Roll","floor":24},{"not_picked":["Cloak And Dagger","Prepared"],"picked":"Dodge and Roll","floor":27},{"not_picked":["Expertise","Quick Slash","Distraction"],"picked":"SKIP","floor":30},{"not_picked":["Prepared","Finisher"],"picked":"Dodge and Roll","floor":31},{"not_picked":["Bullet Time","Glass Knife"],"picked":"Corpse Explosion","floor":33}],"player_experience":2437462,"relics_obtained":[{"floor":9,"key":"Lantern"},{"floor":12,"key":"Ancient Tea Set"},{"floor":26,"key":"Unceasing Top"},{"floor":30,"key":"Snake Skull"}],"event_choices":[{"damage_healed":0,"gold_gain":0,"player_choice":"Lose Max HP","damage_taken":0,"relics_obtained":["Golden Idol"],"max_hp_gain":0,"max_hp_loss":6,"event_name":"Golden Idol","floor":3,"gold_loss":0},{"damage_healed":0,"gold_gain":0,"player_choice":"Upgraded","damage_taken":0,"max_hp_gain":0,"max_hp_loss":0,"event_name":"Upgrade Shrine","floor":4,"gold_loss":0,"cards_upgraded":["Neutralize"]},{"damage_healed":0,"gold_gain":50,"player_choice":"Pray","damage_taken":0,"max_hp_gain":0,"max_hp_loss":0,"event_name":"Golden Shrine","floor":14,"gold_loss":0},{"damage_healed":0,"gold_gain":0,"player_choice":"Obtained Relic","damage_taken":0,"relics_obtained":["Pear"],"max_hp_gain":0,"max_hp_loss":0,"event_name":"Addict","floor":21,"gold_loss":85},{"damage_healed":0,"gold_gain":0,"player_choice":"Became a vampire","damage_taken":0,"max_hp_gain":0,"max_hp_loss":21,"event_name":"Vampires","floor":22,"gold_loss":0,"cards_obtained":["Bite","Bite","Bite","Bite","Bite"]},{"damage_healed":0,"gold_gain":0,"player_choice":"Ignored","damage_taken":0,"max_hp_gain":0,"max_hp_loss":0,"event_name":"Cursed Tome","floor":29,"gold_loss":0}],"is_beta":false,"boss_relics":[{"not_picked":["Velvet Choker","Empty Cage"],"picked":"Fusion Hammer"},{"not_picked":["Eternal Feather","Calling Bell"],"picked":"Ring of the Serpent"}],"items_purged_floors":[],"is_endless":false,"potions_floor_spawned":[1,5,7,16,18,24,30,31],"killed_by":"3 Darklings","ascension_level":19}