{"gold_per_floor":[113,38,38,51,14,42,55,68,68,68,68],"floor_reached":11,"playtime":490,"items_purged":[],"score":191,"play_id":"f1d54789-84c0-40dd-9085-fa284cebf4ec","local_time":"20190718132150","is_ascension_mode":true,"campfire_choices":[{"data":"Zap","floor":10,"key":"SMITH"}],"neow_cost":"NONE","seed_source_timestamp":648344641429393,"circlet_count":0,"master_deck":["AscendersBane","Strike_B","Strike_B","Strike_B+1","Defend_B+1","Defend_B","Defend_B","Defend_B","Zap+1","Dualcast","Hologram","Self Repair","Sunder","Capacitor","Cold Snap"],"relics":["Cracked Core","NeowsBlessing","Boot","Matryoshka"],"potions_floor_usage":[8],"damage_taken":[{"damage":0,"enemies":"Cultist","floor":1,"turns":1},{"damage":0,"enemies":"Small Slimes","floor":4,"turns":1},{"damage":0,"enemies":"Lagavulin","floor":6,"turns":3},{"damage":12,"enemies":"Jaw Worm","floor":7,"turns":2},{"damage":20,"enemies":"Exordium Thugs","floor":8,"turns":5},{"damage":33,"enemies":"Gremlin Nob","floor":11,"turns":3}],"seed_played":"1536132696031282679","potions_obtained":[{"floor":4,"key":"Block Potion"}],"is_trial":false,"path_per_floor":["M","?","?","M","$","E","M","M","T","R","E"],"character_chosen":"DEFECT","items_purchased":["Self Repair"],"campfire_rested":0,"item_purchase_floors":[5],"current_hp_per_floor":[64,64,43,43,43,50,45,32,32,32,0],"gold":68,"neow_bonus":"THREE_ENEMY_KILL","is_prod":false,"is_daily":false,"chose_seed":false,"campfire_upgraded":1,"win_rate":0,"timestamp":1563470510,"path_taken":["M","?","?","M","?","E","M","M","T","R","E"],"build_version":"2019-07-17","purchased_purges":0,"victory":false,"max_hp_per_floor":[71,71,71,71,71,71,71,71,71,71,71],"card_choices":[{"not_picked":["Turbo","Loop"],"picked":"Hologram","floor":1},{"not_picked":["Redo","Lockon","Beam Cell"],"picked":"SKIP","floor":4},{"not_picked":["Hello World","Turbo"],"picked":"Sunder","floor":6},{"not_picked":["Turbo","Hologram"],"picked":"Capacitor","floor":7},{"not_picked":["Hello World","Go for the Eyes"],"picked":"Cold Snap","floor":8}],"player_experience":2490545,"relics_obtained":[{"floor":6,"key":"Boot"},{"floor":9,"key":"Matryoshka"}],"event_choices":[{"cards_removed":["Strike_B"],"damage_healed":0,"gold_gain":0,"player_choice":"Card Removal","damage_taken":0,"max_hp_gain":0,"max_hp_loss":0,"event_name":"The Cleric","floor":2,"gold_loss":75},{"damage_healed":0,"gold_gain":0,"player_choice":"Entered Light","damage_taken":21,"max_hp_gain":0,"max_hp_loss":0,"event_name":"Shining Light","floor":3,"gold_loss":0,"cards_upgraded":["Defend_B","Strike_B"]}],"is_beta":false,"boss_relics":[],"items_purged_floors":[],"is_endless":false,"potions_floor_spawned":[4],"killed_by":"Gremlin Nob","ascension_level":19}