{"gold_per_floor":[111,111,61,71,0,0,31,31,31,106,106,124,124,144,144,248,248,265,275,275,285,12,12],"floor_reached":23,"playtime":1886,"items_purged":["Strike_G"],"score":198,"play_id":"8a611e33-2c46-41a3-95e9-794295a5ffe5","local_time":"20181218211047","is_ascension_mode":true,"campfire_choices":[{"data":"Well Laid Plans","floor":6,"key":"SMITH"},{"data":"1","floor":8,"key":"LIFT"},{"data":"2","floor":11,"key":"LIFT"},{"data":"3","floor":13,"key":"LIFT"},{"data":"Bane","floor":15,"key":"SMITH"}],"neow_cost":"NONE","seed_source_timestamp":341396319198344,"circlet_count":0,"master_deck":["Defend_G","Defend_G","Defend_G","Defend_G","Defend_G","Strike_G","Strike_G","Strike_G","Survivor","Neutralize","Skewer","Bane+1","Well Laid Plans+1","Deadly Poison","Poisoned Stab","Unload","Deadly Poison","Finisher","Dagger Spray","Enlightenment","Prepared","Terror"],"relics":["Busted Crown","Girya","Gremlin Horn","Mummified Hand","Orrery"],"potions_floor_usage":[7,16,16,23],"damage_taken":[{"damage":1,"enemies":"2 Louse","floor":1,"turns":3},{"damage":0,"enemies":"Small Slimes","floor":4,"turns":2},{"damage":4,"enemies":"Gremlin Nob","floor":7,"turns":3},{"damage":3,"enemies":"Jaw Worm","floor":12,"turns":2},{"damage":0,"enemies":"Exordium Wildlife","floor":14,"turns":2},{"damage":32,"enemies":"Hexaghost","floor":16,"turns":7},{"damage":9,"enemies":"3 Byrds","floor":18,"turns":4},{"damage":20,"enemies":"Spheric Guardian","floor":19,"turns":4},{"damage":10,"enemies":"Chosen and Byrds","floor":21,"turns":3},{"damage":48,"enemies":"Book of Stabbing","floor":23,"turns":4}],"seed_played":"-6127589923561600805","potions_obtained":[{"floor":1,"key":"FearPotion"},{"floor":12,"key":"SteroidPotion"},{"floor":14,"key":"Explosive Potion"},{"floor":16,"key":"Ancient Potion"},{"floor":21,"key":"Regen Potion"}],"is_trial":false,"path_per_floor":["M","?","?","M","$","R","E","R","T","T","R","M","R","M","R","B",null,"M","M","?","M","$","E"],"character_chosen":"THE_SILENT","items_purchased":["Well Laid Plans","Enlightenment","Prepared","Terror"],"campfire_rested":0,"item_purchase_floors":[5,22,22,22],"current_hp_per_floor":[69,69,69,69,69,69,65,65,65,65,65,62,62,62,62,30,70,61,41,41,31,31,0],"gold":12,"neow_bonus":"BOSS_RELIC","is_prod":false,"is_daily":false,"chose_seed":false,"campfire_upgraded":2,"win_rate":0,"timestamp":1545189047,"path_taken":["M","?","?","M","$","R","E","R","T","?","R","M","R","M","R","BOSS","M","M","?","M","$","E"],"build_version":"2018-12-13","purchased_purges":1,"victory":false,"max_hp_per_floor":[70,70,70,70,70,70,70,70,70,70,70,70,70,70,70,70,70,70,70,70,70,70,70],"card_choices":[{"not_picked":[],"picked":"Skewer","floor":1},{"not_picked":[],"picked":"Bane","floor":4},{"not_picked":[],"picked":"Deadly Poison","floor":7},{"not_picked":[],"picked":"Poisoned Stab","floor":12},{"not_picked":["Outmaneuver"],"picked":"SKIP","floor":14},{"not_picked":[],"picked":"Unload","floor":16},{"not_picked":[],"picked":"Deadly Poison","floor":17},{"not_picked":[],"picked":"Finisher","floor":17},{"not_picked":[],"picked":"Dagger Spray","floor":17},{"not_picked":["Reflex"],"picked":"SKIP","floor":18},{"not_picked":["All Out Attack"],"picked":"SKIP","floor":19},{"not_picked":["Sucker Punch"],"picked":"SKIP","floor":21}],"player_experience":188547,"relics_obtained":[{"floor":7,"key":"Girya"},{"floor":9,"key":"Gremlin Horn"},{"floor":10,"key":"Mummified Hand"}],"event_choices":[{"damage_healed":0,"gold_gain":0,"player_choice":"Ignored","damage_taken":0,"max_hp_gain":0,"max_hp_loss":0,"event_name":"Shining Light","floor":2,"gold_loss":0},{"cards_removed":["Strike_G"],"damage_healed":0,"gold_gain":0,"player_choice":"Card Removal","damage_taken":0,"max_hp_gain":0,"max_hp_loss":0,"event_name":"The Cleric","floor":3,"gold_loss":50},{"damage_healed":0,"gold_gain":0,"player_choice":"Bought 0 Potions","damage_taken":0,"max_hp_gain":0,"max_hp_loss":0,"event_name":"The Woman in Blue","floor":20,"gold_loss":0}],"is_beta":false,"boss_relics":[{"not_picked":["WristBlade","Astrolabe"],"picked":"Orrery"}],"items_purged_floors":[22],"is_endless":false,"potions_floor_spawned":[1,12,14,16,21],"killed_by":"Book of Stabbing","ascension_level":1}