{"gold_per_floor":[111,111,111,186,196,255,255,270,296,321,321,44,68,243,243,343,343,361,12,35,54,54,54,54,80,80,80,98,108,108,108,108,108],"floor_reached":33,"playtime":915,"items_purged":["Defend_B"],"score":323,"play_id":"0f29cbd6-c156-44c5-b8d0-105cd69ad8ba","local_time":"20180804191509","is_ascension_mode":true,"campfire_choices":[{"floor":7,"key":"REST"},{"floor":11,"key":"REST"},{"data":"Doubt","floor":15,"key":"PURGE"},{"data":"Tempest","floor":23,"key":"SMITH"},{"floor":30,"key":"REST"},{"floor":32,"key":"REST"}],"neow_cost":"","seed_source_timestamp":605912973805488,"circlet_count":0,"master_deck":["Strike_B+1","Strike_B+1","Strike_B+1","Strike_B+1","Defend_B+1","Defend_B+1","Zap","Dualcast","Genetic Algorithm","Sweeping Beam","Beam Cell","Glacier","Reboot","Electrodynamics","Beam Cell","Tempest+1","Beam Cell","Chaos+1","Multi-Cast"],"relics":["Cracked Core","Tiny Chest","Orichalcum","Peace Pipe","Chemical X","Centennial Puzzle","Nuclear Battery","Bronze Scales","HandDrill","Pen Nib","Oddly Smooth Stone","Nunchaku","Singing Bowl"],"potions_floor_usage":[6,10,16,16,33],"damage_taken":[{"damage":1,"enemies":"2 Louse","floor":1,"turns":2},{"damage":0,"enemies":"Cultist","floor":5,"turns":3},{"damage":29,"enemies":"3 Sentries","floor":6,"turns":6},{"damage":12,"enemies":"Jaw Worm","floor":8,"turns":2},{"damage":7,"enemies":"Gremlin Nob","floor":10,"turns":4},{"damage":47,"enemies":"The Guardian","floor":16,"turns":13},{"damage":7,"enemies":"3 Byrds","floor":18,"turns":2},{"damage":9,"enemies":"2 Thieves","floor":21,"turns":3},{"damage":18,"enemies":"Book of Stabbing","floor":25,"turns":3},{"damage":5,"enemies":"Snake Plant","floor":28,"turns":2},{"damage":20,"enemies":"Centurion and Healer","floor":29,"turns":4},{"damage":62,"enemies":"Collector","floor":33,"turns":7}],"seed_played":"-2802359611871355318","potions_obtained":[{"floor":3,"key":"Ancient Potion"},{"floor":3,"key":"Block Potion"},{"floor":3,"key":"SneckoOil"},{"floor":5,"key":"FearPotion"},{"floor":6,"key":"SpeedPotion"},{"floor":10,"key":"SkillPotion"},{"floor":18,"key":"Ancient Potion"}],"is_trial":false,"path_per_floor":["M","?","?","?","M","E","R","M","T","E","R","$","T","?","R","B",null,"M","$","T","M","?","R","?","E","T","T","M","M","R","?","R"],"character_chosen":"DEFECT","items_purchased":["Chemical X","Bronze Scales","HandDrill"],"campfire_rested":4,"item_purchase_floors":[12,19,19],"current_hp_per_floor":[74,74,74,63,63,34,56,44,44,37,59,59,59,59,59,12,75,68,68,68,59,59,59,59,41,41,41,36,16,38,38,60,0],"gold":108,"neow_bonus":"","is_prod":false,"is_daily":false,"chose_seed":false,"campfire_upgraded":1,"win_rate":0,"timestamp":1533399309,"path_taken":["M","?","?","?","?","E","R","M","T","E","R","$","?","?","R","BOSS","M","$","?","M","?","R","?","E","T","?","?","M","R","?","R","BOSS"],"build_version":"2018-08-02","purchased_purges":1,"victory":false,"max_hp_per_floor":[75,75,75,75,75,75,75,75,75,75,75,75,75,75,75,75,75,75,75,75,75,75,75,75,75,75,75,75,75,75,75,75,75],"card_choices":[{"not_picked":["Redo","White Noise"],"picked":"Genetic Algorithm","floor":1},{"not_picked":["Glacier","Defragment"],"picked":"Sweeping Beam","floor":5},{"not_picked":["Cold Snap","Rebound"],"picked":"Beam Cell","floor":6},{"not_picked":["Hologram","Skim"],"picked":"Glacier","floor":8},{"not_picked":["Rebound","Force Field"],"picked":"Reboot","floor":10},{"not_picked":["Amplify","Thunder Strike"],"picked":"Electrodynamics","floor":16},{"not_picked":["Compile Driver","Go for the Eyes","Stack"],"picked":"SKIP","floor":18},{"not_picked":["Redo","Rebound+1"],"picked":"Beam Cell","floor":21},{"not_picked":["Steam","Sunder"],"picked":"Beam Cell","floor":25},{"not_picked":["Leap","Redo+1"],"picked":"Chaos+1","floor":28},{"not_picked":["Hologram","Melter"],"picked":"Multi-Cast","floor":29}],"player_experience":330463,"relics_obtained":[{"floor":6,"key":"Tiny Chest"},{"floor":9,"key":"Orichalcum"},{"floor":10,"key":"Peace Pipe"},{"floor":13,"key":"Centennial Puzzle"},{"floor":20,"key":"Pen Nib"},{"floor":25,"key":"Oddly Smooth Stone"},{"floor":26,"key":"Nunchaku"},{"floor":27,"key":"Singing Bowl"}],"event_choices":[{"event_name":"Purifier","player_choice":"One Purge","floor":2,"damage_taken":0},{"event_name":"The Lab","player_choice":"Got Potions","floor":3,"damage_taken":0},{"event_name":"World of Goop","player_choice":"Gather Gold","floor":4,"damage_taken":0},{"event_name":"Liars Game","player_choice":"agreed","floor":14,"damage_taken":0},{"event_name":"The Library","player_choice":"Read","floor":22,"damage_taken":0},{"event_name":"Beggar","player_choice":"Ignored","floor":24,"damage_taken":0},{"event_name":"Back to Basics","player_choice":"Simplicity","floor":31,"damage_taken":0}],"is_beta":false,"boss_relics":[{"not_picked":["Runic Dome","Cursed Key"],"picked":"Nuclear Battery"}],"items_purged_floors":[12],"is_endless":false,"potions_floor_spawned":[5,6,10,18],"killed_by":"Collector","ascension_level":4}