{"gold_per_floor":[112,125,125,136,148,148,179,179,225,254,329,363,383,403,403,508,508,520,520,537,537,636,636,651,666,742,742,754,754,789,461,461,461],"floor_reached":33,"playtime":1366,"items_purged":["Writhe"],"score":359,"play_id":"33a9c2ca-9541-46a1-9754-e95ea6a50d0c","local_time":"20190704164949","is_ascension_mode":true,"campfire_choices":[{"data":"Skewer","floor":6,"key":"SMITH"},{"floor":8,"key":"REST"},{"floor":15,"key":"REST"},{"floor":23,"key":"RECALL"},{"floor":27,"key":"REST"},{"floor":29,"key":"REST"},{"floor":32,"key":"REST"}],"neow_cost":"NONE","seed_source_timestamp":39980799376100,"circlet_count":0,"master_deck":["Strike_G+1","Strike_G","Strike_G","Strike_G","Strike_G+1","Defend_G","Defend_G","Defend_G","Defend_G","Defend_G","Survivor","Neutralize","Prepared","Riddle With Holes","Skewer+1","Well Laid Plans","Caltrops","Footwork","Escape Plan","Venomology","PiercingWail","Adrenaline","PiercingWail","Dash","Phantasmal Killer","Heel Hook+1","Bandage Up"],"relics":["Lizard Tail","Sundial","Vajra","Blood Vial","Mercury Hourglass","Bag of Marbles","Sozu","Strawberry","MutagenicStrength","Gambling Chip","Whetstone"],"potions_floor_usage":[10,12,13,14,16],"damage_taken":[{"damage":6,"enemies":"Jaw Worm","floor":1,"turns":6},{"damage":7,"enemies":"Cultist","floor":2,"turns":5},{"damage":3,"enemies":"2 Louse","floor":4,"turns":4},{"damage":18,"enemies":"Exordium Wildlife","floor":5,"turns":5},{"damage":42,"enemies":"3 Sentries","floor":7,"turns":12},{"damage":13,"enemies":"Gremlin Nob","floor":10,"turns":4},{"damage":21,"enemies":"3 Sentries","floor":12,"turns":5},{"damage":1,"enemies":"Lots of Slimes","floor":13,"turns":2},{"damage":5,"enemies":"2 Fungi Beasts","floor":14,"turns":3},{"damage":22,"enemies":"Hexaghost","floor":16,"turns":10},{"damage":17,"enemies":"Spheric Guardian","floor":18,"turns":4},{"damage":11,"enemies":"2 Thieves","floor":20,"turns":3},{"damage":31,"enemies":"Snecko","floor":24,"turns":4},{"damage":0,"enemies":"3 Cultists","floor":25,"turns":5},{"damage":8,"enemies":"Chosen and Byrds","floor":28,"turns":4},{"damage":26,"enemies":"Gremlin Leader","floor":30,"turns":6},{"damage":127,"enemies":"Champ","floor":33,"turns":9}],"seed_played":"802853171004226295","potions_obtained":[{"floor":3,"key":"GamblersBrew"},{"floor":3,"key":"FairyPotion"},{"floor":3,"key":"FairyPotion"},{"floor":5,"key":"Weak Potion"},{"floor":7,"key":"Dexterity Potion"},{"floor":12,"key":"PowerPotion"}],"is_trial":false,"path_per_floor":["M","M","?","M","M","R","E","R","T","E","T","E","M","M","R","B",null,"M","?","M","?","?","R","M","M","T","R","M","R","E","$","R","B"],"character_chosen":"THE_SILENT","items_purchased":["Whetstone","Bandage Up"],"campfire_rested":5,"item_purchase_floors":[31,31],"current_hp_per_floor":[64,57,57,54,36,36,7,28,28,15,15,7,8,5,26,6,54,39,46,37,37,37,37,8,10,10,33,27,50,26,26,49,0],"gold":461,"neow_bonus":"BOSS_RELIC","is_prod":false,"is_daily":false,"chose_seed":false,"campfire_upgraded":1,"win_rate":0,"timestamp":1562248189,"path_taken":["M","M","?","?","M","R","E","R","T","E","?","E","M","M","R","BOSS","M","?","M","?","?","R","M","?","T","R","M","R","E","$","R","BOSS"],"build_version":"2019-07-01","purchased_purges":1,"victory":false,"max_hp_per_floor":[70,70,70,70,70,70,70,70,70,70,70,70,70,70,70,70,70,70,77,77,77,77,77,77,77,77,77,77,77,77,77,77,77],"card_choices":[{"not_picked":["Escape Plan","Acrobatics"],"picked":"Prepared","floor":1},{"not_picked":["Prepared","Endless Agony"],"picked":"Riddle With Holes","floor":2},{"not_picked":["Well Laid Plans","Outmaneuver"],"picked":"Skewer","floor":4},{"not_picked":["Underhanded Strike","Slice"],"picked":"Well Laid Plans","floor":5},{"not_picked":["Cloak And Dagger","Prepared"],"picked":"Caltrops","floor":7},{"not_picked":["Acrobatics","Masterful Stab"],"picked":"Footwork","floor":10},{"not_picked":["Blade Dance","Flechettes"],"picked":"Escape Plan","floor":12},{"not_picked":["Sucker Punch","Deadly Poison"],"picked":"Venomology","floor":13},{"not_picked":["Accuracy","Dagger Spray"],"picked":"PiercingWail","floor":14},{"not_picked":["Malaise","Storm of Steel"],"picked":"Adrenaline","floor":16},{"not_picked":["Predator+1","Underhanded Strike"],"picked":"PiercingWail","floor":18},{"not_picked":["Poisoned Stab","Backflip","Sucker Punch"],"picked":"SKIP","floor":20},{"not_picked":["Prepared","Cloak And Dagger","Bane"],"picked":"SKIP","floor":24},{"not_picked":["Deflect","Flying Knee"],"picked":"Dash","floor":25},{"not_picked":["Eviscerate+1","Dash"],"picked":"Phantasmal Killer","floor":28},{"not_picked":["Slice","Acrobatics"],"picked":"Heel Hook+1","floor":30}],"player_experience":643456,"relics_obtained":[{"floor":7,"key":"Sundial"},{"floor":9,"key":"Vajra"},{"floor":10,"key":"Blood Vial"},{"floor":11,"key":"Mercury Hourglass"},{"floor":12,"key":"Bag of Marbles"},{"floor":30,"key":"Gambling Chip"}],"event_choices":[{"damage_healed":0,"gold_gain":0,"player_choice":"Got Potions","damage_taken":0,"max_hp_gain":0,"max_hp_loss":0,"event_name":"Lab","floor":3,"gold_loss":0},{"damage_healed":0,"gold_gain":0,"player_choice":"Opened","damage_taken":0,"relics_obtained":["Strawberry"],"max_hp_gain":0,"max_hp_loss":0,"event_name":"The Mausoleum","floor":19,"gold_loss":0,"cards_obtained":["Writhe"]},{"damage_healed":0,"gold_gain":0,"player_choice":"Inject Mutagens","damage_taken":0,"relics_obtained":["MutagenicStrength"],"max_hp_gain":0,"max_hp_loss":0,"event_name":"Drug Dealer","floor":21,"gold_loss":0},{"damage_healed":0,"gold_gain":99,"player_choice":"Stole From Cult","damage_taken":0,"max_hp_gain":0,"max_hp_loss":0,"event_name":"Nest","floor":22,"gold_loss":0}],"is_beta":false,"boss_relics":[{"not_picked":["Coffee Dripper","HoveringKite"],"picked":"Sozu"}],"items_purged_floors":[31],"is_endless":false,"potions_floor_spawned":[5,7,12,20,25],"killed_by":"Champ","ascension_level":5}