{"gold_per_floor":[113,127,127,227,80,114,114,148,196,146,146,159,234,248,248,248],"floor_reached":16,"playtime":476,"items_purged":["Injury","Strike_R"],"score":157,"play_id":"399ac8b7-7c67-4880-bda0-05a745f6960b","local_time":"20180925221659","is_ascension_mode":true,"campfire_choices":[{"floor":7,"key":"REST"},{"floor":11,"key":"REST"},{"floor":15,"key":"REST"}],"neow_cost":"NONE","seed_source_timestamp":392225977856006,"circlet_count":0,"master_deck":["Strike_R","Strike_R","Strike_R","Strike_R","Defend_R","Defend_R","Defend_R","Defend_R","Bash","Warcry","Whirlwind","Flex"],"relics":["Burning Blood","Strawberry","Golden Idol","Smiling Mask","Blood Vial","Art of War"],"potions_floor_usage":[6,12,16],"damage_taken":[{"damage":16,"enemies":"Jaw Worm","floor":1,"turns":4},{"damage":8,"enemies":"2 Louse","floor":2,"turns":2},{"damage":45,"enemies":"3 Sentries","floor":6,"turns":9},{"damage":37,"enemies":"Gremlin Nob","floor":8,"turns":5},{"damage":0,"enemies":"Small Slimes","floor":12,"turns":2},{"damage":21,"enemies":"Red Slaver","floor":14,"turns":5},{"damage":78,"enemies":"Slime Boss","floor":16,"turns":10}],"seed_played":"6762918080306151520","potions_obtained":[{"floor":2,"key":"Poison Potion"},{"floor":6,"key":"GamblersBrew"},{"floor":14,"key":"SneckoOil"}],"is_trial":false,"path_per_floor":["M","M","?","?","$","E","R","E","T","$","R","M","?","M","R"],"character_chosen":"IRONCLAD","items_purchased":["Whirlwind"],"campfire_rested":3,"item_purchase_floors":[5],"current_hp_per_floor":[69,67,67,67,67,28,54,23,23,23,49,57,46,33,59,0],"gold":248,"neow_bonus":"RANDOM_COMMON_RELIC","is_prod":false,"is_daily":false,"chose_seed":false,"campfire_upgraded":0,"win_rate":0,"timestamp":1537903019,"path_taken":["M","M","?","?","?","E","R","E","T","$","R","?","?","M","R","BOSS"],"build_version":"2018-09-20","purchased_purges":2,"victory":false,"max_hp_per_floor":[87,87,87,87,87,87,87,87,87,87,87,87,87,87,87,87],"card_choices":[{"not_picked":["True Grit","Flex"],"picked":"Warcry","floor":1},{"not_picked":["Havoc","Twin Strike","Anger"],"picked":"SKIP","floor":2},{"not_picked":["Perfected Strike","Sword Boomerang","Heavy Blade"],"picked":"SKIP","floor":6},{"not_picked":["Disarm","True Grit"],"picked":"Flex","floor":8},{"not_picked":["Iron Wave","Twin Strike","Cleave"],"picked":"SKIP","floor":12},{"not_picked":["Cleave","Dropkick","Clash"],"picked":"SKIP","floor":14}],"player_experience":381653,"relics_obtained":[{"floor":6,"key":"Smiling Mask"},{"floor":8,"key":"Blood Vial"},{"floor":9,"key":"Art of War"}],"event_choices":[{"event_name":"Golden Idol","player_choice":"Take Wound","floor":3,"damage_taken":0},{"event_name":"Wheel of Change","player_choice":"Gold","floor":4,"damage_taken":0},{"event_name":"World of Goop","player_choice":"Gather Gold","floor":13,"damage_taken":0}],"is_beta":false,"boss_relics":[],"items_purged_floors":[5,10],"is_endless":false,"potions_floor_spawned":[2,6,14],"killed_by":"Slime Boss","ascension_level":9}