{"gold_per_floor":[110,285,285,315,337,366,378,402,414,426,438,95,112,140,140,241,241,251,2,2,19,29,29],"floor_reached":23,"playtime":1003,"items_purged":["Pain","Decay"],"score":349,"play_id":"f5d97cdb-2783-4c85-a485-5de593bdd355","local_time":"20190122161005","is_ascension_mode":true,"campfire_choices":[{"data":"Metallicize","floor":15,"key":"SMITH"}],"neow_cost":"NONE","seed_source_timestamp":29985536216800,"circlet_count":0,"master_deck":["AscendersBane","Strike_R","Strike_R","Strike_R","Strike_R","Strike_R","Defend_R","Defend_R","Defend_R","Defend_R","Bash","Metallicize+1","Doubt","Regret","Body Slam","Cleave","Demon Form","Armaments","Metallicize+1","Flame Barrier","Inflame+1","Reaper","Thunderclap","Infernal Blade"],"relics":["Burning Blood","MawBank","Frozen Egg 2","Meat on the Bone","WarpedTongs","Red Skull","Centennial Puzzle","Snecko Eye","PreservedInsect"],"potions_floor_usage":[6,8,14,16,16,21,21,23],"damage_taken":[{"damage":9,"enemies":"2 Louse","floor":1,"turns":3},{"damage":16,"enemies":"Small Slimes","floor":4,"turns":6},{"damage":12,"enemies":"Cultist","floor":5,"turns":5},{"damage":10,"enemies":"Large Slime","floor":6,"turns":4},{"damage":18,"enemies":"2 Fungi Beasts","floor":8,"turns":4},{"damage":12,"enemies":"Lots of Slimes","floor":13,"turns":5},{"damage":3,"enemies":"3 Sentries","floor":14,"turns":7},{"damage":42,"enemies":"The Guardian","floor":16,"turns":12},{"damage":29,"enemies":"Spheric Guardian","floor":18,"turns":4},{"damage":32,"enemies":"Shell Parasite","floor":21,"turns":5},{"damage":60,"enemies":"Snake Plant","floor":22,"turns":5},{"damage":24,"enemies":"Slavers","floor":23,"turns":1}],"seed_played":"2630759095726982008","potions_obtained":[{"floor":4,"key":"Strength Potion"},{"floor":6,"key":"EssenceOfSteel"},{"floor":13,"key":"Fire Potion"},{"floor":14,"key":"FearPotion"},{"floor":20,"key":"Poison Potion"},{"floor":20,"key":"LiquidBronze"},{"floor":22,"key":"SkillPotion"}],"is_trial":false,"path_per_floor":["M","?","?","M","M","M","?","M","T","?","?","$","M","E","R","B",null,"M","$","?","M","M","E"],"character_chosen":"IRONCLAD","items_purchased":["Metallicize+1","Red Skull","Block Potion","PreservedInsect"],"campfire_rested":0,"item_purchase_floors":[12,12,12,19],"current_hp_per_floor":[77,77,77,67,61,57,57,45,45,33,33,33,39,54,54,30,74,51,51,51,49,22,0],"gold":29,"neow_bonus":"TEN_PERCENT_HP_BONUS","is_prod":false,"is_daily":false,"chose_seed":false,"campfire_upgraded":1,"win_rate":0,"timestamp":1548166205,"path_taken":["M","?","?","M","M","M","?","?","T","?","?","$","M","E","R","BOSS","M","?","?","?","M","E"],"build_version":"2019-01-17v2","purchased_purges":2,"victory":false,"max_hp_per_floor":[88,88,88,88,88,88,88,88,88,88,88,88,88,88,88,88,88,88,88,88,88,88,88],"card_choices":[{"not_picked":["Warcry","Clothesline"],"picked":"Metallicize","floor":1},{"not_picked":["Wild Strike","Feel No Pain"],"picked":"Body Slam","floor":4},{"not_picked":["Warcry","Heavy Blade"],"picked":"Cleave","floor":5},{"not_picked":["Second Wind","Headbutt"],"picked":"Demon Form","floor":6},{"not_picked":["Corruption","Clash"],"picked":"Armaments","floor":8},{"not_picked":["Armaments","Wild Strike"],"picked":"Flame Barrier","floor":13},{"not_picked":["Wild Strike","Cleave"],"picked":"Inflame+1","floor":14},{"not_picked":["Offering","Double Tap"],"picked":"Reaper","floor":16},{"not_picked":["Perfected Strike","Rupture+1"],"picked":"Thunderclap","floor":18},{"not_picked":["Sword Boomerang","Perfected Strike","Dark Embrace+1"],"picked":"SKIP","floor":21},{"not_picked":["Headbutt+1","True Grit"],"picked":"Infernal Blade","floor":22}],"player_experience":484404,"relics_obtained":[{"floor":9,"key":"Frozen Egg 2"},{"floor":14,"key":"Centennial Puzzle"}],"event_choices":[{"damage_healed":0,"gold_gain":175,"player_choice":"AGREE","damage_taken":0,"max_hp_gain":0,"max_hp_loss":0,"event_name":"Liars Game","floor":2,"gold_loss":0,"cards_obtained":["Doubt"]},{"damage_healed":0,"gold_gain":0,"player_choice":"Box","damage_taken":0,"relics_obtained":["MawBank"],"max_hp_gain":0,"max_hp_loss":0,"event_name":"Big Fish","floor":3,"gold_loss":0,"cards_obtained":["Regret"]},{"damage_healed":0,"gold_gain":0,"player_choice":"Cursed","damage_taken":0,"max_hp_gain":0,"max_hp_loss":0,"event_name":"Wheel of Change","floor":7,"gold_loss":0,"cards_obtained":["Decay"]},{"damage_healed":0,"gold_gain":0,"player_choice":"Success","damage_taken":12,"relics_obtained":["Meat on the Bone"],"max_hp_gain":0,"max_hp_loss":0,"event_name":"Scrap Ooze","floor":10,"gold_loss":0},{"damage_healed":0,"gold_gain":0,"player_choice":"Rummage","damage_taken":0,"relics_obtained":["WarpedTongs"],"max_hp_gain":0,"max_hp_loss":0,"event_name":"Accursed Blacksmith","floor":11,"gold_loss":0,"cards_obtained":["Pain"]},{"damage_healed":0,"gold_gain":0,"player_choice":"Got Potions","damage_taken":0,"max_hp_gain":0,"max_hp_loss":0,"event_name":"Lab","floor":20,"gold_loss":0}],"is_beta":false,"boss_relics":[{"not_picked":["Runic Dome","Ectoplasm"],"picked":"Snecko Eye"}],"items_purged_floors":[12,19],"is_endless":false,"potions_floor_spawned":[4,6,13,14,22],"killed_by":"Slavers","ascension_level":12}