{"gold_per_floor":[112,127,302,302,252,252,268,268,268,279,299,313,21,34,34,131,131,151,163,29,29,29,29],"floor_reached":23,"playtime":1583,"items_purged":["Strike_R","Strike_R"],"score":183,"play_id":"039794e7-72f7-4d8a-81ac-10dd44027050","local_time":"20181128004916","is_ascension_mode":false,"campfire_choices":[{"data":"Body Slam","floor":6,"key":"SMITH"},{"data":"Body Slam","floor":8,"key":"SMITH"},{"floor":15,"key":"REST"}],"neow_cost":"NONE","seed_source_timestamp":617184398335775,"circlet_count":0,"master_deck":["Strike_R","Defend_R","Defend_R","Defend_R","Defend_R","Bash","Body Slam+1","Body Slam+1","Doubt","Warcry","Iron Wave","Body Slam","Intimidate","Inflame+1","Impervious","Second Wind","Dark Embrace+1","Pain","Decay","Doubt","Ghostly Armor+1","Seeing Red","RitualDagger"],"relics":["Burning Blood","NeowsBlessing","Frozen Egg 2","Calling Bell","Potion Belt","Shuriken","Mango","Nilry\u0027s Codex"],"potions_floor_usage":[12,12,16,16,19],"damage_taken":[{"damage":0,"enemies":"Jaw Worm","floor":1,"turns":1},{"damage":0,"enemies":"Small Slimes","floor":2,"turns":1},{"damage":0,"enemies":"2 Louse","floor":7,"turns":1},{"damage":39,"enemies":"Exordium Thugs","floor":10,"turns":7},{"damage":20,"enemies":"Large Slime","floor":11,"turns":8},{"damage":3,"enemies":"Exordium Wildlife","floor":12,"turns":4},{"damage":18,"enemies":"3 Louse","floor":14,"turns":3},{"damage":58,"enemies":"The Guardian","floor":16,"turns":8},{"damage":31,"enemies":"Chosen","floor":18,"turns":7},{"damage":47,"enemies":"Shell Parasite","floor":19,"turns":11},{"damage":19,"enemies":"Centurion and Healer","floor":23,"turns":4}],"seed_played":"3655613697239040010","potions_obtained":[{"floor":1,"key":"AttackPotion"},{"floor":10,"key":"Regen Potion"},{"floor":11,"key":"Regen Potion"},{"floor":14,"key":"SteroidPotion"},{"floor":18,"key":"Block Potion"}],"is_trial":false,"path_per_floor":["M","M","?","?","?","R","M","R","T","M","M","M","$","M","R","B",null,"M","M","$","?","?","M"],"character_chosen":"IRONCLAD","items_purchased":["Inflame+1","Impervious","Seeing Red"],"campfire_rested":1,"item_purchase_floors":[13,13,20],"current_hp_per_floor":[80,80,80,73,73,73,79,79,79,46,32,62,62,50,74,22,94,69,28,28,22,6,0],"gold":29,"neow_bonus":"THREE_ENEMY_KILL","is_prod":false,"is_daily":false,"chose_seed":false,"campfire_upgraded":2,"win_rate":0.0,"timestamp":1543387756,"path_taken":["M","M","?","?","?","R","M","R","T","M","M","M","$","M","R","BOSS","M","M","$","?","?","M"],"build_version":"2018-11-15","purchased_purges":2,"victory":false,"max_hp_per_floor":[80,80,80,80,80,80,80,80,80,80,80,80,80,80,80,80,94,94,94,94,94,94,94],"card_choices":[{"not_picked":["Sentinel","Sword Boomerang"],"picked":"Body Slam","floor":1},{"not_picked":["Battle Trance","Clothesline"],"picked":"Body Slam","floor":2},{"not_picked":["Sword Boomerang","Wild Strike"],"picked":"Warcry","floor":7},{"not_picked":["Wild Strike","Disarm"],"picked":"Iron Wave","floor":10},{"not_picked":["Immolate","Whirlwind"],"picked":"Body Slam","floor":11},{"not_picked":["Heavy Blade","Cleave"],"picked":"Intimidate","floor":12},{"not_picked":["Bloodletting","Flex"],"picked":"Second Wind","floor":14},{"not_picked":["Offering","Berserk+1"],"picked":"Dark Embrace+1","floor":16},{"not_picked":["Anger","Metallicize+1"],"picked":"Ghostly Armor+1","floor":18},{"not_picked":["Headbutt","Clothesline+1","Whirlwind"],"picked":"SKIP","floor":19}],"player_experience":164091,"relics_obtained":[{"floor":9,"key":"Frozen Egg 2"},{"floor":17,"key":"Potion Belt"},{"floor":17,"key":"Shuriken"},{"floor":17,"key":"Mango"},{"floor":22,"key":"Nilry\u0027s Codex"}],"event_choices":[{"damage_healed":0,"gold_gain":175,"player_choice":"AGREE","damage_taken":0,"max_hp_gain":0,"max_hp_loss":0,"event_name":"Liars Game","floor":3,"gold_loss":0,"cards_obtained":["Doubt"]},{"cards_removed":["Strike_R"],"damage_healed":0,"gold_gain":0,"player_choice":"Card Removal","damage_taken":7,"max_hp_gain":0,"max_hp_loss":0,"event_name":"Golden Wing","floor":4,"gold_loss":0},{"cards_removed":["Strike_R"],"damage_healed":0,"gold_gain":0,"player_choice":"Card Removal","damage_taken":0,"max_hp_gain":0,"max_hp_loss":0,"event_name":"The Cleric","floor":5,"gold_loss":50},{"damage_healed":0,"gold_gain":0,"player_choice":"Joined the Cult","damage_taken":6,"max_hp_gain":0,"max_hp_loss":0,"event_name":"Nest","floor":21,"gold_loss":0,"cards_obtained":["RitualDagger"]},{"damage_healed":0,"gold_gain":0,"player_choice":"Obtained Book","damage_taken":16,"max_hp_gain":0,"max_hp_loss":0,"event_name":"Cursed Tome","floor":22,"gold_loss":0}],"is_beta":false,"boss_relics":[{"not_picked":["Snecko Eye","Philosopher\u0027s Stone"],"picked":"Calling Bell"}],"items_purged_floors":[13,20],"is_endless":false,"potions_floor_spawned":[1,10,11,14,18],"killed_by":"Centurion and Healer","ascension_level":0}