{"gold_per_floor":[366,381,381,396,9,35,35,61,61,61,86,0,0,0,0,102,102,116,136,136,152,64,64,75,75,98,128,128,160,191,207,207,311,311,328,228,241,255,255,255,295,307,345,388,40,140,159,174,174,174],"floor_reached":51,"playtime":10172,"items_purged":["Decay","Strike_G","Strike_G"],"score":1202,"play_id":"e89caa10-e2b8-432c-a349-b7f2f3a74c65","local_time":"20190716221356","is_ascension_mode":true,"campfire_choices":[{"data":"Neutralize","floor":7.0,"key":"SMITH"},{"data":"Skewer","floor":10.0,"key":"SMITH"},{"data":"Blind","floor":13.0,"key":"SMITH"},{"data":"Flying Knee","floor":15.0,"key":"SMITH"},{"data":"A Thousand Cuts","floor":23.0,"key":"SMITH"},{"floor":25.0,"key":"REST"},{"floor":28.0,"key":"DIG"},{"data":"Dark Shackles","floor":32.0,"key":"SMITH"},{"floor":40.0,"key":"DIG"},{"floor":42.0,"key":"REST"},{"floor":49,"key":"REST"}],"neow_cost":"CURSE","seed_source_timestamp":0,"circlet_count":0,"master_deck":["AscendersBane","Strike_G","Strike_G","Defend_G","Defend_G","Defend_G","Defend_G","Defend_G","Survivor+1","Neutralize+1","Masterful Stab","Cloak And Dagger+1","Well Laid Plans","Skewer+1","PiercingWail","Blind+1","A Thousand Cuts+1","Backflip","Dash","Deflect","Escape Plan","Footwork","Glass Knife","Escape Plan+1","Calculated Gamble","Footwork","Flying Knee+1","Footwork","Dark Shackles+1","Dagger Spray","Deflect","Backflip+1","Concentrate+1","Adrenaline","Cloak And Dagger+1","Flying Knee+1","Adrenaline","PiercingWail+1","Infinite Blades+1","Dodge and Roll","PiercingWail+1","Backflip","Dagger Spray+1","Footwork","A Thousand Cuts","Panache","Infinite Blades","Dodge and Roll","PiercingWail+1"],"special_seed":0,"relics":["Ring of the Snake","Centennial Puzzle","Mercury Hourglass","Prayer Wheel","Bronze Scales","Ninja Scroll","War Paint","Orrery","Bag of Marbles","Shovel","Letter Opener","Red Mask","Bottled Lightning","Fusion Hammer","MawBank","Art of War","Oddly Smooth Stone","Smiling Mask"],"potions_floor_usage":[50,50],"damage_taken":[{"damage":8.0,"enemies":"Small Slimes","floor":1.0,"turns":5.0},{"damage":1.0,"enemies":"Jaw Worm","floor":2.0,"turns":5.0},{"damage":2.0,"enemies":"Cultist","floor":4.0,"turns":4.0},{"damage":6.0,"enemies":"Gremlin Nob","floor":6.0,"turns":4.0},{"damage":3.0,"enemies":"3 Sentries","floor":8.0,"turns":9.0},{"damage":4.0,"enemies":"Lagavulin","floor":11.0,"turns":5.0},{"damage":6.0,"enemies":"The Guardian","floor":16.0,"turns":11.0},{"damage":8.0,"enemies":"Shell Parasite","floor":18.0,"turns":3.0},{"damage":0.0,"enemies":"3 Byrds","floor":19.0,"turns":3.0},{"damage":7.0,"enemies":"3 Cultists","floor":21.0,"turns":6.0},{"damage":0.0,"enemies":"Snake Plant","floor":24.0,"turns":3.0},{"damage":1.0,"enemies":"Slavers","floor":27.0,"turns":2.0},{"damage":0.0,"enemies":"Masked Bandits","floor":29.0,"turns":2.0},{"damage":8.0,"enemies":"Book of Stabbing","floor":30.0,"turns":5.0},{"damage":0.0,"enemies":"Snecko","floor":31.0,"turns":4.0},{"damage":15.0,"enemies":"Champ","floor":33.0,"turns":11.0},{"damage":1.0,"enemies":"3 Darklings","floor":35.0,"turns":2.0},{"damage":0.0,"enemies":"Orb Walker","floor":37.0,"turns":2.0},{"damage":9.0,"enemies":"Transient","floor":38.0,"turns":5.0},{"damage":19.0,"enemies":"Reptomancer","floor":41.0,"turns":5.0},{"damage":17.0,"enemies":"Nemesis","floor":44.0,"turns":7.0},{"damage":2.0,"enemies":"Writhing Mass","floor":47.0,"turns":6.0},{"damage":0,"enemies":"4 Shapes","floor":48,"turns":2},{"damage":10,"enemies":"Donu and Deca","floor":50,"turns":9}],"seed_played":"2724529429467397357","potions_obtained":[{"floor":4.0,"key":"EssenceOfSteel"},{"floor":6.0,"key":"SpeedPotion"},{"floor":8.0,"key":"Swift Potion"},{"floor":11.0,"key":"Explosive Potion"},{"floor":18.0,"key":"Swift Potion"},{"floor":30.0,"key":"FearPotion"},{"floor":33.0,"key":"Ancient Potion"},{"floor":37.0,"key":"FearPotion"},{"floor":38.0,"key":"Energy Potion"}],"is_trial":false,"path_per_floor":["M","M","?","M","$","E","R","E","T","R","E","$","R","?","R","B",null,"M","M","?","M","$","R","M","R","T","E","R","?","E","M","R","B",null,"M","$","M","M","?","R","E","R","T","E","$","?","M","M","R","B",null],"character_chosen":"THE_SILENT","items_purchased":["Fire Potion","Mercury Hourglass","Blind","Dark Shackles","Panache","FearPotion","Infinite Blades"],"campfire_rested":3,"item_purchase_floors":[5,5,12,22,45,45,45],"current_hp_per_floor":[55,54,47,45,45,39,39,36,36,36,32,32,32,25,25,19,57,49,49,49,42,42,42,42,63,63,62,62,62,54,54,54,39,62,61,61,61,52,52,52,33,54,54,37,37,37,35,35,56,46],"gold":174,"neow_bonus":"TWO_FIFTY_GOLD","is_prod":false,"is_daily":false,"chose_seed":false,"campfire_upgraded":6,"win_rate":0,"timestamp":1563329636,"path_taken":["M","M","?","M","$","E","R","E","T","R","E","$","R","?","R","BOSS","M","M","?","M","$","R","M","R","T","E","R","?","E","M","R","BOSS","M","$","M","M","?","R","E","R","T","E","$","?","?","M","R","BOSS"],"build_version":"2019-07-05","purchased_purges":3,"victory":true,"max_hp_per_floor":[70,70,70,70,70,70,70,70,70,70,70,70,70,70,70,70,70,70,70,70,70,70,70,70,70,70,70,70,70,70,70,70,70,70,70,70,70,70,70,70,70,70,70,70,70,70,70,70,70,70],"card_choices":[{"not_picked":["Poisoned Stab","Acrobatics"],"picked":"Masterful Stab","floor":1.0},{"not_picked":["Escape Plan","Terror"],"picked":"Cloak And Dagger","floor":2.0},{"not_picked":["Flechettes","Dagger Throw"],"picked":"Flying Knee","floor":4.0},{"not_picked":["Flechettes","Accuracy"],"picked":"Well Laid Plans","floor":6.0},{"not_picked":["Well Laid Plans","Outmaneuver"],"picked":"Skewer","floor":8.0},{"not_picked":["Underhanded Strike","Setup"],"picked":"PiercingWail","floor":11.0},{"not_picked":["Wraith Form v2","Die Die Die"],"picked":"A Thousand Cuts","floor":16.0},{"not_picked":["Acrobatics","Blade Dance"],"picked":"Backflip","floor":17.0},{"not_picked":["Deadly Poison","Dagger Throw"],"picked":"Dash","floor":17.0},{"not_picked":["Bane","Flying Knee"],"picked":"Deflect","floor":17.0},{"not_picked":["Slice","Blade Dance"],"picked":"Escape Plan","floor":17.0},{"not_picked":["Bane","Quick Slash"],"picked":"Footwork","floor":18.0},{"not_picked":["Well Laid Plans+1","Sucker Punch"],"picked":"Glass Knife","floor":18.0},{"not_picked":["All Out Attack","Prepared"],"picked":"Escape Plan+1","floor":19.0},{"not_picked":["Concentrate","Bane"],"picked":"Calculated Gamble","floor":19.0},{"not_picked":["Flechettes","Concentrate"],"picked":"Flying Knee+1","floor":21.0},{"not_picked":["Underhanded Strike","Infinite Blades"],"picked":"Footwork","floor":21.0},{"not_picked":["Poisoned Stab","Acrobatics+1"],"picked":"Dagger Spray","floor":24.0},{"not_picked":["Footwork","Quick Slash"],"picked":"Deflect","floor":24.0},{"not_picked":["Night Terror","Backstab"],"picked":"Backflip+1","floor":27.0},{"not_picked":["Sucker Punch","PiercingWail"],"picked":"Concentrate+1","floor":29.0},{"not_picked":["Deflect","Calculated Gamble"],"picked":"Adrenaline","floor":30.0},{"not_picked":["Sucker Punch","Catalyst+1"],"picked":"Cloak And Dagger+1","floor":31.0},{"not_picked":["Blade Dance","Bane+1"],"picked":"Flying Knee+1","floor":31.0},{"not_picked":["Night Terror","Glass Knife"],"picked":"Adrenaline","floor":33.0},{"not_picked":["Flechettes","All Out Attack+1"],"picked":"PiercingWail+1","floor":35.0},{"not_picked":["Setup","Deflect+1"],"picked":"Infinite Blades+1","floor":35.0},{"not_picked":["Bane","Blur"],"picked":"Dodge and Roll","floor":37.0},{"not_picked":["Corpse Explosion","Flying Knee"],"picked":"PiercingWail+1","floor":37.0},{"not_picked":["Backstab","Poisoned Stab"],"picked":"Backflip","floor":38.0},{"not_picked":["Cloak And Dagger","Blade Dance+1"],"picked":"Dagger Spray+1","floor":38.0},{"not_picked":["Bane+1","Sucker Punch"],"picked":"Footwork","floor":41.0},{"not_picked":["Terror","Deadly Poison+1"],"picked":"A Thousand Cuts","floor":44.0},{"not_picked":["Choke+1","PiercingWail"],"picked":"Dodge and Roll","floor":47.0},{"not_picked":["Predator+1","Dagger Throw","Endless Agony"],"picked":"SKIP","floor":47.0},{"not_picked":["Crippling Poison+1","Sucker Punch"],"picked":"PiercingWail+1","floor":48},{"not_picked":["Riddle With Holes","Deflect","Sucker Punch"],"picked":"SKIP","floor":48}],"player_experience":628244,"relics_obtained":[{"floor":6.0,"key":"Prayer Wheel"},{"floor":8.0,"key":"Bronze Scales"},{"floor":9.0,"key":"Ninja Scroll"},{"floor":11.0,"key":"War Paint"},{"floor":26.0,"key":"Bag of Marbles"},{"floor":27.0,"key":"Shovel"},{"floor":28.0,"key":"Letter Opener"},{"floor":29.0,"key":"Red Mask"},{"floor":30.0,"key":"Bottled Lightning"},{"floor":40.0,"key":"MawBank"},{"floor":41.0,"key":"Art of War"},{"floor":43.0,"key":"Oddly Smooth Stone"},{"floor":44.0,"key":"Smiling Mask"}],"event_choices":[{"damage_healed":0.0,"max_hp_gain":0.0,"max_hp_loss":0.0,"gold_gain":0.0,"event_name":"Scrap Ooze","player_choice":"Success","floor":3.0,"gold_loss":0.0,"damage_taken":7.0,"relics_obtained":["Centennial Puzzle"]},{"cards_removed":["Strike_G"],"damage_healed":0.0,"max_hp_gain":0.0,"max_hp_loss":0.0,"gold_gain":0.0,"event_name":"Golden Wing","player_choice":"Card Removal","floor":14.0,"gold_loss":0.0,"damage_taken":7.0},{"damage_healed":0.0,"max_hp_gain":0.0,"max_hp_loss":0.0,"gold_gain":0.0,"event_name":"The Library","player_choice":"Read","floor":20.0,"gold_loss":0.0,"damage_taken":0.0,"cards_obtained":["Footwork"]},{"damage_healed":0.0,"max_hp_gain":0.0,"max_hp_loss":0.0,"gold_gain":0.0,"event_name":"Masked Bandits","player_choice":"Fought Bandits","floor":29.0,"gold_loss":0.0,"damage_taken":0.0},{"cards_removed":["Flying Knee"],"damage_healed":0.0,"max_hp_gain":0.0,"max_hp_loss":0.0,"gold_gain":0.0,"event_name":"Falling","player_choice":"Removed Attack","floor":39.0,"gold_loss":0.0,"damage_taken":0.0},{"damage_healed":0.0,"max_hp_gain":0.0,"max_hp_loss":0.0,"gold_gain":100.0,"event_name":"Golden Shrine","player_choice":"Pray","floor":46.0,"gold_loss":0.0,"damage_taken":0.0}],"is_beta":false,"boss_relics":[{"not_picked":["Snecko Eye","HoveringKite"],"picked":"Orrery"},{"not_picked":["White Beast Statue","Calling Bell"],"picked":"Fusion Hammer"}],"items_purged_floors":[5,36,45],"is_endless":false,"potions_floor_spawned":[4,6,8,11,16,18,19,30,33,37,38,47],"ascension_level":11}