{"gold_per_floor":[117,117,129,129,142,173,173,173,173,173,185,110,142,153,153,153],"floor_reached":16,"playtime":503,"items_purged":["Strike_R"],"score":110,"play_id":"95c42161-2f3b-4b91-8139-e27fe1ba7e18","local_time":"20190710165109","is_ascension_mode":false,"campfire_choices":[{"data":"Bash","floor":7,"key":"SMITH"},{"data":"Strike_R","floor":10,"key":"PURGE"},{"floor":15,"key":"DIG"}],"neow_cost":"TEN_PERCENT_HP_LOSS","seed_source_timestamp":15285616005459,"circlet_count":0,"master_deck":["Strike_R","Strike_R","Strike_R","Defend_R","Defend_R","Defend_R","Defend_R","Bash+1","Evolve"],"relics":["Burning Blood","Peace Pipe","Nunchaku","Blood Vial","Bird Faced Urn","Shuriken","Shovel","Happy Flower"],"potions_floor_usage":[13,16],"damage_taken":[{"damage":6,"enemies":"Jaw Worm","floor":1,"turns":4},{"damage":10,"enemies":"Cultist","floor":3,"turns":4},{"damage":3,"enemies":"Small Slimes","floor":5,"turns":4},{"damage":48,"enemies":"3 Sentries","floor":6,"turns":13},{"damage":11,"enemies":"Blue Slaver","floor":11,"turns":5},{"damage":20,"enemies":"Gremlin Nob","floor":13,"turns":5},{"damage":14,"enemies":"Gremlin Gang","floor":14,"turns":8},{"damage":63,"enemies":"Hexaghost","floor":16,"turns":9}],"seed_played":"-1297747554645205545","potions_obtained":[{"floor":1,"key":"FearPotion"},{"floor":5,"key":"GamblersBrew"},{"floor":6,"key":"LiquidBronze"}],"is_trial":false,"path_per_floor":["M","?","M","?","M","E","R","?","T","R","M","$","E","M","R","B"],"character_chosen":"IRONCLAD","items_purchased":[],"campfire_rested":0,"item_purchase_floors":[],"current_hp_per_floor":[72,72,68,65,70,30,30,82,82,82,77,77,65,59,59,0],"gold":153,"neow_bonus":"ONE_RARE_RELIC","is_prod":false,"is_daily":false,"chose_seed":false,"campfire_upgraded":1,"win_rate":0,"timestamp":1562770269,"path_taken":["M","?","?","?","M","E","R","?","T","R","M","$","E","?","R","BOSS"],"build_version":"2019-07-05","purchased_purges":1,"victory":false,"max_hp_per_floor":[72,72,72,72,72,72,72,82,82,82,82,82,82,82,82,82],"card_choices":[{"not_picked":["Sentinel","Battle Trance","Disarm"],"picked":"SKIP","floor":1},{"not_picked":["Bloodletting","Fire Breathing","Reckless Charge"],"picked":"SKIP","floor":3},{"not_picked":["Sword Boomerang","Headbutt","Clothesline"],"picked":"SKIP","floor":5},{"not_picked":["Metallicize","Power Through"],"picked":"Dark Embrace","floor":6},{"not_picked":["Clash","Rampage","Spot Weakness"],"picked":"SKIP","floor":11},{"not_picked":["True Grit","Sword Boomerang","Juggernaut"],"picked":"SKIP","floor":13},{"not_picked":["Shrug It Off","Intimidate"],"picked":"Evolve","floor":14}],"player_experience":57485,"relics_obtained":[{"floor":6,"key":"Bird Faced Urn"},{"floor":9,"key":"Shuriken"},{"floor":13,"key":"Shovel"},{"floor":15,"key":"Happy Flower"}],"event_choices":[{"damage_healed":0,"gold_gain":0,"player_choice":"Gave Potion","damage_taken":0,"relics_obtained":["Nunchaku"],"max_hp_gain":0,"max_hp_loss":0,"event_name":"WeMeetAgain","floor":2,"gold_loss":0},{"damage_healed":0,"gold_gain":0,"player_choice":"Success","damage_taken":3,"relics_obtained":["Blood Vial"],"max_hp_gain":0,"max_hp_loss":0,"event_name":"Scrap Ooze","floor":4,"gold_loss":0},{"cards_removed":["Dark Embrace"],"damage_healed":42,"gold_gain":0,"player_choice":"Offered Rare","damage_taken":0,"max_hp_gain":10,"max_hp_loss":0,"event_name":"Bonfire Elementals","floor":8,"gold_loss":0}],"is_beta":false,"boss_relics":[],"items_purged_floors":[12],"is_endless":false,"potions_floor_spawned":[1,5,6],"killed_by":"Hexaghost","ascension_level":0}