{"gold_per_floor":[216,491,491,501,517,517,551,19,67,67,67,67,108,108],"floor_reached":14,"playtime":390,"items_purged":["Regret"],"score":154,"play_id":"5a628dc4-bc00-49ec-8bee-4cb4c4171d70","local_time":"20181031185758","is_ascension_mode":true,"campfire_choices":[{"data":"Infernal Blade","floor":6,"key":"SMITH"},{"floor":11,"key":"REST"}],"neow_cost":"NONE","seed_source_timestamp":178553680630600,"circlet_count":0,"master_deck":["Strike_R","Strike_R","Strike_R","Strike_R","Strike_R+1","Defend_R","Defend_R","Defend_R","Defend_R+1","Bash","AscendersBane","Pommel Strike","Combust","Infernal Blade+1","Double Tap","Flex","Metallicize","Combust"],"relics":["Burning Blood","Boot","MawBank","TheAbacus","Omamori","Golden Idol","FossilizedHelix","Dream Catcher"],"potions_floor_usage":[7],"damage_taken":[{"damage":7,"enemies":"Jaw Worm","floor":1,"turns":3},{"damage":4,"enemies":"Cultist","floor":4,"turns":4},{"damage":11,"enemies":"2 Louse","floor":5,"turns":3},{"damage":47,"enemies":"Lagavulin","floor":7,"turns":8},{"damage":20,"enemies":"3 Sentries","floor":13,"turns":6},{"damage":16,"enemies":"Exordium Wildlife","floor":14,"turns":3}],"seed_played":"-6059146738900274750","potions_obtained":[{"floor":5,"key":"SteroidPotion"}],"is_trial":false,"path_per_floor":["M","?","?","M","M","R","E","$","T","?","R","?","E"],"character_chosen":"IRONCLAD","items_purchased":["MawBank","TheAbacus","Flex","Metallicize"],"campfire_rested":1,"item_purchase_floors":[8,8,8,8],"current_hp_per_floor":[71,71,55,57,52,52,11,11,11,11,35,23,9,0],"gold":108,"neow_bonus":"HUNDRED_GOLD","is_prod":false,"is_daily":false,"chose_seed":false,"campfire_upgraded":1,"win_rate":0,"timestamp":1541005078,"path_taken":["M","?","?","M","M","R","E","?","T","?","R","?","E","M"],"build_version":"2018-10-25v2","purchased_purges":1,"victory":false,"max_hp_per_floor":[80,80,80,80,80,80,80,80,80,80,80,80,80,80],"card_choices":[{"not_picked":["Sword Boomerang","Clash"],"picked":"Pommel Strike","floor":1},{"not_picked":["Reckless Charge","Anger"],"picked":"Combust","floor":4},{"not_picked":["Thunderclap","Shrug It Off"],"picked":"Infernal Blade","floor":5},{"not_picked":["Sever Soul","Dual Wield"],"picked":"Double Tap","floor":7},{"not_picked":["Body Slam","Pummel"],"picked":"Combust","floor":13}],"player_experience":454597,"relics_obtained":[{"floor":7,"key":"Boot"},{"floor":9,"key":"Omamori"},{"floor":13,"key":"Dream Catcher"}],"event_choices":[{"damage_healed":0,"gold_gain":275,"player_choice":"Desecrate","damage_taken":0,"max_hp_gain":0,"max_hp_loss":0,"event_name":"Golden Shrine","floor":2,"gold_loss":0,"cards_obtained":["Regret"]},{"damage_healed":0,"gold_gain":0,"player_choice":"Entered Light","damage_taken":16,"max_hp_gain":0,"max_hp_loss":0,"event_name":"Shining Light","floor":3,"gold_loss":0,"cards_upgraded":["Defend_R","Strike_R"]},{"damage_healed":0,"gold_gain":0,"player_choice":"Take Wound","damage_taken":0,"relics_obtained":["Golden Idol"],"max_hp_gain":0,"max_hp_loss":0,"event_name":"Golden Idol","floor":10,"gold_loss":0,"cards_obtained":["Injury"]},{"damage_healed":0,"gold_gain":0,"player_choice":"Success","damage_taken":12,"relics_obtained":["FossilizedHelix"],"max_hp_gain":0,"max_hp_loss":0,"event_name":"Scrap Ooze","floor":12,"gold_loss":0}],"is_beta":false,"boss_relics":[],"items_purged_floors":[8],"is_endless":false,"potions_floor_spawned":[5],"killed_by":"Exordium Wildlife","ascension_level":12}