{"path_per_floor":["M","?","?","?","$","R","M","M","T","E","?","R","M","M","R","B",null,"M","T","?","M","$","E","$","E","T","R","M","M","M","M","R","B",null,"M","?","$","M","M","R","$","M","T","R","M","M","$","M","R","B"],"character_chosen":"IRONCLAD","items_purchased":["Flex"],"gold_per_floor":[110,60,60,60,8,8,28,38,65,130,130,130,146,161,161,256,256,276,276,176,192,117,147,47,73,73,73,84,103,116,135,135,233,233,244,0,0,13,25,25,25,39,39,39,58,73,73,85,85,85],"floor_reached":51,"campfire_rested":2,"playtime":1445,"current_hp_per_floor":[80,80,76,76,76,76,69,75,75,40,21,49,42,48,76,55,94,83,83,83,68,68,89,89,61,61,61,94,85,94,91,91,64,94,94,94,94,84,86,86,86,87,87,87,88,71,71,97,97,28],"items_purged":["Strike_R","Strike_R"],"gold":85,"score":748,"play_id":"f72dbb5d-7013-44be-9fa3-7361f8c6ace5","local_time":"20180327162641","is_prod":false,"is_daily":false,"is_ascension_mode":true,"campfire_upgraded":6,"timestamp":1522157201,"path_taken":["M","?","?","?","?","R","M","?","T","E","?","R","M","M","R","BOSS","M","?","?","M","$","E","?","E","T","R","M","M","M","M","R","BOSS","M","?","?","?","?","R","$","M","T","R","M","?","$","M","R","BOSS"],"build_version":"2018-03-22v2","purchased_purges":3,"victory":true,"master_deck":["Strike_R+1","Strike_R+1","Bash+1","Flex+1","Flex+1","Reaper+1","Iron Wave+1","Fire Breathing+1","Offering+1","J.A.X.+1","Flex+1","Whirlwind+1","Feed"],"max_hp_per_floor":[80,80,94,94,94,94,94,94,94,94,94,94,94,94,94,94,94,94,94,94,94,94,94,94,94,94,94,94,94,94,94,94,94,94,94,94,94,94,94,94,94,94,94,94,94,94,94,97,97,97],"relics":["Burning Blood","Mango","Anchor","Tiny Chest","Astrolabe","Ice Cream","Charon\u0027s Ashes","Blood Vial","Sundial","Lizard Tail","Red Mask","Torii"],"card_choices":[{"not_picked":["Twin Strike","Perfected Strike"],"picked":"Flex","floor":14},{"not_picked":["Fiend Fire","Limit Break"],"picked":"Reaper","floor":16},{"not_picked":["Armaments","Evolve"],"picked":"Flex","floor":25},{"not_picked":["Cleave","Spot Weakness"],"picked":"Whirlwind","floor":29},{"not_picked":["Thunderclap","Body Slam"],"picked":"Feed","floor":45}],"player_experience":133707,"potions_floor_usage":[16,16,21,23,29,33,46,46,50,50],"damage_taken":[{"damage":5,"enemies":"2 Louse","floor":1,"turns":3},{"damage":13,"enemies":"Jaw Worm","floor":7,"turns":3},{"damage":0,"enemies":"Small Slimes","floor":8,"turns":3},{"damage":41,"enemies":"3 Sentries","floor":10,"turns":9},{"damage":13,"enemies":"2 Fungi Beasts","floor":13,"turns":3},{"damage":0,"enemies":"Looter","floor":14,"turns":2},{"damage":27,"enemies":"Slime Boss","floor":16,"turns":8},{"damage":27,"enemies":"2 Thieves","floor":18,"turns":3},{"damage":30,"enemies":"3 Byrds","floor":21,"turns":4},{"damage":12,"enemies":"Gremlin Leader","floor":23,"turns":2},{"damage":46,"enemies":"Book of Stabbing","floor":25,"turns":4},{"damage":7,"enemies":"Centurion and Healer","floor":28,"turns":2},{"damage":18,"enemies":"Snecko","floor":29,"turns":3},{"damage":7,"enemies":"Cultist and Chosen","floor":30,"turns":2},{"damage":9,"enemies":"Centurion and Healer","floor":31,"turns":2},{"damage":35,"enemies":"Automaton","floor":33,"turns":5},{"damage":4,"enemies":"3 Shapes","floor":35,"turns":1},{"damage":16,"enemies":"3 Darklings","floor":38,"turns":3},{"damage":7,"enemies":"4 Shapes","floor":39,"turns":2},{"damage":7,"enemies":"Sphere and 2 Shapes","floor":42,"turns":1},{"damage":7,"enemies":"3 Darklings","floor":45,"turns":1},{"damage":25,"enemies":"Maw","floor":46,"turns":4},{"damage":4,"enemies":"4 Shapes","floor":48,"turns":2},{"damage":83,"enemies":"Donu and Deca","floor":50,"turns":6}],"event_choices":[{"event_name":"The Cleric","player_choice":"Card Removal","floor":2,"damage_taken":0},{"event_name":"Scrap Ooze","player_choice":"success","floor":3,"damage_taken":18},{"event_name":"Liars Game","player_choice":"disagreed","floor":4,"damage_taken":0},{"event_name":"Shining Light","player_choice":"Entered Light","floor":11,"damage_taken":0},{"event_name":"Drug Dealer","player_choice":"Got JAXXED","floor":20,"damage_taken":0},{"event_name":"Tomb of Lord Red Mask","player_choice":"Paid","floor":36,"damage_taken":0}],"boss_relics":[{"not_picked":["Snecko Eye","Runic Pyramid"],"picked":"Astrolabe"},{"not_picked":["Eternal Feather","Tiny House"],"picked":"Lizard Tail"}],"potions_floor_spawned":[10,13,16,21,28,31,33,42,46,48],"seed_played":"-816966890481131638","ascension_level":1,"is_trial":false}