{"gold_per_floor":[119,119,129,129,129,129,145,171,171,185,185,211,227,128,128,229,229,249,281,281,291,42,69,80,80],"floor_reached":25,"playtime":1531,"items_purged":["Strike_G"],"score":231,"play_id":"240aa0b7-04f3-47eb-ad1a-18e92e77c29d","local_time":"20190712203224","is_ascension_mode":false,"campfire_choices":[{"data":"Blur","floor":6,"key":"SMITH"},{"data":"Neutralize","floor":11,"key":"SMITH"},{"data":"Heel Hook","floor":15,"key":"SMITH"}],"neow_cost":"NONE","seed_source_timestamp":109106756972410,"circlet_count":0,"master_deck":["Strike_G","Strike_G","Strike_G+1","Strike_G","Defend_G","Defend_G","Defend_G+1","Defend_G","Defend_G","Survivor","Neutralize+1","Cloak And Dagger","Blur+1","Dagger Throw","Infinite Blades","Distraction+1","Heel Hook+1","Bouncing Flask+1","Acrobatics+1","Burst+1","Deflect+1","Accuracy+1","Cloak And Dagger+1"],"relics":["Ring of the Serpent","Sundial","Oddly Smooth Stone","Toxic Egg 2","Happy Flower","Nloth\u0027s Gift","Mercury Hourglass","WingedGreaves"],"potions_floor_usage":[8,8,18,19,23],"damage_taken":[{"damage":0,"enemies":"2 Louse","floor":1,"turns":4},{"damage":1,"enemies":"Cultist","floor":3,"turns":4},{"damage":0,"enemies":"Jaw Worm","floor":7,"turns":5},{"damage":16,"enemies":"Gremlin Nob","floor":8,"turns":3},{"damage":1,"enemies":"Blue Slaver","floor":10,"turns":4},{"damage":2,"enemies":"Lagavulin","floor":12,"turns":9},{"damage":0,"enemies":"Gremlin Gang","floor":13,"turns":6},{"damage":2,"enemies":"Hexaghost","floor":16,"turns":10},{"damage":11,"enemies":"2 Thieves","floor":18,"turns":5},{"damage":19,"enemies":"Masked Bandits","floor":19,"turns":6},{"damage":1,"enemies":"3 Byrds","floor":21,"turns":6},{"damage":20,"enemies":"Slavers","floor":23,"turns":7},{"damage":0,"enemies":"Snake Plant","floor":24,"turns":6},{"damage":33,"enemies":"Gremlin Leader","floor":25,"turns":6}],"seed_played":"-2985423670719199373","potions_obtained":[{"floor":0,"key":"Poison Potion"},{"floor":0,"key":"SkillPotion"},{"floor":0,"key":"FairyPotion"},{"floor":7,"key":"Block Potion"},{"floor":10,"key":"Dexterity Potion"},{"floor":16,"key":"GamblersBrew"},{"floor":21,"key":"Weak Potion"},{"floor":23,"key":"SteroidPotion"}],"is_trial":false,"path_per_floor":["M","?","M","T","?","R","M","E","T","M","R","E","M","$","R","B",null,"M","?","?","M","$","E","M","E"],"character_chosen":"THE_SILENT","items_purchased":["Acrobatics+1","Mercury Hourglass"],"campfire_rested":0,"item_purchase_floors":[14,22],"current_hp_per_floor":[70,70,69,69,55,55,55,39,39,38,38,36,36,36,36,34,70,59,40,40,39,39,19,19,0],"gold":80,"neow_bonus":"THREE_SMALL_POTIONS","is_prod":false,"is_daily":false,"chose_seed":false,"campfire_upgraded":3,"win_rate":0,"timestamp":1562956344,"path_taken":["M","?","?","?","?","R","M","E","T","M","R","E","M","$","R","BOSS","M","?","?","M","$","E","?","E"],"build_version":"2019-07-05","purchased_purges":1,"victory":false,"max_hp_per_floor":[70,70,70,70,70,70,70,70,70,70,70,70,70,70,70,70,70,70,70,70,70,70,70,70,70],"card_choices":[{"not_picked":["Accuracy","Dash"],"picked":"Cloak And Dagger","floor":1},{"not_picked":["Deflect","Dagger Throw"],"picked":"Blur","floor":3},{"not_picked":["Slice","Heel Hook"],"picked":"Dagger Throw","floor":7},{"not_picked":["Acrobatics","Heel Hook"],"picked":"Infinite Blades","floor":8},{"not_picked":["Catalyst+1","Dagger Throw"],"picked":"Distraction+1","floor":10},{"not_picked":["Storm of Steel+1","Riddle With Holes"],"picked":"Heel Hook","floor":12},{"not_picked":["Dodge and Roll+1","Deadly Poison+1"],"picked":"Bouncing Flask+1","floor":13},{"not_picked":["Storm of Steel+1","Bullet Time+1"],"picked":"Burst+1","floor":16},{"not_picked":["Riddle With Holes+1","Dodge and Roll+1"],"picked":"Deflect+1","floor":18},{"not_picked":["Blade Dance+1","Finisher+1"],"picked":"Accuracy+1","floor":21},{"not_picked":["Bullet Time+1","Slice","Flying Knee"],"picked":"SKIP","floor":23},{"not_picked":["Slice","Unload"],"picked":"Cloak And Dagger+1","floor":24}],"player_experience":101413,"relics_obtained":[{"floor":4,"key":"Sundial"},{"floor":8,"key":"Oddly Smooth Stone"},{"floor":9,"key":"Toxic Egg 2"},{"floor":12,"key":"Happy Flower"},{"floor":19,"key":"Red Mask"},{"floor":23,"key":"WingedGreaves"}],"event_choices":[{"damage_healed":0,"gold_gain":0,"player_choice":"Ignored","damage_taken":0,"max_hp_gain":0,"max_hp_loss":0,"event_name":"NoteForYourself","floor":2,"gold_loss":0},{"damage_healed":0,"gold_gain":0,"player_choice":"Entered Light","damage_taken":14,"max_hp_gain":0,"max_hp_loss":0,"event_name":"Shining Light","floor":5,"gold_loss":0,"cards_upgraded":["Strike_G","Defend_G"]},{"damage_healed":0,"gold_gain":0,"player_choice":"Fought Bandits","damage_taken":0,"max_hp_gain":0,"max_hp_loss":0,"event_name":"Masked Bandits","floor":19,"gold_loss":0},{"damage_healed":0,"gold_gain":0,"player_choice":"Traded Relic","damage_taken":0,"relics_obtained":["Nloth\u0027s Gift"],"max_hp_gain":0,"max_hp_loss":0,"event_name":"N\u0027loth","floor":20,"relics_lost":["Red Mask"],"gold_loss":0}],"is_beta":false,"boss_relics":[{"not_picked":["Tiny House","White Beast Statue"],"picked":"Ring of the Serpent"}],"items_purged_floors":[14],"is_endless":false,"potions_floor_spawned":[7,10,16,21,23],"killed_by":"Gremlin Leader","ascension_level":0}