{"gold_per_floor":[215,215,165,175,257,287,300,475,499,551,565,565,591,126,126,221,221,238,238,13,13,13,13,24,24,24,24,37,49,1,1,1,103,103,114,126,126,26,26,26,44,44,44,79,99,125,145,197,197,197],"floor_reached":51,"playtime":1487,"items_purged":["Doubt","Strike_R"],"score":1133,"play_id":"5ab79fa9-3bd0-4183-8a9f-376b4c8b71ef","local_time":"20190317223122","is_ascension_mode":true,"campfire_choices":[{"data":"Feed","floor":15,"key":"SMITH"},{"data":"Double Tap","floor":23,"key":"SMITH"},{"data":"Whirlwind","floor":25,"key":"SMITH"},{"data":"Inflame","floor":32,"key":"SMITH"},{"data":"Iron Wave","floor":40,"key":"SMITH"},{"data":"Spot Weakness","floor":42,"key":"SMITH"},{"floor":49,"key":"REST"}],"neow_cost":"NONE","seed_source_timestamp":49073514203200,"circlet_count":0,"master_deck":["AscendersBane","Strike_R","Strike_R","Strike_R","Defend_R","Defend_R","Defend_R+1","Defend_R+1","Sword Boomerang+1","Inflame+1","Reaper+1","Iron Wave+1","Feed+1","Double Tap+1","Clothesline+1","Whirlwind+1","Disarm+1","Ghostly Armor","Sword Boomerang+1","Spot Weakness+1"],"relics":["Burning Blood","Tiny Chest","Kunai","Centennial Puzzle","Orichalcum","StoneCalendar","Vajra","Mummified Hand","Busted Crown","Happy Flower","Molten Egg 2","Sozu","War Paint","Pantograph","Bag of Marbles","Meat on the Bone","Gambling Chip"],"potions_floor_usage":[13,16,18,28,33,33,50],"damage_taken":[{"damage":9,"enemies":"Jaw Worm","floor":1,"turns":4},{"damage":10,"enemies":"Small Slimes","floor":4,"turns":3},{"damage":8,"enemies":"Gremlin Nob","floor":6,"turns":3},{"damage":1,"enemies":"Cultist","floor":7,"turns":3},{"damage":0,"enemies":"Large Slime","floor":11,"turns":6},{"damage":29,"enemies":"Lagavulin","floor":13,"turns":5},{"damage":19,"enemies":"Hexaghost","floor":16,"turns":9},{"damage":13,"enemies":"3 Byrds","floor":18,"turns":6},{"damage":0,"enemies":"Chosen","floor":24,"turns":3},{"damage":15,"enemies":"Centurion and Healer","floor":28,"turns":5},{"damage":18,"enemies":"Snake Plant","floor":29,"turns":3},{"damage":9,"enemies":"Collector","floor":33,"turns":6},{"damage":9,"enemies":"3 Shapes","floor":35,"turns":3},{"damage":19,"enemies":"Orb Walker","floor":36,"turns":4},{"damage":4,"enemies":"Transient","floor":41,"turns":5},{"damage":34,"enemies":"Giant Head","floor":44,"turns":7},{"damage":3,"enemies":"Writhing Mass","floor":45,"turns":3},{"damage":38,"enemies":"Reptomancer","floor":46,"turns":5},{"damage":10,"enemies":"Maw","floor":47,"turns":6},{"damage":36,"enemies":"2 Orb Walkers","floor":48,"turns":5},{"damage":96,"enemies":"Donu and Deca","floor":50,"turns":7}],"seed_played":"-8926888013906092612","potions_obtained":[{"floor":7,"key":"Fire Potion"},{"floor":11,"key":"Strength Potion"},{"floor":16,"key":"SpeedPotion"},{"floor":18,"key":"EssenceOfSteel"},{"floor":29,"key":"FearPotion"},{"floor":33,"key":"LiquidBronze"}],"is_trial":false,"path_per_floor":["M","?","?","M","T","E","M","?","T","T","M","?","E","$","R","B",null,"M","?","$","?","$","R","M","R","T","?","M","M","$","?","R","B",null,"M","M","?","$","?","R","M","R","T","E","M","E","M","?","R","B",null],"character_chosen":"IRONCLAD","items_purchased":["Vajra","Mummified Hand","Happy Flower","Disarm","Block Potion"],"campfire_rested":1,"item_purchase_floors":[14,14,20,20,30],"current_hp_per_floor":[69,69,69,65,65,63,72,72,72,72,80,64,50,50,50,37,69,75,75,75,75,75,75,81,81,81,73,79,67,67,67,67,64,82,79,75,75,75,75,75,83,83,83,60,63,31,45,40,66,24],"gold":197,"neow_bonus":"HUNDRED_GOLD","is_prod":false,"is_daily":false,"chose_seed":false,"campfire_upgraded":6,"win_rate":0,"timestamp":1552854682,"path_taken":["M","?","?","M","?","E","?","?","T","?","M","?","E","?","R","BOSS","M","?","$","?","?","R","?","R","T","?","M","?","?","?","R","BOSS","M","M","?","?","?","R","?","R","T","E","M","E","M","?","R","BOSS"],"build_version":"2019-01-23","purchased_purges":2,"victory":true,"max_hp_per_floor":[80,80,80,80,80,80,80,80,80,80,80,80,80,80,80,80,80,84,84,84,84,84,84,84,84,84,84,88,88,88,88,88,88,88,88,88,88,88,88,88,88,88,88,88,88,88,88,88,88,88],"card_choices":[{"not_picked":["Body Slam","Warcry"],"picked":"Sword Boomerang","floor":1},{"not_picked":["Shrug It Off","Intimidate"],"picked":"Inflame","floor":4},{"not_picked":["Combust","Flex"],"picked":"Reaper","floor":6},{"not_picked":["Wild Strike","Twin Strike"],"picked":"Iron Wave","floor":7},{"not_picked":["Perfected Strike","Rupture","Warcry"],"picked":"SKIP","floor":11},{"not_picked":["Armaments","Twin Strike"],"picked":"Feed","floor":13},{"not_picked":["Exhume","Bludgeon"],"picked":"Double Tap","floor":16},{"not_picked":[],"picked":"Clothesline+1","floor":18},{"not_picked":[],"picked":"Ghostly Armor","floor":24},{"not_picked":[],"picked":"Sword Boomerang+1","floor":28},{"not_picked":["Anger+1"],"picked":"SKIP","floor":29},{"not_picked":["Armaments+1"],"picked":"SKIP","floor":35},{"not_picked":["Clothesline+1"],"picked":"SKIP","floor":36},{"not_picked":[],"picked":"Spot Weakness","floor":41},{"not_picked":["True Grit"],"picked":"SKIP","floor":44},{"not_picked":["Body Slam+1"],"picked":"SKIP","floor":45},{"not_picked":["Wild Strike+1"],"picked":"SKIP","floor":46},{"not_picked":["Sword Boomerang+1"],"picked":"SKIP","floor":47}],"player_experience":497876,"relics_obtained":[{"floor":5,"key":"Tiny Chest"},{"floor":6,"key":"Kunai"},{"floor":9,"key":"Centennial Puzzle"},{"floor":10,"key":"Orichalcum"},{"floor":13,"key":"StoneCalendar"},{"floor":26,"key":"Molten Egg 2"},{"floor":37,"key":"War Paint"},{"floor":43,"key":"Pantograph"},{"floor":44,"key":"Bag of Marbles"},{"floor":46,"key":"Meat on the Bone"},{"floor":48,"key":"Gambling Chip"}],"event_choices":[{"damage_healed":0,"gold_gain":0,"player_choice":"Grow","damage_taken":0,"max_hp_gain":0,"max_hp_loss":0,"event_name":"Living Wall","floor":2,"gold_loss":0,"cards_upgraded":["Sword Boomerang"]},{"cards_removed":["Strike_R"],"damage_healed":0,"gold_gain":0,"player_choice":"Card Removal","damage_taken":0,"max_hp_gain":0,"max_hp_loss":0,"event_name":"The Cleric","floor":3,"gold_loss":50},{"damage_healed":0,"gold_gain":175,"player_choice":"AGREE","damage_taken":0,"max_hp_gain":0,"max_hp_loss":0,"event_name":"Liars Game","floor":8,"gold_loss":0,"cards_obtained":["Doubt"]},{"damage_healed":0,"gold_gain":0,"player_choice":"Entered Light","damage_taken":16,"max_hp_gain":0,"max_hp_loss":0,"event_name":"Shining Light","floor":12,"gold_loss":0,"cards_upgraded":["Reaper","Defend_R"]},{"damage_healed":0,"gold_gain":0,"player_choice":"Read","damage_taken":0,"max_hp_gain":0,"max_hp_loss":0,"event_name":"The Library","floor":19,"gold_loss":0,"cards_obtained":["Whirlwind"]},{"damage_healed":0,"gold_gain":0,"player_choice":"Ignored","damage_taken":0,"max_hp_gain":0,"max_hp_loss":0,"event_name":"Ghosts","floor":21,"gold_loss":0},{"damage_healed":0,"gold_gain":0,"player_choice":"Damaged","damage_taken":8,"max_hp_gain":0,"max_hp_loss":0,"event_name":"Wheel of Change","floor":27,"gold_loss":0},{"damage_healed":0,"gold_gain":0,"player_choice":"Ignored","damage_taken":0,"max_hp_gain":0,"max_hp_loss":0,"event_name":"Vampires","floor":31,"gold_loss":0},{"damage_healed":0,"gold_gain":0,"player_choice":"Relic","damage_taken":0,"max_hp_gain":0,"max_hp_loss":0,"event_name":"Wheel of Change","floor":37,"gold_loss":0},{"cards_removed":["Bash"],"damage_healed":0,"gold_gain":0,"player_choice":"Removed Attack","damage_taken":0,"max_hp_gain":0,"max_hp_loss":0,"event_name":"Falling","floor":39,"gold_loss":0},{"damage_healed":0,"gold_gain":0,"player_choice":"Fight","damage_taken":0,"max_hp_gain":0,"max_hp_loss":0,"event_name":"Mysterious Sphere","floor":48,"gold_loss":0}],"is_beta":false,"boss_relics":[{"not_picked":["Runic Cube","Fusion Hammer"],"picked":"Busted Crown"},{"not_picked":["Mark of Pain","Philosopher\u0027s Stone"],"picked":"Sozu"}],"items_purged_floors":[14,38],"is_endless":false,"potions_floor_spawned":[7,11,16,18,29,33,41,45],"ascension_level":12}