{"gold_per_floor":[114,189,83,94,19,38,57,74,74,74,90,90,90,105,105,105],"floor_reached":16,"playtime":406,"items_purged":["Strike_B"],"score":113,"play_id":"46f2f4be-59b8-42a9-ba0f-9ead8fdd0a74","local_time":"20181002170250","is_ascension_mode":true,"campfire_choices":[{"floor":13,"key":"REST"},{"floor":15,"key":"REST"}],"neow_cost":"","seed_source_timestamp":205298486873368,"circlet_count":0,"master_deck":["Strike_B","Strike_B","Strike_B","Defend_B","Defend_B","Defend_B","Defend_B","Zap","Dualcast","Chaos","Loop","Lockon","Static Discharge","Steam"],"relics":["Cracked Core","Art of War","Question Card","Mummified Hand"],"potions_floor_usage":[7,16],"damage_taken":[{"damage":1,"enemies":"Cultist","floor":1,"turns":4},{"damage":10,"enemies":"Small Slimes","floor":4,"turns":4},{"damage":12,"enemies":"Jaw Worm","floor":6,"turns":3},{"damage":7,"enemies":"Red Slaver","floor":7,"turns":4},{"damage":22,"enemies":"Looter","floor":8,"turns":3},{"damage":10,"enemies":"2 Fungi Beasts","floor":11,"turns":3},{"damage":32,"enemies":"Lots of Slimes","floor":14,"turns":4},{"damage":30,"enemies":"Hexaghost","floor":16,"turns":10}],"seed_played":"-3479600777907233649","potions_obtained":[{"floor":6,"key":"Regen Potion"},{"floor":8,"key":"Ancient Potion"}],"is_trial":false,"path_per_floor":["M","?","?","M","$","M","M","M","T","$","M","?","R","M","R"],"character_chosen":"DEFECT","items_purchased":[],"campfire_rested":2,"item_purchase_floors":[],"current_hp_per_floor":[74,63,63,53,53,41,46,24,24,24,14,14,36,4,26,0],"gold":105,"neow_bonus":"","is_prod":false,"is_daily":false,"chose_seed":false,"campfire_upgraded":0,"win_rate":0,"timestamp":1538488970,"path_taken":["M","?","?","M","?","M","M","?","T","$","M","?","R","M","R","BOSS"],"build_version":"2018-09-27","purchased_purges":1,"victory":false,"max_hp_per_floor":[75,75,75,75,75,75,75,75,75,75,75,75,75,75,75,75],"card_choices":[{"not_picked":["Coolheaded","Streamline","Compile Driver"],"picked":"SKIP","floor":1},{"not_picked":["Cold Snap","Compile Driver"],"picked":"Chaos","floor":4},{"not_picked":["Aggregate","Coolheaded"],"picked":"Loop","floor":6},{"not_picked":["Beam Cell","All For One"],"picked":"Lockon","floor":7},{"not_picked":["FTL","Barrage","Reinforced Body"],"picked":"SKIP","floor":8},{"not_picked":["Leap","Stack","Redo"],"picked":"Static Discharge","floor":11},{"not_picked":["Compile Driver","Rip and Tear","Gash"],"picked":"Steam","floor":14}],"player_experience":413462,"relics_obtained":[{"floor":9,"key":"Question Card"}],"event_choices":[{"event_name":"World of Goop","player_choice":"Gather Gold","floor":2,"damage_taken":0},{"event_name":"WeMeetAgain","player_choice":"Gold","floor":3,"damage_taken":0},{"event_name":"Dead Adventurer","player_choice":"Searched \u00272\u0027 times","floor":12,"damage_taken":0}],"is_beta":false,"boss_relics":[],"items_purged_floors":[5],"is_endless":false,"potions_floor_spawned":[6,8],"killed_by":"Hexaghost","ascension_level":4}