{"gold_per_floor":[113,113,125,425,437,471,471,486,486,486,503,503],"floor_reached":12,"playtime":346,"items_purged":[],"score":92,"play_id":"78c2059e-01d2-4f94-aef1-84ad91bdfb7d","local_time":"20180730181642","is_ascension_mode":true,"campfire_choices":[{"floor":10,"key":"REST"}],"neow_cost":"CURSE","seed_source_timestamp":170986718494468,"circlet_count":0,"master_deck":["Strike_B","Strike_B","Strike_B","Strike_B","Defend_B","Defend_B","Defend_B","Defend_B","Zap","Dualcast","Injury","Melter","Steam","Thunder Strike","Regret","Ball Lightning"],"relics":["Cracked Core","Nunchaku","Old Coin","Dead Branch","Cables","Peace Pipe"],"potions_floor_usage":[6,6,8],"damage_taken":[{"damage":4,"enemies":"2 Louse","floor":1,"turns":2},{"damage":6,"enemies":"Cultist","floor":3,"turns":3},{"damage":18,"enemies":"Jaw Worm","floor":5,"turns":4},{"damage":9,"enemies":"Gremlin Nob","floor":6,"turns":3},{"damage":2,"enemies":"Blue Slaver","floor":8,"turns":3},{"damage":32,"enemies":"Gremlin Gang","floor":11,"turns":6},{"damage":41,"enemies":"Lagavulin","floor":12,"turns":4}],"seed_played":"3789894068483126051","potions_obtained":[{"floor":3,"key":"FearPotion"},{"floor":5,"key":"Regen Potion"},{"floor":6,"key":"Energy Potion"}],"is_trial":false,"path_per_floor":["M","?","M","?","M","E","?","M","T","R","M"],"character_chosen":"DEFECT","items_purchased":[],"campfire_rested":1,"item_purchase_floors":[],"current_hp_per_floor":[71,71,65,53,35,35,35,33,33,55,23,0],"gold":503,"neow_bonus":"ONE_RARE_RELIC","is_prod":false,"is_daily":false,"chose_seed":false,"campfire_upgraded":0,"win_rate":0,"timestamp":1532963802,"path_taken":["M","?","M","?","M","E","?","?","T","R","M","E"],"build_version":"2018-07-26","purchased_purges":0,"victory":false,"max_hp_per_floor":[75,75,75,75,75,75,75,75,75,75,75,75],"card_choices":[{"not_picked":["Beam Cell","Reinforced Body","Hologram"],"picked":"SKIP","floor":1},{"not_picked":["Stack","Leap"],"picked":"Melter","floor":3},{"not_picked":["Auto Shields","Barrage"],"picked":"Steam","floor":5},{"not_picked":["Ball Lightning","Beam Cell"],"picked":"Thunder Strike","floor":6},{"not_picked":["Rebound","Melter","Darkness"],"picked":"SKIP","floor":8},{"not_picked":["Beam Cell","Compile Driver"],"picked":"Ball Lightning","floor":11}],"player_experience":319015,"relics_obtained":[{"floor":6,"key":"Dead Branch"},{"floor":9,"key":"Peace Pipe"}],"event_choices":[{"event_name":"The Woman in Blue","player_choice":"Bought 0 Potions","floor":2,"damage_taken":0},{"event_name":"Scrap Ooze","player_choice":"success","floor":4,"damage_taken":12},{"event_name":"Big Fish","player_choice":"Box","floor":7,"damage_taken":0}],"is_beta":false,"boss_relics":[],"items_purged_floors":[],"is_endless":false,"potions_floor_spawned":[3,5,6],"killed_by":"Lagavulin","ascension_level":3}