{"path_per_floor":["M","?","?","M","?","R","E","M","T","M"],"character_chosen":"DEFECT","items_purchased":[],"gold_per_floor":[111,111,111,131,381,381,412,427,427,444,444],"floor_reached":11,"campfire_rested":0,"playtime":250,"item_purchase_floors":[],"current_hp_per_floor":[63,56,56,50,50,50,35,33,33,14,0],"items_purged":[],"gold":444,"score":80,"play_id":"68c9d92f-cc81-480b-a278-a782f8b88f5c","local_time":"20180621125234","is_prod":false,"is_daily":false,"chose_seed":false,"is_ascension_mode":true,"campfire_upgraded":1,"win_rate":0,"timestamp":1529574754,"campfire_choices":[{"data":"Zap","floor":6,"key":"SMITH"}],"path_taken":["M","?","?","?","?","R","E","M","T","?","M"],"build_version":"2018-06-14v2","seed_source_timestamp":539567657886760,"purchased_purges":0,"victory":false,"master_deck":["Strike_B","Strike_B","Strike_B","Strike_B","Defend_B","Defend_B","Defend_B","Defend_B","Zap+1","Dualcast","Thunder Strike","Defragment","Ball Lightning","Regret","Double Energy"],"max_hp_per_floor":[68,68,68,68,68,68,68,68,68,68,68],"relics":["Cracked Core","Symbiotic Virus","Emotion Chip","Letter Opener","Toxic Egg 2"],"card_choices":[{"not_picked":["Reboot","All For One"],"picked":"Thunder Strike","floor":0},{"not_picked":["Rip and Tear","Barrage"],"picked":"Defragment","floor":1},{"not_picked":["Genetic Algorithm","Steam"],"picked":"Ball Lightning","floor":4},{"not_picked":["Aggregate","Sweeping Beam","Steam Power"],"picked":"SKIP","floor":7},{"not_picked":["Beam Cell","Reprogram"],"picked":"Double Energy","floor":8},{"not_picked":["Hologram+1","Thunder Strike","Leap+1"],"picked":"SKIP","floor":10}],"player_experience":284697,"potions_floor_usage":[4],"damage_taken":[{"damage":5,"enemies":"Small Slimes","floor":1,"turns":4},{"damage":6,"enemies":"2 Louse","floor":4,"turns":2},{"damage":15,"enemies":"Lagavulin","floor":7,"turns":4},{"damage":2,"enemies":"Jaw Worm","floor":8,"turns":2},{"damage":19,"enemies":"2 Fungi Beasts","floor":10,"turns":3},{"damage":22,"enemies":"Gremlin Gang","floor":11,"turns":1}],"relics_obtained":[{"floor":7,"key":"Letter Opener"},{"floor":9,"key":"Toxic Egg 2"}],"event_choices":[{"event_name":"Scrap Ooze","player_choice":"success","floor":2,"damage_taken":7},{"event_name":"Wheel of Change","player_choice":"Relic","floor":3,"damage_taken":0},{"event_name":"Golden Shrine","player_choice":"Desecrate","floor":5,"damage_taken":0}],"boss_relics":[],"items_purged_floors":[],"is_endless":false,"potions_floor_spawned":[1],"seed_played":"7856208687205648689","killed_by":"Gremlin Gang","ascension_level":2,"potions_obtained":[{"floor":1,"key":"Explosive Potion"}],"is_trial":false}