{"gold_per_floor":[109,109,109,284,303,303,338,350,350,350,364,364,399,419,419,521,521,532,532],"floor_reached":19,"playtime":2021,"items_purged":[],"score":221,"play_id":"59c2c1f5-bb73-4346-83d6-10ed72b3d1a5","local_time":"20190424141244","is_ascension_mode":true,"campfire_choices":[{"data":"Neutralize","floor":6,"key":"SMITH"},{"data":"Blade Dance","floor":10,"key":"SMITH"},{"data":"Accuracy","floor":12,"key":"SMITH"},{"floor":15,"key":"REST"}],"neow_cost":"NONE","seed_source_timestamp":20793811350700,"circlet_count":0,"master_deck":["Defend_G","Defend_G","Defend_G","Defend_G","Strike_G","Strike_G","Strike_G","Strike_G","Strike_G","Survivor","Neutralize+1","Accuracy+1","Well Laid Plans","Doubt","Backstab","Underhanded Strike","Blade Dance+1","Dodge and Roll","Prepared","Deflect","Storm of Steel"],"relics":["Eternal Feather","Mummified Hand","Bronze Scales","Busted Crown"],"potions_floor_usage":[7,13,14],"damage_taken":[{"damage":7,"enemies":"Small Slimes","floor":1,"turns":4},{"damage":2,"enemies":"Cultist","floor":5,"turns":5},{"damage":45,"enemies":"Lagavulin","floor":7,"turns":9},{"damage":0,"enemies":"2 Louse","floor":8,"turns":2},{"damage":0,"enemies":"Large Slime","floor":11,"turns":5},{"damage":37,"enemies":"Gremlin Nob","floor":13,"turns":6},{"damage":4,"enemies":"3 Louse","floor":14,"turns":4},{"damage":25,"enemies":"The Guardian","floor":16,"turns":17},{"damage":35,"enemies":"Spheric Guardian","floor":18,"turns":6},{"damage":26,"enemies":"Colosseum Slavers","floor":19,"turns":2}],"seed_played":"9085939898539874784","potions_obtained":[{"floor":5,"key":"FearPotion"},{"floor":7,"key":"SpeedPotion"},{"floor":13,"key":"Strength Potion"}],"is_trial":false,"path_per_floor":["M","?","$","?","M","R","E","M","T","R","M","R","E","M","R","B",null,"M","?"],"character_chosen":"THE_SILENT","items_purchased":[],"campfire_rested":1,"item_purchase_floors":[],"current_hp_per_floor":[63,63,63,63,61,70,25,25,25,34,34,43,6,2,35,10,55,20,0],"gold":532,"neow_bonus":"BOSS_RELIC","is_prod":false,"is_daily":false,"chose_seed":false,"campfire_upgraded":3,"win_rate":0,"timestamp":1556104364,"path_taken":["M","?","?","?","M","R","E","M","T","R","M","R","E","M","R","BOSS","M","?"],"build_version":"2019-01-23","purchased_purges":0,"victory":false,"max_hp_per_floor":[70,70,70,70,70,70,70,70,70,70,70,70,70,70,70,70,70,70,70],"card_choices":[{"not_picked":["Dagger Spray","Catalyst"],"picked":"Accuracy","floor":1},{"not_picked":["Sucker Punch","Reflex"],"picked":"Backstab","floor":5},{"not_picked":["Sucker Punch","PiercingWail"],"picked":"Underhanded Strike","floor":7},{"not_picked":["Caltrops","Riddle With Holes"],"picked":"Blade Dance","floor":8},{"not_picked":["Deflect","Underhanded Strike"],"picked":"Dodge and Roll","floor":11},{"not_picked":["Poisoned Stab","Eviscerate"],"picked":"Prepared","floor":13},{"not_picked":["Eviscerate","Deadly Poison"],"picked":"Deflect","floor":14},{"not_picked":["Tools of the Trade","Corpse Explosion"],"picked":"Storm of Steel","floor":16},{"not_picked":["Outmaneuver"],"picked":"SKIP","floor":18}],"player_experience":586059,"relics_obtained":[{"floor":7,"key":"Mummified Hand"},{"floor":13,"key":"Bronze Scales"}],"event_choices":[{"damage_healed":0,"gold_gain":0,"cards_transformed":["Defend_G"],"player_choice":"Transformed","damage_taken":0,"max_hp_gain":0,"max_hp_loss":0,"event_name":"Transmorgrifier","floor":2,"gold_loss":0,"cards_obtained":["Well Laid Plans"]},{"damage_healed":0,"gold_gain":175,"player_choice":"AGREE","damage_taken":0,"max_hp_gain":0,"max_hp_loss":0,"event_name":"Liars Game","floor":4,"gold_loss":0,"cards_obtained":["Doubt"]},{"damage_healed":0,"gold_gain":0,"player_choice":"Fight","damage_taken":0,"max_hp_gain":0,"max_hp_loss":0,"event_name":"Colosseum","floor":19,"gold_loss":0}],"is_beta":false,"boss_relics":[{"not_picked":["Lizard Tail","Astrolabe"],"picked":"Busted Crown"}],"items_purged_floors":[],"is_endless":false,"potions_floor_spawned":[5,7,13],"killed_by":"Colosseum Slavers","ascension_level":5}