{"gold_per_floor":[118,118,118,118,46,46],"floor_reached":6,"playtime":153,"items_purged":[],"score":40,"play_id":"e803d56e-c055-432e-85db-87919f9324cf","local_time":"20190711194839","is_ascension_mode":true,"campfire_choices":[],"neow_cost":"NONE","seed_source_timestamp":44860583177000,"circlet_count":0,"master_deck":["Strike_G","Strike_G","Strike_G","Defend_G","Defend_G","Defend_G","Defend_G","Defend_G","Survivor","Neutralize","Accuracy","Blade Dance","Blade Dance","A Thousand Cuts","Regret","Outmaneuver","Accuracy"],"relics":["Orrery","Du-Vu Doll"],"potions_floor_usage":[6],"damage_taken":[{"damage":1,"enemies":"2 Louse","floor":1,"turns":3},{"damage":63,"enemies":"Gremlin Nob","floor":6,"turns":5}],"seed_played":"2383142607923112747","potions_obtained":[{"floor":1,"key":"SkillPotion"}],"is_trial":false,"path_per_floor":["M","?","?","?","$","E"],"character_chosen":"THE_SILENT","items_purchased":["Accuracy"],"campfire_rested":0,"item_purchase_floors":[5],"current_hp_per_floor":[69,62,62,62,62,0],"gold":46,"neow_bonus":"BOSS_RELIC","is_prod":false,"is_daily":false,"chose_seed":false,"campfire_upgraded":0,"win_rate":0,"timestamp":1562863719,"path_taken":["M","?","?","?","$","E"],"build_version":"2019-07-05","purchased_purges":0,"victory":false,"max_hp_per_floor":[70,70,70,70,70,70],"card_choices":[{"not_picked":["Flechettes","Dagger Spray"],"picked":"Accuracy","floor":0},{"not_picked":["Blur","Outmaneuver"],"picked":"Blade Dance","floor":0},{"not_picked":["Reflex","Quick Slash"],"picked":"Blade Dance","floor":0},{"not_picked":["Noxious Fumes","Reflex"],"picked":"A Thousand Cuts","floor":0},{"not_picked":["Deflect","Bane","Sucker Punch"],"picked":"SKIP","floor":1}],"player_experience":659575,"relics_obtained":[],"event_choices":[{"cards_removed":["Strike_G"],"damage_healed":0,"gold_gain":0,"player_choice":"Card Removal","damage_taken":7,"max_hp_gain":0,"max_hp_loss":0,"event_name":"Golden Wing","floor":2,"gold_loss":0},{"damage_healed":0,"gold_gain":0,"player_choice":"Box","damage_taken":0,"relics_obtained":["Du-Vu Doll"],"max_hp_gain":0,"max_hp_loss":0,"event_name":"Big Fish","floor":3,"gold_loss":0,"cards_obtained":["Regret"]},{"damage_healed":0,"gold_gain":0,"cards_transformed":["Strike_G"],"player_choice":"Transformed","damage_taken":0,"max_hp_gain":0,"max_hp_loss":0,"event_name":"Transmorgrifier","floor":4,"gold_loss":0,"cards_obtained":["Outmaneuver"]}],"is_beta":false,"boss_relics":[],"items_purged_floors":[],"is_endless":false,"potions_floor_spawned":[1],"killed_by":"Gremlin Nob","ascension_level":5}