{"gold_per_floor":[116,291,241,258,258,288,305,321,395,407,407,440,458,458,458,561,561,571,5,5,18,18,52,52],"floor_reached":24,"playtime":805,"items_purged":["Defend_B"],"score":260,"play_id":"fda45372-d12c-4af0-88a1-b9c7687f6b20","local_time":"20180720091751","is_ascension_mode":true,"campfire_choices":[{"data":"Double Energy","floor":11,"key":"SMITH"},{"data":"Go for the Eyes","floor":15,"key":"SMITH"}],"neow_cost":"NONE","seed_source_timestamp":212802601870076,"circlet_count":0,"master_deck":["Strike_B","Strike_B","Strike_B","Strike_B+1","Defend_B","Defend_B","Defend_B","Zap","Dualcast","Doom and Gloom","Tempest+1","Sweeping Beam+1","Beam Cell","Double Energy+1","Go for the Eyes+1","Defragment","Sweeping Beam","Echo Form","Apotheosis"],"relics":["Cracked Core","Bag of Preparation","Potion Belt","Blood Vial","Bottled Flame","Cables","Busted Crown","Whetstone","Lantern","Shovel"],"potions_floor_usage":[12,12,12,16,16,21,24],"damage_taken":[{"damage":9,"enemies":"2 Louse","floor":1,"turns":2},{"damage":2,"enemies":"Jaw Worm","floor":4,"turns":4},{"damage":27,"enemies":"3 Sentries","floor":6,"turns":4},{"damage":0,"enemies":"Small Slimes","floor":7,"turns":2},{"damage":0,"enemies":"3 Louse","floor":8,"turns":2},{"damage":1,"enemies":"Exordium Thugs","floor":10,"turns":3},{"damage":5,"enemies":"Lagavulin","floor":12,"turns":4},{"damage":5,"enemies":"Red Slaver","floor":13,"turns":2},{"damage":19,"enemies":"Hexaghost","floor":16,"turns":8},{"damage":5,"enemies":"Shell Parasite","floor":18,"turns":3},{"damage":6,"enemies":"3 Byrds","floor":21,"turns":2},{"damage":36,"enemies":"Slavers","floor":23,"turns":3},{"damage":34,"enemies":"Snake Plant","floor":24,"turns":2}],"seed_played":"6397069703330254739","potions_obtained":[{"floor":1,"key":"SteroidPotion"},{"floor":6,"key":"Swift Potion"},{"floor":8,"key":"Regen Potion"},{"floor":10,"key":"Energy Potion"},{"floor":12,"key":"Dexterity Potion"},{"floor":18,"key":"LiquidBronze"},{"floor":23,"key":"Poison Potion"}],"is_trial":false,"path_per_floor":["M","?","?","M","T","E","M","M","T","M","R","E","M","?","R","B",null,"M","$","?","M","$","E"],"character_chosen":"DEFECT","items_purchased":["Apotheosis","Whetstone","Lantern"],"campfire_rested":0,"item_purchase_floors":[19,19,19],"current_hp_per_floor":[66,66,66,64,64,37,39,41,41,42,42,51,48,48,48,31,75,70,70,70,66,66,32,0],"gold":52,"neow_bonus":"RANDOM_COMMON_RELIC","is_prod":false,"is_daily":false,"chose_seed":false,"campfire_upgraded":2,"win_rate":0,"timestamp":1532067471,"path_taken":["M","?","?","?","?","E","M","M","T","M","R","E","?","?","R","BOSS","M","$","?","M","?","E","M"],"build_version":"2018-07-19v2","purchased_purges":1,"victory":false,"max_hp_per_floor":[75,75,75,75,75,75,75,75,75,75,75,75,75,75,75,75,75,75,75,75,75,75,75,75],"card_choices":[{"not_picked":["Reinforced Body","Undo"],"picked":"Doom and Gloom","floor":1},{"not_picked":["Chill","Hologram"],"picked":"Tempest","floor":4},{"not_picked":["Streamline","Stack"],"picked":"Sweeping Beam","floor":6},{"not_picked":["Cold Snap","Redo"],"picked":"Beam Cell","floor":7},{"not_picked":["Chill","Beam Cell"],"picked":"Double Energy","floor":8},{"not_picked":["Gash","Aggregate"],"picked":"Go for the Eyes","floor":10},{"not_picked":["Storm","Fusion"],"picked":"Defragment","floor":12},{"not_picked":["Darkness","Coolheaded"],"picked":"Sweeping Beam","floor":13},{"not_picked":["Amplify","Hyperbeam"],"picked":"Echo Form","floor":16},{"not_picked":["Compile Driver"],"picked":"SKIP","floor":18},{"not_picked":["Stack"],"picked":"SKIP","floor":21},{"not_picked":["Barrage"],"picked":"SKIP","floor":23}],"player_experience":311153,"relics_obtained":[{"floor":5,"key":"Potion Belt"},{"floor":6,"key":"Blood Vial"},{"floor":9,"key":"Bottled Flame"},{"floor":12,"key":"Cables"},{"floor":23,"key":"Shovel"}],"event_choices":[{"event_name":"Liars Game","player_choice":"agreed","floor":2,"damage_taken":0},{"event_name":"The Cleric","player_choice":"Card Removal","floor":3,"damage_taken":0},{"event_name":"Living Wall","player_choice":"Grow","floor":14,"damage_taken":0},{"event_name":"Addict","player_choice":"Ignored","floor":20,"damage_taken":0}],"is_beta":false,"boss_relics":[{"not_picked":["Fusion Hammer","Empty Cage"],"picked":"Busted Crown"}],"items_purged_floors":[19],"is_endless":false,"potions_floor_spawned":[1,6,8,10,12,18,23],"killed_by":"Snake Plant","ascension_level":3}