{"gold_per_floor":[111,0,0,19,19,55,55,89,115,134,174,199,199,149,149,275,275,300,300,300,23,23,23,42,42,42,18,18,18,61,22,22,143,143,163,76,90,0,16,41,4,4,58,71,32,32,32,132,132,132],"floor_reached":51,"playtime":2913,"items_purged":["Strike_G","Defend_G","Defend_G"],"score":867,"play_id":"5fada678-52c9-48b7-be53-4fae91e3ef4d","local_time":"20190713162538","is_ascension_mode":true,"campfire_choices":[{"floor":15,"key":"REST"},{"data":"After Image","floor":23,"key":"SMITH"},{"floor":28,"key":"REST"},{"floor":32,"key":"REST"},{"floor":42,"key":"REST"},{"floor":46,"key":"REST"},{"floor":49,"key":"REST"}],"neow_cost":"NONE","seed_source_timestamp":1377998760114984,"circlet_count":0,"master_deck":["Defend_G","Survivor","Neutralize","Choke","Well Laid Plans","Dash","Predator","Terror","Bouncing Flask","Flying Knee","Backflip","After Image+1","Grand Finale","Setup","Dagger Spray+1","Writhe","Necronomicurse","Caltrops+1","Die Die Die","Acrobatics+1"],"relics":["Ring of the Snake","NeowsBlessing","Golden Idol","Orichalcum","Dodecahedron","Centennial Puzzle","Happy Flower","Oddly Smooth Stone","White Beast Statue","Membership Card","Juzu Bracelet","Bottled Lightning","Necronomicon","Gremlin Horn","Busted Crown","Lantern"],"potions_floor_usage":[8,11,16,16,24,30,30,33,33,33,40,44,50,50,50],"damage_taken":[{"damage":0,"enemies":"Small Slimes","floor":1,"turns":1},{"damage":0,"enemies":"Jaw Worm","floor":4,"turns":1},{"damage":0,"enemies":"3 Sentries","floor":6,"turns":1},{"damage":8,"enemies":"Gremlin Nob","floor":8,"turns":4},{"damage":9,"enemies":"2 Louse","floor":10,"turns":2},{"damage":5,"enemies":"3 Sentries","floor":11,"turns":7},{"damage":2,"enemies":"Looter","floor":12,"turns":3},{"damage":12,"enemies":"The Guardian","floor":16,"turns":7},{"damage":36,"enemies":"3 Byrds","floor":18,"turns":6},{"damage":2,"enemies":"Shell Parasite","floor":24,"turns":4},{"damage":2,"enemies":"Book of Stabbing","floor":30,"turns":3},{"damage":13,"enemies":"Champ","floor":33,"turns":7},{"damage":14,"enemies":"Orb Walker","floor":35,"turns":2},{"damage":26,"enemies":"3 Darklings","floor":37,"turns":3},{"damage":0,"enemies":"Jaw Worm Horde","floor":39,"turns":3},{"damage":22,"enemies":"4 Shapes","floor":40,"turns":2},{"damage":0,"enemies":"Transient","floor":44,"turns":5},{"damage":48,"enemies":"Time Eater","floor":50,"turns":9}],"seed_played":"-3217928271186166924","potions_obtained":[{"floor":1,"key":"Energy Potion"},{"floor":8,"key":"Block Potion"},{"floor":10,"key":"Dexterity Potion"},{"floor":12,"key":"AttackPotion"},{"floor":16,"key":"Energy Potion"},{"floor":18,"key":"Weak Potion"},{"floor":24,"key":"SkillPotion"},{"floor":30,"key":"Fire Potion"},{"floor":33,"key":"Ancient Potion"},{"floor":35,"key":"Swift Potion"},{"floor":37,"key":"Fire Potion"},{"floor":40,"key":"Strength Potion"},{"floor":44,"key":"SmokeBomb"}],"is_trial":false,"path_per_floor":["M","$","?","M","$","E","T","E","T","M","E","M","?","?","R","B",null,"M","?","?","$","?","R","M","?","T","$","R","?","E","$","R","B",null,"M","$","M","?","M","M","$","R","T","M","$","R","?","?","R","B",null],"character_chosen":"THE_SILENT","items_purchased":["Well Laid Plans","Membership Card","Dagger Spray","PowerPotion","Regen Potion","Strength Potion","GhostInAJar","LiquidBronze"],"campfire_rested":6,"item_purchase_floors":[2,21,21,27,31,36,41,45],"current_hp_per_floor":[70,70,53,53,53,53,53,45,45,36,31,29,29,29,50,38,70,34,34,34,34,34,34,32,32,32,32,53,37,35,35,56,58,70,56,56,30,30,30,8,8,29,29,29,29,50,50,50,70,22],"gold":132,"neow_bonus":"THREE_ENEMY_KILL","is_prod":false,"is_daily":false,"chose_seed":false,"campfire_upgraded":1,"win_rate":0,"timestamp":1563053138,"path_taken":["M","$","?","M","$","E","?","E","T","?","E","M","?","?","R","BOSS","M","?","?","$","?","R","M","?","T","?","R","?","E","$","R","BOSS","M","$","M","?","M","M","$","R","T","M","?","R","?","?","R","BOSS"],"build_version":"2019-07-05","purchased_purges":3,"victory":true,"max_hp_per_floor":[70,70,70,70,70,70,70,70,70,70,70,70,70,70,70,70,70,70,70,70,70,70,70,70,70,70,70,70,70,70,70,70,70,70,70,70,70,70,70,70,70,70,70,70,70,70,70,70,70,70],"card_choices":[{"not_picked":["Eviscerate","Deadly Poison"],"picked":"Choke","floor":1},{"not_picked":["Acrobatics","Riddle With Holes"],"picked":"Dash","floor":4},{"not_picked":["Backflip","Underhanded Strike"],"picked":"Predator","floor":6},{"not_picked":["Prepared","Heel Hook"],"picked":"Terror","floor":8},{"not_picked":["Choke","Masterful Stab"],"picked":"Bouncing Flask","floor":10},{"not_picked":["Poisoned Stab","Dagger Throw"],"picked":"Flying Knee","floor":11},{"not_picked":["Concentrate","Expertise"],"picked":"Backflip","floor":12},{"not_picked":["Night Terror","Storm of Steel"],"picked":"After Image","floor":16},{"not_picked":["Quick Slash","Bane","Cloak And Dagger"],"picked":"SKIP","floor":18},{"not_picked":["Predator","Deflect","Calculated Gamble"],"picked":"SKIP","floor":24},{"not_picked":["Blade Dance","Doppelganger"],"picked":"Caltrops+1","floor":30},{"not_picked":["Phantasmal Killer","Envenom"],"picked":"Die Die Die","floor":33},{"not_picked":["Outmaneuver"],"picked":"SKIP","floor":35},{"not_picked":["Dodge and Roll"],"picked":"SKIP","floor":37},{"not_picked":[],"picked":"Acrobatics+1","floor":39},{"not_picked":["Flechettes"],"picked":"SKIP","floor":40},{"not_picked":["Deadly Poison"],"picked":"SKIP","floor":44}],"player_experience":339716,"relics_obtained":[{"floor":6,"key":"Orichalcum"},{"floor":7,"key":"Dodecahedron"},{"floor":8,"key":"Centennial Puzzle"},{"floor":9,"key":"Happy Flower"},{"floor":11,"key":"Oddly Smooth Stone"},{"floor":26,"key":"Bottled Lightning"},{"floor":29,"key":"Necronomicon"},{"floor":30,"key":"Gremlin Horn"},{"floor":43,"key":"Lantern"}],"event_choices":[{"damage_healed":0,"gold_gain":0,"player_choice":"Take Damage","damage_taken":17,"relics_obtained":["Golden Idol"],"max_hp_gain":0,"max_hp_loss":0,"event_name":"Golden Idol","floor":3,"gold_loss":0},{"cards_removed":["Strike_G"],"damage_healed":0,"gold_gain":0,"player_choice":"Forget","damage_taken":0,"max_hp_gain":0,"max_hp_loss":0,"event_name":"Living Wall","floor":13,"gold_loss":0},{"cards_removed":["Strike_G"],"damage_healed":0,"gold_gain":0,"player_choice":"Card Removal","damage_taken":0,"max_hp_gain":0,"max_hp_loss":0,"event_name":"The Cleric","floor":14,"gold_loss":50},{"damage_healed":0,"gold_gain":0,"cards_transformed":["Strike_G","Strike_G"],"player_choice":"Became Test Subject","damage_taken":0,"max_hp_gain":0,"max_hp_loss":0,"event_name":"Drug Dealer","floor":19,"gold_loss":0,"cards_obtained":["Grand Finale","Setup"]},{"cards_removed":["Defend_G"],"damage_healed":0,"gold_gain":0,"player_choice":"Elegance","damage_taken":0,"max_hp_gain":0,"max_hp_loss":0,"event_name":"Back to Basics","floor":20,"gold_loss":0},{"damage_healed":0,"gold_gain":0,"player_choice":"Ignored","damage_taken":0,"max_hp_gain":0,"max_hp_loss":0,"event_name":"Ghosts","floor":22,"gold_loss":0},{"damage_healed":0,"gold_gain":0,"player_choice":"Opened","damage_taken":0,"relics_obtained":["Juzu Bracelet"],"max_hp_gain":0,"max_hp_loss":0,"event_name":"The Mausoleum","floor":25,"gold_loss":0,"cards_obtained":["Writhe"]},{"damage_healed":0,"gold_gain":0,"player_choice":"Obtained Book","damage_taken":16,"max_hp_gain":0,"max_hp_loss":0,"event_name":"Cursed Tome","floor":29,"gold_loss":0},{"cards_removed":["Defend_G"],"damage_healed":0,"gold_gain":0,"player_choice":"Upgrade and Remove","damage_taken":0,"max_hp_gain":0,"max_hp_loss":0,"event_name":"Designer","floor":38,"gold_loss":90,"cards_upgraded":["Dagger Spray"]},{"damage_healed":0,"gold_gain":0,"player_choice":"Memory 1","damage_taken":0,"max_hp_gain":0,"max_hp_loss":0,"event_name":"SensoryStone","floor":47,"gold_loss":0},{"damage_healed":0,"gold_gain":100,"player_choice":"Pray","damage_taken":0,"max_hp_gain":0,"max_hp_loss":0,"event_name":"Golden Shrine","floor":48,"gold_loss":0}],"is_beta":false,"boss_relics":[{"not_picked":["Runic Dome","Fusion Hammer"],"picked":"White Beast Statue"},{"not_picked":["Eternal Feather","Pandora\u0027s Box"],"picked":"Busted Crown"}],"items_purged_floors":[2,21,36],"is_endless":false,"potions_floor_spawned":[1,8,10,12,16,18,24,30,33,35,37,39,40,44],"ascension_level":2}