{"gold_per_floor":[112,13,13,13,13,23,23,37,37,37,48,48,59,71,71,172,172,183,183,203,32,48,48,66,66,66,20,20,20,20],"floor_reached":30,"playtime":1714,"items_purged":["Strike_R","Strike_R"],"score":242,"play_id":"5db0c15e-f2e8-41b0-8e6b-5997d6633b2e","local_time":"20190629174126","is_ascension_mode":true,"campfire_choices":[{"data":"Bash","floor":7,"key":"SMITH"},{"data":"Bludgeon","floor":10,"key":"SMITH"},{"floor":15,"key":"REST"},{"floor":23,"key":"REST"},{"floor":25,"key":"REST"},{"floor":29,"key":"REST"}],"neow_cost":"NONE","seed_source_timestamp":174128978430015,"circlet_count":0,"master_deck":["Strike_R","Strike_R","Defend_R","Defend_R","Defend_R","Defend_R","Bash+1","Impatience","Iron Wave","Iron Wave","Thunderclap","Bludgeon+1","Headbutt","Armaments","Fiend Fire","Barricade","True Grit","Metallicize+1","Body Slam","Shrug It Off","Flame Barrier","Body Slam","Shame"],"relics":["Black Blood","Unceasing Top","Dodecahedron","Matryoshka"],"potions_floor_usage":[16,16,22,24],"damage_taken":[{"damage":7,"enemies":"Jaw Worm","floor":1,"turns":3},{"damage":2,"enemies":"2 Louse","floor":6,"turns":2},{"damage":1,"enemies":"Cultist","floor":8,"turns":3},{"damage":17,"enemies":"Large Slime","floor":11,"turns":5},{"damage":8,"enemies":"Blue Slaver","floor":13,"turns":3},{"damage":15,"enemies":"Exordium Thugs","floor":14,"turns":3},{"damage":35,"enemies":"The Guardian","floor":16,"turns":8},{"damage":9,"enemies":"Chosen","floor":18,"turns":4},{"damage":52,"enemies":"Colosseum Slavers","floor":19,"turns":5},{"damage":6,"enemies":"Spheric Guardian","floor":20,"turns":3},{"damage":34,"enemies":"Centurion and Healer","floor":22,"turns":9},{"damage":43,"enemies":"Snake Plant","floor":24,"turns":6},{"damage":67,"enemies":"Cultist and Chosen","floor":30,"turns":10}],"seed_played":"3997723806287630836","potions_obtained":[{"floor":6,"key":"Dexterity Potion"},{"floor":13,"key":"FearPotion"},{"floor":16,"key":"Strength Potion"},{"floor":22,"key":"BloodPotion"}],"is_trial":false,"path_per_floor":["M","$","?","$","?","M","R","M","T","R","M","?","M","M","R","B",null,"M","?","M","$","M","R","M","R","T","$","?","R","M"],"character_chosen":"IRONCLAD","items_purchased":["Iron Wave","Body Slam","Shrug It Off","Body Slam"],"campfire_rested":4,"item_purchase_floors":[2,21,21,27],"current_hp_per_floor":[79,79,79,79,79,80,80,80,80,80,69,69,67,58,80,51,80,80,38,42,42,18,42,17,41,41,41,41,65,0],"gold":20,"neow_bonus":"RANDOM_COLORLESS","is_prod":false,"is_daily":false,"chose_seed":false,"campfire_upgraded":2,"win_rate":0,"timestamp":1561848086,"path_taken":["M","$","?","$","?","M","R","M","T","R","?","?","M","M","R","BOSS","M","?","M","$","M","R","M","R","T","?","?","R","?"],"build_version":"2019-01-23","purchased_purges":2,"victory":false,"max_hp_per_floor":[80,80,80,80,80,80,80,80,80,80,80,80,80,80,80,80,80,80,80,80,80,80,80,80,80,80,80,80,80,80],"card_choices":[{"not_picked":["Havoc","Twin Strike"],"picked":"Iron Wave","floor":1},{"not_picked":["Wild Strike","Twin Strike"],"picked":"Thunderclap","floor":6},{"not_picked":["Iron Wave","Second Wind"],"picked":"Bludgeon","floor":8},{"not_picked":["Flex","Wild Strike"],"picked":"Headbutt","floor":11},{"not_picked":["Clash","Cleave"],"picked":"Armaments","floor":13},{"not_picked":["Spot Weakness","Cleave"],"picked":"Fiend Fire","floor":14},{"not_picked":["Demon Form","Juggernaut"],"picked":"Barricade","floor":16},{"not_picked":["Cleave","Anger"],"picked":"True Grit","floor":18},{"not_picked":["Bloodletting+1","Armaments"],"picked":"Metallicize+1","floor":20},{"not_picked":["Anger","Rupture"],"picked":"Flame Barrier","floor":22},{"not_picked":["Thunderclap+1","Flex","Wild Strike"],"picked":"SKIP","floor":24}],"player_experience":292410,"relics_obtained":[{"floor":9,"key":"Unceasing Top"},{"floor":26,"key":"Dodecahedron"}],"event_choices":[{"damage_healed":0,"gold_gain":0,"player_choice":"Ignored","damage_taken":0,"max_hp_gain":0,"max_hp_loss":0,"event_name":"Shining Light","floor":3,"gold_loss":0},{"cards_removed":["Strike_R"],"damage_healed":0,"gold_gain":0,"player_choice":"Offered Basic","damage_taken":0,"max_hp_gain":0,"max_hp_loss":0,"event_name":"Bonfire Elementals","floor":5,"gold_loss":0},{"damage_healed":0,"gold_gain":0,"player_choice":"Ignored","damage_taken":0,"max_hp_gain":0,"max_hp_loss":0,"event_name":"Golden Idol","floor":12,"gold_loss":0},{"damage_healed":0,"gold_gain":0,"player_choice":"Fight","damage_taken":0,"max_hp_gain":0,"max_hp_loss":0,"event_name":"Colosseum","floor":19,"gold_loss":0},{"damage_healed":0,"gold_gain":0,"player_choice":"Fled From Nobs","damage_taken":0,"max_hp_gain":0,"max_hp_loss":0,"event_name":"Colosseum","floor":19,"gold_loss":0},{"damage_healed":0,"gold_gain":0,"player_choice":"Stole Relic","damage_taken":0,"relics_obtained":["Matryoshka"],"max_hp_gain":0,"max_hp_loss":0,"event_name":"Addict","floor":28,"gold_loss":0,"cards_obtained":["Shame"]}],"is_beta":false,"boss_relics":[{"not_picked":["Mark of Pain","Runic Pyramid"],"picked":"Black Blood"}],"items_purged_floors":[2,21],"is_endless":false,"potions_floor_spawned":[6,13,16,19,22],"killed_by":"Cultist and Chosen","ascension_level":2}