{"gold_per_floor":[361,15,190,140,140,175,73,99,99,114,134,134,146,2,2,100,100,113,28,28,28,44,44],"floor_reached":23,"playtime":800,"items_purged":[],"score":252,"play_id":"c8b2dc1b-c04b-4d25-b444-b724c6ceb1b8","local_time":"20180623181144","is_ascension_mode":true,"campfire_choices":[{"floor":12,"key":"REST"},{"floor":15,"key":"REST"}],"neow_cost":"FIFTY_PERCENT_DAMAGE","seed_source_timestamp":35749176276599,"circlet_count":0,"master_deck":["Defend_B","Defend_B","Defend_B","Defend_B","Zap","Dualcast","Conserve Battery","Go for the Eyes","Streamline","Beam Cell","Streamline","Genetic Algorithm","Creative AI","Rainbow","Sweeping Beam","Hyperbeam","Self Repair","Double Energy","Bite","Bite","Bite","Bite","Bite","Sweeping Beam"],"relics":["Cracked Core","Turnip","Art of War","Oddly Smooth Stone","Meat on the Bone","Anchor","Orrery","Dream Catcher"],"potions_floor_usage":[8,10,11,22,23],"damage_taken":[{"damage":7,"enemies":"Small Slimes","floor":1,"turns":3},{"damage":44,"enemies":"3 Sentries","floor":6,"turns":9},{"damage":2,"enemies":"Gremlin Nob","floor":8,"turns":3},{"damage":0,"enemies":"Jaw Worm","floor":10,"turns":1},{"damage":0,"enemies":"2 Louse","floor":11,"turns":2},{"damage":17,"enemies":"Exordium Thugs","floor":13,"turns":4},{"damage":56,"enemies":"Hexaghost","floor":16,"turns":13},{"damage":54,"enemies":"3 Byrds","floor":18,"turns":5},{"damage":24,"enemies":"Shell Parasite","floor":22,"turns":5},{"damage":45,"enemies":"Slavers","floor":23,"turns":3}],"seed_played":"-5011737905236470674","potions_obtained":[{"floor":6,"key":"Swift Potion"},{"floor":16,"key":"Regen Potion"},{"floor":22,"key":"SpeedPotion"}],"is_trial":false,"path_per_floor":["M","$","?","?","?","E","$","E","T","M","M","R","M","$","R","B",null,"M","?","$","?","M"],"character_chosen":"DEFECT","items_purchased":["Turnip","Go for the Eyes","Fire Potion","FearPotion","Anchor"],"campfire_rested":2,"item_purchase_floors":[2,2,7,7,14],"current_hp_per_floor":[31,31,31,31,56,12,12,10,10,22,34,56,39,39,61,17,75,40,40,40,40,44,0],"gold":44,"neow_bonus":"TWO_FIFTY_GOLD","is_prod":false,"is_daily":false,"chose_seed":false,"campfire_upgraded":0,"win_rate":0,"timestamp":1529766704,"path_taken":["M","$","?","?","?","E","$","E","T","?","M","R","M","$","R","BOSS","M","?","?","?","?","E"],"build_version":"2018-06-21v2","purchased_purges":0,"victory":false,"max_hp_per_floor":[75,75,75,75,75,75,75,75,75,75,75,75,75,75,75,75,75,75,75,75,52,52,52],"card_choices":[{"not_picked":["Leap","Compile Driver"],"picked":"Conserve Battery","floor":1},{"not_picked":["Compile Driver","Aggregate"],"picked":"Streamline","floor":6},{"not_picked":["Barrage","Compile Driver"],"picked":"Beam Cell","floor":8},{"not_picked":["Amplify","Rebound"],"picked":"Streamline","floor":10},{"not_picked":["Turbo","Hologram","Tempest"],"picked":"SKIP","floor":11},{"not_picked":["Ball Lightning","Doom and Gloom"],"picked":"Genetic Algorithm","floor":13},{"not_picked":["Thunder Strike","Reboot"],"picked":"Creative AI","floor":16},{"not_picked":["Rebound","Defragment"],"picked":"Rainbow","floor":17},{"not_picked":["Defragment","Rip and Tear"],"picked":"Sweeping Beam","floor":17},{"not_picked":["Rebound","Cold Snap"],"picked":"Hyperbeam","floor":17},{"not_picked":["Chaos","Steam Power"],"picked":"Self Repair","floor":17},{"not_picked":["Go for the Eyes","Barrage"],"picked":"Double Energy","floor":18},{"not_picked":["Beam Cell","Darkness"],"picked":"Sweeping Beam","floor":22}],"player_experience":295542,"relics_obtained":[{"floor":6,"key":"Art of War"},{"floor":8,"key":"Oddly Smooth Stone"},{"floor":9,"key":"Meat on the Bone"}],"event_choices":[{"event_name":"Liars Game","player_choice":"agreed","floor":3,"damage_taken":0},{"event_name":"The Cleric","player_choice":"Card Removal","floor":4,"damage_taken":0},{"event_name":"Big Fish","player_choice":"Banana","floor":5,"damage_taken":0},{"event_name":"Addict","player_choice":"Obtained Relic","floor":19,"damage_taken":0},{"event_name":"Vampires","player_choice":"Became a vampire","floor":21,"damage_taken":0}],"boss_relics":[{"not_picked":["Coffee Dripper","Snecko Eye"],"picked":"Orrery"}],"items_purged_floors":[],"is_endless":false,"potions_floor_spawned":[6,16,22],"killed_by":"Slavers","ascension_level":3}