{"gold_per_floor":[112,187,198,198,198,223,223,233,233,152,186,186,205,221,221,318,318,328,328,328,177,190,190,217,217,244,244,256,181,206,224,224,224],"floor_reached":33,"playtime":1295,"items_purged":[],"score":469,"play_id":"18771f8b-0a94-407f-9623-fb4a34bbc44f","local_time":"20190105214417","is_ascension_mode":true,"campfire_choices":[{"floor":7,"key":"REST"},{"floor":12,"key":"REST"},{"floor":15,"key":"REST"},{"floor":23,"key":"REST"},{"floor":25,"key":"REST"},{"floor":27,"key":"REST"},{"floor":32,"key":"REST"}],"neow_cost":"NONE","seed_source_timestamp":43463423028100,"circlet_count":0,"master_deck":["AscendersBane","Strike_R+1","Strike_R","Strike_R","Strike_R","Defend_R+1","Defend_R+1","Bash+1","Whirlwind","Thunderclap","Disarm","Iron Wave","Spot Weakness","Armaments","Demon Form","Bloodletting","Pummel","Disarm","Flex"],"relics":["Burning Blood","Pocketwatch","Kunai","Turnip","Nunchaku","War Paint","Empty Cage","Pen Nib","Gremlin Horn","Whetstone","FossilizedHelix"],"potions_floor_usage":[3,16,16,24,30],"damage_taken":[{"damage":10,"enemies":"Cultist","floor":1,"turns":5},{"damage":3,"enemies":"Jaw Worm","floor":3,"turns":4},{"damage":60,"enemies":"Lagavulin","floor":6,"turns":8},{"damage":0,"enemies":"Small Slimes","floor":8,"turns":3},{"damage":35,"enemies":"3 Sentries","floor":11,"turns":5},{"damage":8,"enemies":"Gremlin Gang","floor":13,"turns":7},{"damage":13,"enemies":"3 Louse","floor":14,"turns":2},{"damage":26,"enemies":"The Guardian","floor":16,"turns":14},{"damage":26,"enemies":"Spheric Guardian","floor":18,"turns":6},{"damage":22,"enemies":"Shell Parasite","floor":22,"turns":6},{"damage":47,"enemies":"Gremlin Leader","floor":24,"turns":6},{"damage":23,"enemies":"Snecko","floor":28,"turns":4},{"damage":38,"enemies":"Book of Stabbing","floor":30,"turns":7},{"damage":10,"enemies":"Snake Plant","floor":31,"turns":7},{"damage":84,"enemies":"Automaton","floor":33,"turns":6}],"seed_played":"-7635244719166959298","potions_obtained":[{"floor":1,"key":"FearPotion"},{"floor":13,"key":"SkillPotion"},{"floor":14,"key":"SkillPotion"},{"floor":18,"key":"PowerPotion"},{"floor":28,"key":"AttackPotion"}],"is_trial":false,"path_per_floor":["M","?","M","?","?","E","R","M","T","?","E","R","M","M","R","B",null,"M","?","?","$","M","R","E","R","T","R","M","?","E","M","R","B"],"character_chosen":"IRONCLAD","items_purchased":["Pen Nib"],"campfire_rested":7,"item_purchase_floors":[21],"current_hp_per_floor":[76,65,68,68,68,14,40,46,46,46,17,43,41,34,60,40,76,56,56,39,39,23,50,9,36,36,63,46,46,14,10,37,0],"gold":224,"neow_bonus":"TEN_PERCENT_HP_BONUS","is_prod":false,"is_daily":false,"chose_seed":false,"campfire_upgraded":0,"win_rate":0,"timestamp":1546717457,"path_taken":["M","?","M","?","?","E","R","?","T","?","E","R","M","?","R","BOSS","M","?","?","?","M","R","E","R","T","R","M","?","E","M","R","BOSS"],"build_version":"2019-01-03v4","purchased_purges":0,"victory":false,"max_hp_per_floor":[88,88,88,88,88,88,88,88,88,88,88,88,88,88,88,88,88,88,88,93,93,93,93,93,93,93,93,93,93,93,93,93,93],"card_choices":[{"not_picked":["Clash","Twin Strike"],"picked":"Whirlwind","floor":1},{"not_picked":["Heavy Blade","Battle Trance"],"picked":"Thunderclap","floor":3},{"not_picked":["Headbutt","Power Through"],"picked":"Disarm","floor":6},{"not_picked":["Perfected Strike","Brutality"],"picked":"Iron Wave","floor":8},{"not_picked":["Clothesline","True Grit","Cleave"],"picked":"SKIP","floor":11},{"not_picked":["Rupture","Havoc"],"picked":"Spot Weakness","floor":13},{"not_picked":["Bludgeon","True Grit"],"picked":"Armaments","floor":14},{"not_picked":["Double Tap","Immolate"],"picked":"Demon Form","floor":16},{"not_picked":["Whirlwind","Reckless Charge"],"picked":"Bloodletting","floor":18},{"not_picked":["Shockwave","Flex"],"picked":"Disarm","floor":22},{"not_picked":["Searing Blow","Power Through","Evolve"],"picked":"SKIP","floor":24},{"not_picked":["Pommel Strike","Clash","Feel No Pain"],"picked":"SKIP","floor":28},{"not_picked":["Entrench","Body Slam","Sever Soul"],"picked":"SKIP","floor":30},{"not_picked":["True Grit+1","Warcry"],"picked":"Flex","floor":31}],"player_experience":471885,"relics_obtained":[{"floor":6,"key":"Kunai"},{"floor":9,"key":"Turnip"},{"floor":11,"key":"War Paint"},{"floor":24,"key":"Gremlin Horn"},{"floor":26,"key":"Whetstone"},{"floor":30,"key":"FossilizedHelix"}],"event_choices":[{"damage_healed":0,"gold_gain":75,"player_choice":"Gather Gold","damage_taken":11,"max_hp_gain":0,"max_hp_loss":0,"event_name":"World of Goop","floor":2,"gold_loss":0},{"damage_healed":0,"gold_gain":0,"player_choice":"Box","damage_taken":0,"relics_obtained":["Pocketwatch"],"max_hp_gain":0,"max_hp_loss":0,"event_name":"Big Fish","floor":4,"gold_loss":0,"cards_obtained":["Regret"]},{"cards_removed":["Regret"],"damage_healed":0,"gold_gain":0,"player_choice":"Purged","damage_taken":0,"max_hp_gain":0,"max_hp_loss":0,"event_name":"Purifier","floor":5,"gold_loss":0},{"damage_healed":0,"gold_gain":0,"player_choice":"Paid Gold","damage_taken":0,"relics_obtained":["Nunchaku"],"max_hp_gain":0,"max_hp_loss":0,"event_name":"WeMeetAgain","floor":10,"gold_loss":81},{"damage_healed":0,"gold_gain":0,"player_choice":"Read","damage_taken":0,"max_hp_gain":0,"max_hp_loss":0,"event_name":"The Library","floor":19,"gold_loss":0,"cards_obtained":["Pummel"]},{"damage_healed":0,"gold_gain":0,"player_choice":"Shed Blood","damage_taken":22,"max_hp_gain":5,"max_hp_loss":0,"event_name":"Forgotten Altar","floor":20,"gold_loss":0},{"cards_removed":["Strike_R"],"damage_healed":0,"gold_gain":0,"player_choice":"Gave Gold","damage_taken":0,"max_hp_gain":0,"max_hp_loss":0,"event_name":"Beggar","floor":29,"gold_loss":75}],"is_beta":false,"boss_relics":[{"not_picked":["Velvet Choker","Snecko Eye"],"picked":"Empty Cage"}],"items_purged_floors":[],"is_endless":false,"potions_floor_spawned":[1,13,14,18,28],"killed_by":"Automaton","ascension_level":12}