{"gold_per_floor":[110,110,121,136,136,136,207,248,273,273,306,306,306],"floor_reached":13,"playtime":655,"items_purged":[],"score":177,"play_id":"ce631f8b-8aea-47a8-9a6d-0dea61dcd351","local_time":"20190716234944","is_ascension_mode":true,"campfire_choices":[{"data":"Crippling Poison","floor":6,"key":"SMITH"},{"data":"Crippling Poison","floor":10,"key":"SMITH"}],"neow_cost":"NONE","seed_source_timestamp":513054433463846,"circlet_count":0,"master_deck":["AscendersBane","Strike_G","Strike_G","Strike_G","Strike_G+1","Strike_G+1","Defend_G","Defend_G","Defend_G","Defend_G","Defend_G","Survivor","Neutralize","Crippling Poison+1","Footwork","Crippling Poison+1","Adrenaline","Caltrops","Parasite"],"relics":["Ring of the Snake","NeowsBlessing","Golden Idol","Juzu Bracelet","Pen Nib","PreservedInsect","Dream Catcher"],"potions_floor_usage":[7,8,8],"damage_taken":[{"damage":0,"enemies":"2 Louse","floor":1,"turns":1},{"damage":0,"enemies":"Jaw Worm","floor":3,"turns":1},{"damage":0,"enemies":"Small Slimes","floor":4,"turns":1},{"damage":8,"enemies":"3 Sentries","floor":7,"turns":6},{"damage":13,"enemies":"Gremlin Nob","floor":8,"turns":4},{"damage":14,"enemies":"3 Sentries","floor":11,"turns":5},{"damage":26,"enemies":"Exordium Thugs","floor":13,"turns":4}],"seed_played":"1648555134089731677","potions_obtained":[{"floor":1,"key":"SteroidPotion"},{"floor":3,"key":"PowerPotion"},{"floor":7,"key":"Block Potion"}],"is_trial":false,"path_per_floor":["M","?","M","M","?","R","?","E","T","R","E","?","M"],"character_chosen":"THE_SILENT","items_purchased":[],"campfire_rested":0,"item_purchase_floors":[],"current_hp_per_floor":[59,39,39,39,39,39,31,18,18,18,4,19,0],"gold":306,"neow_bonus":"THREE_ENEMY_KILL","is_prod":false,"is_daily":false,"chose_seed":false,"campfire_upgraded":2,"win_rate":0,"timestamp":1563335384,"path_taken":["M","?","M","M","?","R","?","E","T","R","E","?","M"],"build_version":"2019-07-05","purchased_purges":0,"victory":false,"max_hp_per_floor":[66,66,66,66,60,60,60,60,60,60,60,60,60],"card_choices":[{"not_picked":["Backstab","Infinite Blades"],"picked":"Crippling Poison","floor":1},{"not_picked":["Accuracy","Outmaneuver"],"picked":"Footwork","floor":3},{"not_picked":["Sucker Punch","Finisher","Dodge and Roll"],"picked":"SKIP","floor":4},{"not_picked":["Blade Dance","Backflip"],"picked":"Crippling Poison","floor":7},{"not_picked":["Concentrate","Choke"],"picked":"Adrenaline","floor":8},{"not_picked":["Underhanded Strike","Calculated Gamble"],"picked":"Caltrops","floor":11}],"player_experience":2464704,"relics_obtained":[{"floor":8,"key":"Pen Nib"},{"floor":9,"key":"PreservedInsect"},{"floor":11,"key":"Dream Catcher"}],"event_choices":[{"damage_healed":0,"gold_gain":0,"player_choice":"Entered Light","damage_taken":20,"max_hp_gain":0,"max_hp_loss":0,"event_name":"Shining Light","floor":2,"gold_loss":0,"cards_upgraded":["Strike_G","Strike_G"]},{"damage_healed":0,"gold_gain":0,"player_choice":"Lose Max HP","damage_taken":0,"relics_obtained":["Golden Idol"],"max_hp_gain":0,"max_hp_loss":6,"event_name":"Golden Idol","floor":5,"gold_loss":0},{"damage_healed":0,"gold_gain":0,"player_choice":"Searched \u00273\u0027 times","damage_taken":0,"relics_obtained":["Juzu Bracelet"],"max_hp_gain":0,"max_hp_loss":0,"event_name":"Dead Adventurer","floor":7,"gold_loss":0},{"damage_healed":15,"gold_gain":0,"player_choice":"Healed and dodged fight","damage_taken":0,"max_hp_gain":0,"max_hp_loss":0,"event_name":"Mushrooms","floor":12,"gold_loss":0,"cards_obtained":["Parasite"]}],"is_beta":false,"boss_relics":[],"items_purged_floors":[],"is_endless":false,"potions_floor_spawned":[1,3,7],"killed_by":"Exordium Thugs","ascension_level":19}