{"gold_per_floor":[112,112,112,130,55,81,156,156,180,205,205,232,252,202,202,299,299,310,325,325,343,98,98,132,144,170,170,205,205],"floor_reached":29,"playtime":1420,"items_purged":["Defend_G","Defend_G","Strike_G"],"score":355,"play_id":"43816fdc-82be-40ee-b0e3-bff3abb309e1","local_time":"20190403162807","is_ascension_mode":true,"campfire_choices":[{"floor":8,"key":"RECALL"},{"floor":11,"key":"REST"},{"floor":15,"key":"REST"},{"data":"Neutralize","floor":23,"key":"SMITH"}],"neow_cost":"NONE","seed_source_timestamp":30494124659900,"circlet_count":0,"master_deck":["Defend_G","Defend_G","Strike_G","Strike_G","Strike_G","Survivor","Neutralize+1","Infinite Blades","Dash","Dodge and Roll","Accuracy+1","Dodge and Roll","PiercingWail","After Image","Leg Sweep+1","Cloak And Dagger+1","PiercingWail","Blade Dance+1","Footwork+1","Cloak And Dagger"],"relics":["Ring of the Snake","NeowsBlessing","The Specimen","Oddly Smooth Stone","Smiling Mask","Black Star","Lee\u0027s Waffle","Bronze Scales","Vajra","Regal Pillow","Turnip","Red Mask"],"potions_floor_usage":[10,10,16,24,25],"damage_taken":[{"damage":0,"enemies":"Jaw Worm","floor":1,"turns":1},{"damage":0,"enemies":"Small Slimes","floor":4,"turns":1},{"damage":0,"enemies":"Gremlin Nob","floor":6,"turns":1},{"damage":12,"enemies":"3 Sentries","floor":10,"turns":6},{"damage":41,"enemies":"Gremlin Nob","floor":12,"turns":5},{"damage":0,"enemies":"Cultist","floor":13,"turns":4},{"damage":24,"enemies":"The Guardian","floor":16,"turns":15},{"damage":22,"enemies":"Spheric Guardian","floor":18,"turns":7},{"damage":0,"enemies":"Shell Parasite","floor":19,"turns":10},{"damage":29,"enemies":"Chosen and Byrds","floor":21,"turns":10},{"damage":28,"enemies":"Book of Stabbing","floor":24,"turns":9},{"damage":4,"enemies":"Centurion and Healer","floor":25,"turns":8},{"damage":39,"enemies":"Masked Bandits","floor":28,"turns":6},{"damage":9,"enemies":"Cultist and Chosen","floor":29,"turns":4}],"seed_played":"5772095651569734127","potions_obtained":[{"floor":1,"key":"PowerPotion"},{"floor":4,"key":"GhostInAJar"},{"floor":6,"key":"Poison Potion"},{"floor":21,"key":"Dexterity Potion"},{"floor":24,"key":"Block Potion"}],"is_trial":false,"path_per_floor":["M","?","?","M","$","E","?","R","T","E","R","E","M","$","R","B",null,"M","M","?","M","$","R","E","M","T","T","?","M"],"character_chosen":"THE_SILENT","items_purchased":["Lee\u0027s Waffle"],"campfire_rested":2,"item_purchase_floors":[22],"current_hp_per_floor":[70,63,63,63,63,63,52,52,52,40,61,20,20,20,41,17,57,35,35,35,6,77,77,49,45,45,45,6,0],"gold":205,"neow_bonus":"THREE_ENEMY_KILL","is_prod":false,"is_daily":false,"chose_seed":false,"campfire_upgraded":1,"win_rate":0,"timestamp":1554298087,"path_taken":["M","?","?","M","$","E","?","R","T","E","R","E","?","?","R","BOSS","M","M","?","?","$","R","E","M","T","?","?","M"],"build_version":"2019-01-23","purchased_purges":3,"victory":false,"max_hp_per_floor":[70,70,70,70,70,70,70,70,70,70,70,70,70,70,70,70,70,70,70,70,70,77,77,77,77,77,77,77,77],"card_choices":[{"not_picked":["Setup","Heel Hook"],"picked":"Infinite Blades","floor":1},{"not_picked":["Masterful Stab","Bane"],"picked":"Dash","floor":4},{"not_picked":["Dagger Spray","Deflect"],"picked":"Dodge and Roll","floor":6},{"not_picked":["Bane","Distraction"],"picked":"Accuracy","floor":10},{"not_picked":["Tactician","Escape Plan"],"picked":"Dodge and Roll","floor":12},{"not_picked":["Dagger Spray","Prepared"],"picked":"PiercingWail","floor":13},{"not_picked":["Die Die Die","Adrenaline"],"picked":"After Image","floor":16},{"not_picked":["Cloak And Dagger","Outmaneuver"],"picked":"Leg Sweep+1","floor":18},{"not_picked":["Backflip","Concentrate"],"picked":"Cloak And Dagger+1","floor":19},{"not_picked":["Prepared","Deflect"],"picked":"PiercingWail","floor":21},{"not_picked":["Corpse Explosion","Cloak And Dagger"],"picked":"Blade Dance+1","floor":24},{"not_picked":["Deflect","Heel Hook"],"picked":"Footwork+1","floor":25},{"not_picked":["Flying Knee+1","Outmaneuver+1"],"picked":"Cloak And Dagger","floor":28}],"player_experience":519145,"relics_obtained":[{"floor":6,"key":"The Specimen"},{"floor":10,"key":"Oddly Smooth Stone"},{"floor":12,"key":"Smiling Mask"},{"floor":24,"key":"Bronze Scales"},{"floor":24,"key":"Vajra"},{"floor":26,"key":"Regal Pillow"},{"floor":27,"key":"Turnip"},{"floor":28,"key":"Red Mask"}],"event_choices":[{"cards_removed":["Strike_G"],"damage_healed":0,"gold_gain":0,"player_choice":"Card Removal","damage_taken":7,"max_hp_gain":0,"max_hp_loss":0,"event_name":"Golden Wing","floor":2,"gold_loss":0},{"cards_removed":["Defend_G"],"damage_healed":0,"gold_gain":0,"player_choice":"Forget","damage_taken":0,"max_hp_gain":0,"max_hp_loss":0,"event_name":"Living Wall","floor":3,"gold_loss":0},{"damage_healed":0,"gold_gain":75,"player_choice":"Gather Gold","damage_taken":11,"max_hp_gain":0,"max_hp_loss":0,"event_name":"World of Goop","floor":7,"gold_loss":0},{"damage_healed":0,"gold_gain":0,"player_choice":"Forge","damage_taken":0,"max_hp_gain":0,"max_hp_loss":0,"event_name":"Accursed Blacksmith","floor":20,"gold_loss":0,"cards_upgraded":["Accuracy"]},{"damage_healed":0,"gold_gain":0,"player_choice":"Fought Bandits","damage_taken":0,"max_hp_gain":0,"max_hp_loss":0,"event_name":"Masked Bandits","floor":28,"gold_loss":0}],"is_beta":false,"boss_relics":[{"not_picked":["WristBlade","Ring of the Serpent"],"picked":"Black Star"}],"items_purged_floors":[5,14,22],"is_endless":false,"potions_floor_spawned":[1,4,6,21,24],"killed_by":"Cultist and Chosen","ascension_level":5}