{"gold_per_floor":[111,111,111,73,23,56,56,67,90,90,122,122,122,72,72,72],"floor_reached":16,"playtime":377,"items_purged":["Bash"],"score":160,"play_id":"91c82f8c-d692-457e-9312-a0c2ae84b2a2","local_time":"20181012190511","is_ascension_mode":true,"campfire_choices":[{"data":"Rampage","floor":7,"key":"SMITH"},{"data":"Flame Barrier","floor":10,"key":"SMITH"},{"floor":12,"key":"REST"},{"data":"Infernal Blade","floor":15,"key":"SMITH"}],"neow_cost":"CURSE","seed_source_timestamp":129297151821500,"circlet_count":0,"master_deck":["Strike_R","Strike_R","Strike_R","Strike_R","Defend_R","Defend_R","Defend_R","AscendersBane","Rampage+1","Pommel Strike","Flame Barrier+1","Infernal Blade+1","Heavy Blade"],"relics":["Burning Blood","Du-Vu Doll","Spirit Poop","Smiling Mask","Lantern","Dream Catcher","Incense Burner"],"potions_floor_usage":[6,16],"damage_taken":[{"damage":7,"enemies":"2 Louse","floor":1,"turns":3},{"damage":8,"enemies":"Gremlin Nob","floor":6,"turns":3},{"damage":1,"enemies":"Cultist","floor":8,"turns":3},{"damage":35,"enemies":"Lagavulin","floor":11,"turns":7},{"damage":72,"enemies":"Hexaghost","floor":16,"turns":9}],"seed_played":"6837578106049073783","potions_obtained":[{"floor":1,"key":"Fire Potion"},{"floor":8,"key":"Energy Potion"}],"is_trial":false,"path_per_floor":["M","?","?","$","?","E","R","M","T","R","E","R","T","$","R"],"character_chosen":"IRONCLAD","items_purchased":["Rampage"],"campfire_rested":1,"item_purchase_floors":[4],"current_hp_per_floor":[71,71,71,71,71,69,69,74,74,74,45,69,69,69,69,0],"gold":72,"neow_bonus":"ONE_RARE_RELIC","is_prod":false,"is_daily":false,"chose_seed":false,"campfire_upgraded":3,"win_rate":0,"timestamp":1539360311,"path_taken":["M","?","?","$","?","E","R","M","T","R","E","R","?","$","R","BOSS"],"build_version":"2018-10-11","purchased_purges":1,"victory":false,"max_hp_per_floor":[80,80,80,80,80,80,80,80,80,80,80,80,80,80,80,80],"card_choices":[{"not_picked":["Body Slam","Hemokinesis","Headbutt"],"picked":"SKIP","floor":1},{"not_picked":["Havoc","Iron Wave"],"picked":"Pommel Strike","floor":6},{"not_picked":["Pommel Strike","Body Slam"],"picked":"Flame Barrier","floor":8},{"not_picked":["Whirlwind","Anger"],"picked":"Infernal Blade","floor":11},{"not_picked":["Sever Soul","Fire Breathing"],"picked":"Heavy Blade","floor":12}],"player_experience":434375,"relics_obtained":[{"floor":6,"key":"Smiling Mask"},{"floor":9,"key":"Lantern"},{"floor":11,"key":"Dream Catcher"},{"floor":13,"key":"Incense Burner"}],"event_choices":[{"event_name":"Bonfire Elementals","player_choice":"CURSE","floor":2,"damage_taken":0},{"event_name":"Purifier","player_choice":"One Purge","floor":3,"damage_taken":0},{"event_name":"The Cleric","player_choice":"Card Removal","floor":5,"damage_taken":0}],"is_beta":false,"boss_relics":[],"items_purged_floors":[14],"is_endless":false,"potions_floor_spawned":[1,8],"killed_by":"Hexaghost","ascension_level":11}