{"gold_per_floor":[119,136,136,152,201,232,242,276,276,276,290,304,48,13,13,118,118,137,125,25,42,55,55,87,87,133,161,161,173,185,185,185,284,284,304,304,314,330,341,341,371,371,371,174,174,24,44,44,44,44],"floor_reached":51,"playtime":3856,"items_purged":["Strike_G","Strike_G","Strike_G","Defend_G"],"score":713,"play_id":"c5380980-1541-4f45-b145-9a57aa624089","local_time":"20190713150018","is_ascension_mode":true,"campfire_choices":[{"floor":10,"key":"REST"},{"data":"Dash","floor":15,"key":"SMITH"},{"floor":23,"key":"REST"},{"data":"After Image","floor":28,"key":"SMITH"},{"floor":32,"key":"REST"},{"floor":40,"key":"REST"},{"data":"Catalyst","floor":42,"key":"SMITH"},{"data":"Envenom","floor":45,"key":"SMITH"},{"floor":49,"key":"REST"}],"neow_cost":"NONE","seed_source_timestamp":1371931202393542,"circlet_count":0,"master_deck":["Defend_G","Defend_G","Defend_G","Defend_G","Survivor","Neutralize+1","Sucker Punch","Sucker Punch","Dagger Spray","Heel Hook","Unload","Dodge and Roll","Crippling Poison","Dash+1","After Image+1","Footwork","Terror","Caltrops+1","Skewer","Blur+1","Envenom+1","Deflect","After Image+1","Dodge and Roll+1","Catalyst+1","Dash+1","Noxious Fumes+1","Backstab+1"],"relics":["Ring of the Snake","Anchor","Regal Pillow","Sundial","Bag of Marbles","Mercury Hourglass","White Beast Statue","Snake Skull","PreservedInsect","Frozen Egg 2","Pear","Velvet Choker","Ninja Scroll","Letter Opener"],"potions_floor_usage":[8,24,33,33,33,50],"damage_taken":[{"damage":3,"enemies":"Jaw Worm","floor":1,"turns":5},{"damage":5,"enemies":"2 Louse","floor":2,"turns":2},{"damage":1,"enemies":"Cultist","floor":4,"turns":4},{"damage":23,"enemies":"3 Sentries","floor":6,"turns":9},{"damage":11,"enemies":"Large Slime","floor":7,"turns":7},{"damage":8,"enemies":"Lagavulin","floor":8,"turns":5},{"damage":0,"enemies":"Exordium Wildlife","floor":11,"turns":1},{"damage":0,"enemies":"Blue Slaver","floor":12,"turns":2},{"damage":48,"enemies":"The Guardian","floor":16,"turns":12},{"damage":17,"enemies":"Spheric Guardian","floor":18,"turns":5},{"damage":2,"enemies":"2 Thieves","floor":19,"turns":4},{"damage":5,"enemies":"Snecko","floor":21,"turns":7},{"damage":12,"enemies":"Snake Plant","floor":22,"turns":4},{"damage":16,"enemies":"Book of Stabbing","floor":24,"turns":5},{"damage":5,"enemies":"Gremlin Leader","floor":27,"turns":5},{"damage":9,"enemies":"Centurion and Healer","floor":29,"turns":5},{"damage":0,"enemies":"Snecko","floor":30,"turns":3},{"damage":14,"enemies":"Champ","floor":33,"turns":13},{"damage":32,"enemies":"3 Darklings","floor":35,"turns":6},{"damage":3,"enemies":"Orb Walker","floor":37,"turns":5},{"damage":5,"enemies":"3 Darklings","floor":38,"turns":5},{"damage":7,"enemies":"Spire Growth","floor":39,"turns":6},{"damage":8,"enemies":"Giant Head","floor":41,"turns":8},{"damage":0,"enemies":"Maw","floor":47,"turns":6},{"damage":15,"enemies":"Time Eater","floor":50,"turns":12}],"seed_played":"-858655916990994555","potions_obtained":[{"floor":1,"key":"SpeedPotion"},{"floor":4,"key":"Strength Potion"},{"floor":12,"key":"Dexterity Potion"},{"floor":16,"key":"LiquidBronze"},{"floor":18,"key":"Ancient Potion"},{"floor":24,"key":"Energy Potion"},{"floor":27,"key":"EssenceOfSteel"},{"floor":33,"key":"Energy Potion"},{"floor":35,"key":"GhostInAJar"},{"floor":37,"key":"GhostInAJar"}],"is_trial":false,"path_per_floor":["M","M","?","M","T","E","M","E","T","R","M","M","$","?","R","B",null,"M","M","$","M","M","R","E","?","T","E","R","M","M","T","R","B",null,"M","?","M","M","M","R","E","R","T","$","R","$","M","?","R","B",null],"character_chosen":"THE_SILENT","items_purchased":["GhostInAJar","Crippling Poison","Dash","Noxious Fumes+1"],"campfire_rested":5,"item_purchase_floors":[13,13,13,44],"current_hp_per_floor":[67,62,59,58,58,35,24,16,16,52,52,52,52,69,69,21,70,53,51,51,46,34,70,54,54,54,49,49,40,40,50,80,66,80,48,48,45,40,33,72,64,64,64,64,64,64,64,64,80,65],"gold":44,"neow_bonus":"UPGRADE_CARD","is_prod":false,"is_daily":false,"chose_seed":false,"campfire_upgraded":4,"win_rate":0,"timestamp":1563048018,"path_taken":["M","M","?","M","?","E","M","E","T","R","M","M","$","?","R","BOSS","M","M","$","M","M","R","E","?","T","E","R","M","M","?","R","BOSS","M","?","M","M","M","R","E","R","T","$","R","$","M","?","R","BOSS"],"build_version":"2019-07-05","purchased_purges":4,"victory":true,"max_hp_per_floor":[70,70,70,70,70,70,70,70,70,70,70,70,70,70,70,70,70,70,70,70,70,70,70,70,70,70,70,70,70,70,80,80,80,80,80,80,80,80,80,80,80,80,80,80,80,80,80,80,80,80],"card_choices":[{"not_picked":["Footwork","Escape Plan"],"picked":"Sucker Punch","floor":1},{"not_picked":["Outmaneuver","Deadly Poison"],"picked":"Sucker Punch","floor":2},{"not_picked":["Flying Knee","Finisher"],"picked":"Dagger Spray","floor":4},{"not_picked":["Choke","Acrobatics"],"picked":"Heel Hook","floor":6},{"not_picked":["Deflect","Reflex"],"picked":"Unload","floor":7},{"not_picked":["Poisoned Stab","Cloak And Dagger"],"picked":"Slice","floor":8},{"not_picked":["Blade Dance","PiercingWail","Slice"],"picked":"SKIP","floor":11},{"not_picked":["Poisoned Stab","Quick Slash"],"picked":"Dodge and Roll","floor":12},{"not_picked":["Venomology","Glass Knife"],"picked":"After Image","floor":16},{"not_picked":["Flying Knee","Bouncing Flask"],"picked":"Footwork","floor":18},{"not_picked":["Bouncing Flask+1","Poisoned Stab"],"picked":"Terror","floor":19},{"not_picked":["Blade Dance","Poisoned Stab"],"picked":"Caltrops","floor":21},{"not_picked":["Sucker Punch","Dagger Throw"],"picked":"Skewer","floor":22},{"not_picked":["Bullet Time","Prepared"],"picked":"Blur+1","floor":24},{"not_picked":["Expertise","Heel Hook","Distraction"],"picked":"SKIP","floor":27},{"not_picked":["Flying Knee","Tactician+1","Deadly Poison"],"picked":"SKIP","floor":29},{"not_picked":["Blur","Setup","Flying Knee"],"picked":"SKIP","floor":30},{"not_picked":["Phantasmal Killer","Corpse Explosion"],"picked":"After Image+1","floor":33},{"not_picked":["Reflex+1","Infinite Blades+1"],"picked":"Dodge and Roll+1","floor":35},{"not_picked":["Concentrate+1","Dagger Throw+1"],"picked":"Catalyst","floor":37},{"not_picked":["Prepared+1","Slice","Escape Plan+1"],"picked":"SKIP","floor":38},{"not_picked":["Blade Dance","Infinite Blades+1","Acrobatics+1"],"picked":"SKIP","floor":39},{"not_picked":["Underhanded Strike+1","Adrenaline"],"picked":"Dash+1","floor":41},{"not_picked":["Reflex","Sucker Punch"],"picked":"Backstab+1","floor":47}],"player_experience":335291,"relics_obtained":[{"floor":5,"key":"Regal Pillow"},{"floor":6,"key":"Sundial"},{"floor":8,"key":"Bag of Marbles"},{"floor":9,"key":"Mercury Hourglass"},{"floor":24,"key":"Snake Skull"},{"floor":26,"key":"PreservedInsect"},{"floor":27,"key":"Frozen Egg 2"},{"floor":31,"key":"Pear"},{"floor":41,"key":"Ninja Scroll"},{"floor":43,"key":"Letter Opener"}],"event_choices":[{"damage_healed":0,"gold_gain":0,"player_choice":"Success","damage_taken":3,"relics_obtained":["Anchor"],"max_hp_gain":0,"max_hp_loss":0,"event_name":"Scrap Ooze","floor":3,"gold_loss":0},{"damage_healed":17,"gold_gain":0,"player_choice":"Healed","damage_taken":0,"max_hp_gain":0,"max_hp_loss":0,"event_name":"The Cleric","floor":14,"gold_loss":35},{"damage_healed":0,"gold_gain":0,"cards_transformed":["Strike_G","Strike_G"],"player_choice":"Became Test Subject","damage_taken":0,"max_hp_gain":0,"max_hp_loss":0,"event_name":"Drug Dealer","floor":25,"gold_loss":0,"cards_obtained":["Envenom","Deflect"]},{"cards_removed":["Slice"],"damage_healed":0,"gold_gain":0,"player_choice":"Removed Attack","damage_taken":0,"max_hp_gain":0,"max_hp_loss":0,"event_name":"Falling","floor":36,"gold_loss":0},{"damage_healed":0,"gold_gain":0,"player_choice":"Forge","damage_taken":0,"max_hp_gain":0,"max_hp_loss":0,"event_name":"Accursed Blacksmith","floor":48,"gold_loss":0,"cards_upgraded":["Caltrops"]}],"is_beta":false,"boss_relics":[{"not_picked":["Busted Crown","Runic Dome"],"picked":"White Beast Statue"},{"not_picked":["Coffee Dripper","Pandora\u0027s Box"],"picked":"Velvet Choker"}],"items_purged_floors":[13,20,44,46],"is_endless":false,"potions_floor_spawned":[1,4,12,16,18,19,21,22,24,27,29,30,33,35,37,38,39,41,47],"ascension_level":1}