{"gold_per_floor":[109,109,129,304,30,30,44,44,44,71,85,110,110,110,110,214,214,231,231,243,261,14,49,49,76,76,76,26,26,44,77,77,175,225,241,92,102,0,45,45,64,76,153,113,113,127,140,150,150,150],"floor_reached":51,"playtime":1659,"items_purged":["Doubt","Strike_B"],"score":908,"play_id":"54a823b3-2f5b-4cf7-8bbe-5a4589e56134","local_time":"20190311135141","is_ascension_mode":true,"campfire_choices":[{"data":"Streamline","floor":6,"key":"SMITH"},{"data":"Defragment","floor":8,"key":"SMITH"},{"data":"Loop","floor":15,"key":"SMITH"},{"floor":27,"key":"REST"},{"floor":29,"key":"REST"},{"floor":32,"key":"REST"},{"floor":40,"key":"REST"},{"floor":45,"key":"REST"},{"floor":49,"key":"REST"}],"neow_cost":"NONE","seed_source_timestamp":21887227591200,"circlet_count":0,"master_deck":["Defend_B","Defend_B","Defend_B","Zap","Dualcast","Defragment+1","Streamline+1","Double Energy","Loop+1","Glacier","Fusion+1","Electrodynamics+1","Cold Snap","BootSequence+1","FTL","Ball Lightning","Biased Cognition","Machine Learning","Loop+1","Consume+1","Skim+1","Multi-Cast+1","Defragment+1","Melter+1","White Noise+1"],"relics":["Cracked Core","Runic Capacitor","Pen Nib","Ancient Tea Set","Toxic Egg 2","Busted Crown","Blood Vial","Bag of Marbles","Bottled Flame","Shuriken","Art of War","Tiny House","PreservedInsect","Red Mask","Calipers","Darkstone Periapt"],"potions_floor_usage":[7,10,10,23,25,25,30,31,35,39,39,41,46,50,50,50],"damage_taken":[{"damage":8,"enemies":"2 Louse","floor":1,"turns":2},{"damage":1,"enemies":"Cultist","floor":3,"turns":3},{"damage":0,"enemies":"Jaw Worm","floor":7,"turns":1},{"damage":30,"enemies":"Lagavulin","floor":10,"turns":4},{"damage":13,"enemies":"Large Slime","floor":11,"turns":4},{"damage":17,"enemies":"Gremlin Nob","floor":12,"turns":4},{"damage":10,"enemies":"The Guardian","floor":16,"turns":10},{"damage":26,"enemies":"2 Thieves","floor":18,"turns":4},{"damage":6,"enemies":"Shell Parasite","floor":20,"turns":5},{"damage":11,"enemies":"Centurion and Healer","floor":21,"turns":7},{"damage":18,"enemies":"Slavers","floor":23,"turns":3},{"damage":8,"enemies":"Book of Stabbing","floor":25,"turns":5},{"damage":11,"enemies":"Snake Plant","floor":30,"turns":2},{"damage":18,"enemies":"Slavers","floor":31,"turns":4},{"damage":0,"enemies":"Automaton","floor":33,"turns":5},{"damage":2,"enemies":"Orb Walker","floor":35,"turns":3},{"damage":8,"enemies":"3 Shapes","floor":37,"turns":4},{"damage":40,"enemies":"2 Orb Walkers","floor":39,"turns":4},{"damage":1,"enemies":"Spire Growth","floor":41,"turns":3},{"damage":29,"enemies":"Sphere and 2 Shapes","floor":42,"turns":3},{"damage":0,"enemies":"Transient","floor":46,"turns":5},{"damage":0,"enemies":"Spire Growth","floor":47,"turns":3},{"damage":0,"enemies":"Sphere and 2 Shapes","floor":48,"turns":3},{"damage":56,"enemies":"Time Eater","floor":50,"turns":8}],"seed_played":"-1642810264817368122","potions_obtained":[{"floor":0,"key":"FocusPotion"},{"floor":0,"key":"GamblersBrew"},{"floor":0,"key":"Energy Potion"},{"floor":3,"key":"Fire Potion"},{"floor":12,"key":"FocusPotion"},{"floor":16,"key":"Dexterity Potion"},{"floor":18,"key":"SpeedPotion"},{"floor":25,"key":"Explosive Potion"},{"floor":33,"key":"Block Potion"},{"floor":34,"key":"Explosive Potion"},{"floor":35,"key":"Weak Potion"},{"floor":39,"key":"Poison Potion"},{"floor":44,"key":"Fire Potion"},{"floor":44,"key":"Ancient Potion"},{"floor":44,"key":"Swift Potion"},{"floor":47,"key":"EssenceOfSteel"}],"is_trial":false,"path_per_floor":["M","?","M","?","$","R","M","R","T","E","M","E","?","?","R","B",null,"M","?","M","M","$","E","?","E","T","R","$","R","M","E","R","B",null,"M","$","M","?","?","R","M","M","T","?","R","M","M","M","R","B",null],"character_chosen":"DEFECT","items_purchased":["Runic Capacitor","Blood Vial","SkillPotion","PreservedInsect"],"campfire_rested":6,"item_purchase_floors":[5,22,28,36],"current_hp_per_floor":[67,67,66,66,66,66,66,66,66,36,23,6,6,75,75,65,75,49,49,43,32,32,16,16,10,10,32,32,54,45,29,51,53,80,78,78,72,72,34,58,59,32,32,32,56,58,60,62,80,24],"gold":150,"neow_bonus":"THREE_SMALL_POTIONS","is_prod":false,"is_daily":false,"chose_seed":false,"campfire_upgraded":3,"win_rate":0,"timestamp":1552305101,"path_taken":["M","?","?","?","$","R","M","R","T","E","M","E","?","?","R","BOSS","M","?","M","?","$","E","?","E","T","R","$","R","M","E","R","BOSS","M","$","M","?","?","R","M","M","T","?","R","M","M","M","R","BOSS"],"build_version":"2019-01-23","purchased_purges":2,"victory":true,"max_hp_per_floor":[75,75,75,75,75,75,75,75,75,75,75,75,75,75,75,75,75,75,75,75,75,75,75,75,75,75,75,75,75,75,75,75,75,80,80,80,80,80,80,80,80,80,80,80,80,80,80,80,80,80],"card_choices":[{"not_picked":["Sweeping Beam","Steam Power"],"picked":"Defragment","floor":1},{"not_picked":["Auto Shields","Fusion"],"picked":"Streamline","floor":3},{"not_picked":["Hologram","Steam"],"picked":"Double Energy","floor":7},{"not_picked":["Streamline","Heatsinks"],"picked":"Loop","floor":10},{"not_picked":["Beam Cell","Double Energy"],"picked":"Glacier","floor":11},{"not_picked":["Lockon","Storm"],"picked":"Fusion","floor":12},{"not_picked":["Machine Learning","Amplify+1"],"picked":"Electrodynamics","floor":16},{"not_picked":[],"picked":"Cold Snap","floor":18},{"not_picked":[],"picked":"BootSequence+1","floor":20},{"not_picked":[],"picked":"FTL","floor":21},{"not_picked":[],"picked":"Ball Lightning","floor":23},{"not_picked":[],"picked":"Loop+1","floor":25},{"not_picked":[],"picked":"Consume+1","floor":30},{"not_picked":[],"picked":"Skim+1","floor":31},{"not_picked":[],"picked":"Multi-Cast+1","floor":33},{"not_picked":["Rebound"],"picked":"SKIP","floor":35},{"not_picked":["Go for the Eyes"],"picked":"SKIP","floor":37},{"not_picked":[],"picked":"Defragment+1","floor":41},{"not_picked":["Consume+1"],"picked":"SKIP","floor":42},{"not_picked":[],"picked":"Melter+1","floor":46},{"not_picked":["Compile Driver"],"picked":"SKIP","floor":47},{"not_picked":[],"picked":"White Noise+1","floor":48}],"player_experience":493542,"relics_obtained":[{"floor":9,"key":"Pen Nib"},{"floor":10,"key":"Ancient Tea Set"},{"floor":12,"key":"Toxic Egg 2"},{"floor":23,"key":"Bag of Marbles"},{"floor":25,"key":"Bottled Flame"},{"floor":26,"key":"Shuriken"},{"floor":31,"key":"Art of War"},{"floor":39,"key":"Calipers"},{"floor":43,"key":"Darkstone Periapt"}],"event_choices":[{"cards_removed":["Defend_B"],"damage_healed":0,"gold_gain":0,"player_choice":"Purged","damage_taken":0,"max_hp_gain":0,"max_hp_loss":0,"event_name":"Purifier","floor":2,"gold_loss":0},{"damage_healed":0,"gold_gain":175,"player_choice":"AGREE","damage_taken":0,"max_hp_gain":0,"max_hp_loss":0,"event_name":"Liars Game","floor":4,"gold_loss":0,"cards_obtained":["Doubt"]},{"damage_healed":0,"gold_gain":0,"player_choice":"Fled","damage_taken":0,"max_hp_gain":0,"max_hp_loss":0,"event_name":"Scrap Ooze","floor":13,"gold_loss":0},{"damage_healed":69,"gold_gain":0,"player_choice":"Full Heal","damage_taken":0,"max_hp_gain":0,"max_hp_loss":0,"event_name":"Wheel of Change","floor":14,"gold_loss":0},{"cards_removed":["Strike_B"],"damage_healed":0,"gold_gain":0,"player_choice":"Offered Basic","damage_taken":0,"max_hp_gain":0,"max_hp_loss":0,"event_name":"Bonfire Elementals","floor":19,"gold_loss":0},{"damage_healed":0,"gold_gain":0,"cards_transformed":["Strike_B","Strike_B"],"player_choice":"Became Test Subject","damage_taken":0,"max_hp_gain":0,"max_hp_loss":0,"event_name":"Drug Dealer","floor":24,"gold_loss":0,"cards_obtained":["Biased Cognition","Machine Learning"]},{"damage_healed":0,"gold_gain":0,"player_choice":"Paid","damage_taken":0,"relics_obtained":["Red Mask"],"max_hp_gain":0,"max_hp_loss":0,"event_name":"Tomb of Lord Red Mask","floor":38,"gold_loss":102},{"damage_healed":0,"gold_gain":0,"player_choice":"Fight","damage_taken":0,"max_hp_gain":0,"max_hp_loss":0,"event_name":"Mysterious Sphere","floor":39,"gold_loss":0},{"damage_healed":0,"gold_gain":0,"player_choice":"Bought 3 Potions","damage_taken":0,"max_hp_gain":0,"max_hp_loss":0,"event_name":"The Woman in Blue","floor":44,"gold_loss":0}],"is_beta":false,"boss_relics":[{"not_picked":["Snecko Eye","Runic Pyramid"],"picked":"Busted Crown"},{"not_picked":["Empty Cage","Cursed Key"],"picked":"Tiny House"}],"items_purged_floors":[5,22],"is_endless":false,"potions_floor_spawned":[1,3,12,16,18,21,25,33,35,39,47,48],"ascension_level":4}