{"gold_per_floor":[111,121,121,25,25,25,45,220,220,220,234,257,300,300],"floor_reached":14,"playtime":526,"items_purged":[],"score":131,"play_id":"c638e2bf-f2bb-4f51-bebd-c486e995e385","local_time":"20180924201151","is_ascension_mode":true,"campfire_choices":[{"data":"Madness","floor":6,"key":"SMITH"},{"data":"Bash","floor":10,"key":"SMITH"}],"neow_cost":"","seed_source_timestamp":298269551532730,"circlet_count":0,"master_deck":["Strike_R","Strike_R","Strike_R","Strike_R","Strike_R","Defend_R+1","Defend_R","Defend_R","Defend_R","Bash+1","Shrug It Off+1","Madness+1","Doubt","Metallicize","Shrug It Off"],"relics":["Burning Blood","Golden Idol","War Paint","Peace Pipe"],"potions_floor_usage":[11,12,12],"damage_taken":[{"damage":6,"enemies":"Cultist","floor":1,"turns":3},{"damage":8,"enemies":"Small Slimes","floor":2,"turns":4},{"damage":0,"enemies":"Jaw Worm","floor":7,"turns":4},{"damage":6,"enemies":"2 Fungi Beasts","floor":11,"turns":4},{"damage":17,"enemies":"Exordium Thugs","floor":12,"turns":7},{"damage":34,"enemies":"3 Sentries","floor":13,"turns":16},{"damage":21,"enemies":"3 Sentries","floor":14,"turns":6}],"seed_played":"-8076697837510741332","potions_obtained":[{"floor":2,"key":"Weak Potion"},{"floor":7,"key":"Energy Potion"},{"floor":11,"key":"AttackPotion"}],"is_trial":false,"path_per_floor":["M","M","?","$","?","R","M","?","T","R","M","M","E"],"character_chosen":"IRONCLAD","items_purchased":["Madness"],"campfire_rested":0,"item_purchase_floors":[4],"current_hp_per_floor":[72,70,50,50,50,50,56,56,56,56,56,45,17,0],"gold":300,"neow_bonus":"","is_prod":false,"is_daily":false,"chose_seed":false,"campfire_upgraded":2,"win_rate":0,"timestamp":1537809111,"path_taken":["M","?","?","?","?","R","M","?","T","R","M","?","E","?"],"build_version":"2018-09-20","purchased_purges":0,"victory":false,"max_hp_per_floor":[80,80,80,80,80,80,80,80,80,80,80,80,80,80],"card_choices":[{"not_picked":["Sword Boomerang","Wild Strike"],"picked":"Shrug It Off","floor":1},{"not_picked":["Rage","Body Slam","Cleave"],"picked":"SKIP","floor":2},{"not_picked":["Twin Strike","Pummel","Sentinel"],"picked":"SKIP","floor":7},{"not_picked":["Power Through","Havoc"],"picked":"Metallicize","floor":11},{"not_picked":["Havoc","Perfected Strike"],"picked":"Shrug It Off","floor":12},{"not_picked":["Twin Strike","Perfected Strike","Headbutt"],"picked":"SKIP","floor":13}],"player_experience":377376,"relics_obtained":[{"floor":9,"key":"War Paint"},{"floor":13,"key":"Peace Pipe"}],"event_choices":[{"event_name":"Golden Idol","player_choice":"Take Damage","floor":3,"damage_taken":0},{"event_name":"The Cleric","player_choice":"Leave","floor":5,"damage_taken":0},{"event_name":"Liars Game","player_choice":"agreed","floor":8,"damage_taken":0},{"event_name":"Dead Adventurer","player_choice":"Searched \u00272\u0027 times","floor":14,"damage_taken":0}],"is_beta":false,"boss_relics":[],"items_purged_floors":[],"is_endless":false,"potions_floor_spawned":[2,7,11],"killed_by":"3 Sentries","ascension_level":9}