{"gold_per_floor":[119,130,55,55,330,330,358,358,358,358,258,275,275,310,310,310],"floor_reached":16,"playtime":495,"items_purged":["Strike_R","Strike_R"],"score":106,"play_id":"cbdd4462-58e4-4da5-a8eb-18e0bbb610e9","local_time":"20190710163348","is_ascension_mode":false,"campfire_choices":[{"data":"Bash","floor":6,"key":"SMITH"},{"data":"Offering","floor":8,"key":"SMITH"},{"floor":10,"key":"REST"},{"data":"Madness","floor":13,"key":"SMITH"},{"floor":15,"key":"REST"}],"neow_cost":"NONE","seed_source_timestamp":14252640505073,"circlet_count":0,"master_deck":["Strike_R","Strike_R","Strike_R","Defend_R","Defend_R","Defend_R","Defend_R","Bash+1","Madness+1","Regret","Offering+1"],"relics":["Burning Blood","Frozen Egg 2","Orichalcum","Bag of Preparation"],"potions_floor_usage":[7,14],"damage_taken":[{"damage":6,"enemies":"Jaw Worm","floor":1,"turns":4},{"damage":3,"enemies":"Small Slimes","floor":2,"turns":3},{"damage":61,"enemies":"3 Sentries","floor":7,"turns":18},{"damage":4,"enemies":"Cultist","floor":12,"turns":4},{"damage":15,"enemies":"Gremlin Nob","floor":14,"turns":3},{"damage":73,"enemies":"Slime Boss","floor":16,"turns":8}],"seed_played":"3700310541591111169","potions_obtained":[{"floor":2,"key":"Block Potion"},{"floor":7,"key":"AttackPotion"}],"is_trial":false,"path_per_floor":["M","M","$","?","?","R","E","R","T","R","$","M","R","E","R","B"],"character_chosen":"IRONCLAD","items_purchased":[],"campfire_rested":2,"item_purchase_floors":[],"current_hp_per_floor":[80,80,80,85,85,85,30,30,30,55,55,57,57,48,73,0],"gold":310,"neow_bonus":"RANDOM_COLORLESS","is_prod":false,"is_daily":false,"chose_seed":false,"campfire_upgraded":3,"win_rate":0,"timestamp":1562769228,"path_taken":["M","M","$","?","?","R","E","R","T","R","$","M","R","E","R","BOSS"],"build_version":"2019-07-05","purchased_purges":2,"victory":false,"max_hp_per_floor":[80,80,80,85,85,85,85,85,85,85,85,85,85,85,85,85],"card_choices":[{"not_picked":["Cleave","Wild Strike","Clothesline"],"picked":"SKIP","floor":1},{"not_picked":["Metallicize","Twin Strike","Armaments"],"picked":"SKIP","floor":2},{"not_picked":["Havoc","Cleave"],"picked":"Offering","floor":7},{"not_picked":["Headbutt","Corruption+1","Body Slam"],"picked":"SKIP","floor":12},{"not_picked":["Body Slam","Juggernaut+1","Clothesline"],"picked":"SKIP","floor":14}],"player_experience":56471,"relics_obtained":[{"floor":7,"key":"Frozen Egg 2"},{"floor":9,"key":"Orichalcum"},{"floor":14,"key":"Bag of Preparation"}],"event_choices":[{"damage_healed":0,"gold_gain":0,"player_choice":"Donut","damage_taken":0,"max_hp_gain":5,"max_hp_loss":0,"event_name":"Big Fish","floor":4,"gold_loss":0},{"damage_healed":0,"gold_gain":275,"player_choice":"Desecrate","damage_taken":0,"max_hp_gain":0,"max_hp_loss":0,"event_name":"Golden Shrine","floor":5,"gold_loss":0,"cards_obtained":["Regret"]}],"is_beta":false,"boss_relics":[],"items_purged_floors":[3,11],"is_endless":false,"potions_floor_spawned":[2,7],"killed_by":"Slime Boss","ascension_level":0}