{"gold_per_floor":[114,131,149,149,111,111,111,129,129,159,159,10,41,51,51,51],"floor_reached":16,"playtime":476,"items_purged":[],"score":125,"play_id":"153b020f-411f-40fe-a70f-0cac9b0c3d6c","local_time":"20190331200640","is_ascension_mode":true,"campfire_choices":[{"floor":6,"key":"RECALL"},{"floor":11,"key":"REST"},{"floor":15,"key":"REST"}],"neow_cost":"NONE","seed_source_timestamp":34199271366900,"circlet_count":0,"master_deck":["Strike_B+1","Strike_B","Strike_B+1","Defend_B","Defend_B","Defend_B","Defend_B","Zap","Dualcast","Dramatic Entrance","Cold Snap","Scrape","Go for the Eyes","Defragment","Leap","Coolheaded","Buffer","Sweeping Beam"],"relics":["Cracked Core","Odd Mushroom","Orichalcum","Mercury Hourglass"],"potions_floor_usage":[8],"damage_taken":[{"damage":0,"enemies":"Cultist","floor":1,"turns":2},{"damage":7,"enemies":"Small Slimes","floor":2,"turns":2},{"damage":0,"enemies":"2 Louse","floor":3,"turns":2},{"damage":11,"enemies":"Large Slime","floor":8,"turns":5},{"damage":8,"enemies":"The Mushroom Lair","floor":10,"turns":4},{"damage":20,"enemies":"Lagavulin","floor":13,"turns":7},{"damage":10,"enemies":"3 Louse","floor":14,"turns":2},{"damage":41,"enemies":"Hexaghost","floor":16,"turns":11}],"seed_played":"-277220419627298389","potions_obtained":[{"floor":2,"key":"SkillPotion"},{"floor":8,"key":"Ancient Potion"}],"is_trial":false,"path_per_floor":["M","M","M","?","$","R","?","M","T","?","R","$","E","M","R","B"],"character_chosen":"DEFECT","items_purchased":["Defragment","Orichalcum"],"campfire_rested":2,"item_purchase_floors":[5,12],"current_hp_per_floor":[75,68,68,53,53,53,46,35,35,27,49,49,29,19,41,0],"gold":51,"neow_bonus":"RANDOM_COLORLESS","is_prod":false,"is_daily":false,"chose_seed":false,"campfire_upgraded":0,"win_rate":0,"timestamp":1554052000,"path_taken":["M","M","?","?","$","R","?","M","T","?","R","$","E","M","R","BOSS"],"build_version":"2019-01-23","purchased_purges":0,"victory":false,"max_hp_per_floor":[75,75,75,75,75,75,75,75,75,75,75,75,75,75,75,75],"card_choices":[{"not_picked":["Reprogram","Go for the Eyes"],"picked":"Cold Snap","floor":1},{"not_picked":["Compile Driver","Storm"],"picked":"Scrape","floor":2},{"not_picked":["Blizzard","Chaos"],"picked":"Go for the Eyes","floor":3},{"not_picked":["Barrage","Redo"],"picked":"Leap","floor":8},{"not_picked":["Compile Driver","Rebound"],"picked":"Coolheaded","floor":10},{"not_picked":["Auto Shields","Storm"],"picked":"Buffer","floor":13},{"not_picked":["Barrage","Double Energy"],"picked":"Sweeping Beam","floor":14}],"player_experience":509718,"relics_obtained":[{"floor":10,"key":"Odd Mushroom"},{"floor":13,"key":"Mercury Hourglass"}],"event_choices":[{"damage_healed":0,"gold_gain":0,"player_choice":"Entered Light","damage_taken":15,"max_hp_gain":0,"max_hp_loss":0,"event_name":"Shining Light","floor":4,"gold_loss":0,"cards_upgraded":["Strike_B","Strike_B"]},{"cards_removed":["Strike_B"],"damage_healed":0,"gold_gain":0,"player_choice":"Card Removal","damage_taken":7,"max_hp_gain":0,"max_hp_loss":0,"event_name":"Golden Wing","floor":7,"gold_loss":0},{"damage_healed":0,"gold_gain":0,"player_choice":"Fought Mushrooms","damage_taken":0,"max_hp_gain":0,"max_hp_loss":0,"event_name":"Mushrooms","floor":10,"gold_loss":0}],"is_beta":false,"boss_relics":[],"items_purged_floors":[],"is_endless":false,"potions_floor_spawned":[2,8],"killed_by":"Hexaghost","ascension_level":5}