{"gold_per_floor":[112,287,299,319,394,428,441,457,457,457],"floor_reached":10,"playtime":564,"items_purged":[],"score":81,"play_id":"b13aa3d0-11a9-4a2c-ba0f-3254932a984d","local_time":"20180802130227","is_ascension_mode":true,"campfire_choices":[],"neow_cost":"","seed_source_timestamp":411106893967166,"circlet_count":0,"master_deck":["Strike_B","Strike_B","Strike_B","Strike_B","Defend_B","Defend_B","Defend_B","Defend_B","Zap","Dualcast+1","Conserve Battery","Doubt","Ball Lightning","Defragment","Double Energy+1","Streamline","Turbo"],"relics":["Cracked Core","War Paint","Mercury Hourglass"],"potions_floor_usage":[8],"damage_taken":[{"damage":9,"enemies":"Jaw Worm","floor":1,"turns":4},{"damage":0,"enemies":"Cultist","floor":3,"turns":3},{"damage":0,"enemies":"Small Slimes","floor":4,"turns":3},{"damage":35,"enemies":"Lagavulin","floor":6,"turns":6},{"damage":5,"enemies":"Looter","floor":7,"turns":3},{"damage":10,"enemies":"Lots of Slimes","floor":8,"turns":6},{"damage":20,"enemies":"Large Slime","floor":10,"turns":3}],"seed_played":"5786209527879041244","potions_obtained":[{"floor":6,"key":"Regen Potion"}],"is_trial":false,"path_per_floor":["M","?","M","M","?","E","M","M","T"],"character_chosen":"DEFECT","items_purchased":[],"campfire_rested":0,"item_purchase_floors":[],"current_hp_per_floor":[66,66,66,66,55,20,15,20,20,0],"gold":457,"neow_bonus":"","is_prod":false,"is_daily":false,"chose_seed":false,"campfire_upgraded":0,"win_rate":0,"timestamp":1533204147,"path_taken":["M","?","M","?","?","E","M","M","T","M"],"build_version":"2018-07-26","purchased_purges":0,"victory":false,"max_hp_per_floor":[75,75,75,75,75,75,75,75,75,75],"card_choices":[{"not_picked":["Compile Driver","Go for the Eyes","Conserve Battery"],"picked":"SKIP","floor":1},{"not_picked":["Compile Driver","Go for the Eyes"],"picked":"Conserve Battery","floor":1},{"not_picked":["Steam","Go for the Eyes"],"picked":"Ball Lightning","floor":3},{"not_picked":["Coolheaded","Gash"],"picked":"Defragment","floor":4},{"not_picked":["Cold Snap","Doom and Gloom"],"picked":"Double Energy","floor":6},{"not_picked":["Go for the Eyes","Stack"],"picked":"Streamline","floor":7},{"not_picked":["Go for the Eyes","Defragment"],"picked":"Turbo","floor":8}],"player_experience":325846,"relics_obtained":[{"floor":6,"key":"War Paint"},{"floor":9,"key":"Mercury Hourglass"}],"event_choices":[{"event_name":"Liars Game","player_choice":"agreed","floor":2,"damage_taken":0},{"event_name":"World of Goop","player_choice":"Gather Gold","floor":5,"damage_taken":0}],"is_beta":false,"boss_relics":[],"items_purged_floors":[],"is_endless":false,"potions_floor_spawned":[6],"killed_by":"Large Slime","ascension_level":3}