{"path_per_floor":["M","?","M","?","M","E","R","E","T","E","R","E","?","$","R","B",null,"M","M","?","?","M","E","R","E","T","M","E","M","M","E","R","B",null,"M","T","M","$","?","R","E","R","T","E","R","?","E","?","R"],"character_chosen":"THE_SILENT","items_purchased":["Strawberry","Oddly Smooth Stone","Mercury Hourglass","Pear"],"gold_per_floor":[114,114,129,129,144,174,174,204,229,289,289,319,319,19,19,119,149,164,179,179,179,194,224,224,254,254,269,299,314,329,359,359,459,459,474,474,489,89,89,89,119,119,144,174,174,474,504,0,0],"floor_reached":50,"campfire_rested":8,"playtime":4522,"current_hp_per_floor":[70,70,69,69,62,51,70,59,59,56,56,51,51,58,77,63,82,75,75,75,75,75,60,82,60,60,60,26,38,50,47,72,44,84,64,64,48,58,58,87,59,89,89,34,64,64,34,34,64],"items_purged":["Normality"],"gold":0,"score":707,"play_id":"3958f332-d8fc-48da-bd0d-ecccd8640e66","local_time":"20180312085455","daily_mods":["Shiny","Elite Swarm","Lethality"],"is_prod":false,"is_daily":true,"is_ascension_mode":false,"campfire_upgraded":1,"timestamp":1520837695,"path_taken":["M","?","M","?","M","E","R","E","T","E","R","E","?","?","R","BOSS","M","M","?","?","?","E","R","E","T","M","E","M","?","E","R","BOSS","M","?","?","$","?","R","E","R","T","E","R","?","E","?","R","BOSS"],"build_version":"2018-03-09","purchased_purges":1,"victory":false,"master_deck":["Defend_G+1","Defend_G+1","Defend_G+1","Defend_G+1","Strike_G+1","Strike_G+1","Strike_G+1","Strike_G+1","Strike_G+1","Survivor+1","Neutralize","After Image","Blur","Bouncing Flask","Deflect","Die Die Die","After Image","Glass Knife+1","Venomology","Adrenaline","Sucker Punch","Terror","Crippling Poison+1","Escape Plan","Underhanded Strike+1","Adrenaline","Tools of the Trade","All Out Attack","Phantasmal Killer","Backflip","Malaise","Die Die Die","Adrenaline"],"max_hp_per_floor":[70,70,70,70,70,70,70,70,70,70,70,70,70,77,77,77,82,82,82,82,82,82,82,82,82,82,82,82,82,82,84,84,84,84,86,86,88,98,98,98,100,100,100,100,100,100,102,102,102],"relics":["Ring of the Snake","Frozen Eye","Art of War","Pen Nib","Tiny Chest","Sundial","The Courier","Strawberry","Oddly Smooth Stone","Tiny House","Shuriken","Meat on the Bone","Peace Pipe","Snake Skull","Singing Bowl","White Beast Statue","Calipers","Mercury Hourglass","Pear","Dodecahedron","Prayer Wheel","Juzu Bracelet","Ancient Tea Set","Red Mask"],"card_choices":[{"not_picked":["Flying Knee","Sucker Punch"],"picked":"Blur"},{"not_picked":["Dodge and Roll","Dagger Spray"],"picked":"Bouncing Flask"},{"not_picked":["Acrobatics","Malaise"],"picked":"Deflect"},{"not_picked":["Phantasmal Killer","Grand Finale"],"picked":"Die Die Die"},{"not_picked":["Burst","Night Terror"],"picked":"After Image"},{"not_picked":["Grand Finale","Storm of Steel"],"picked":"Glass Knife"},{"not_picked":["Wraith Form","Bullet Time"],"picked":"Venomology"},{"not_picked":["Doppelganger","Glass Knife"],"picked":"Adrenaline"},{"not_picked":["Outmaneuver","Quick Slash"],"picked":"Sucker Punch"},{"not_picked":["Quick Slash","Prepared"],"picked":"Terror"},{"not_picked":["Backflip","Dagger Spray"],"picked":"Crippling Poison"},{"not_picked":["Finisher","Expertise"],"picked":"Underhanded Strike"},{"not_picked":["Night Terror","Bullet Time"],"picked":"Adrenaline"},{"not_picked":["Unload","A Thousand Cuts"],"picked":"Tools of the Trade"},{"not_picked":["Infinite Blades","Outmaneuver"],"picked":"All Out Attack"},{"not_picked":["Envenom","Tactician"],"picked":"Phantasmal Killer"},{"not_picked":["Finisher","Slice"],"picked":"Backflip"},{"not_picked":["Expertise","Reflex"],"picked":"Malaise"},{"not_picked":["A Thousand Cuts","Venomology"],"picked":"Die Die Die"},{"not_picked":["Die Die Die","Glass Knife"],"picked":"Adrenaline"}],"player_experience":76090,"potions_floor_usage":[6,8,10,16,18,19,22,23,23,23,25,27,33,33,33,33,41,41,41,44,47,47,47,47,50,50],"damage_taken":[{"damage":0,"enemies":"Small Slimes","floor":1,"turns":2},{"damage":1,"enemies":"2 Louse","floor":3,"turns":2},{"damage":7,"enemies":"Cultist","floor":5,"turns":3},{"damage":11,"enemies":"3 Sentries","floor":6,"turns":8},{"damage":11,"enemies":"Gremlin Nob","floor":8,"turns":4},{"damage":3,"enemies":"Lagavulin","floor":10,"turns":7},{"damage":5,"enemies":"3 Sentries","floor":12,"turns":5},{"damage":14,"enemies":"Slime Boss","floor":16,"turns":7},{"damage":7,"enemies":"2 Thieves","floor":18,"turns":2},{"damage":0,"enemies":"Chosen","floor":19,"turns":2},{"damage":0,"enemies":"Centurion and Healer","floor":22,"turns":4},{"damage":15,"enemies":"Gremlin Leader","floor":23,"turns":5},{"damage":22,"enemies":"Book of Stabbing","floor":25,"turns":5},{"damage":0,"enemies":"Snake Plant","floor":27,"turns":3},{"damage":46,"enemies":"Gremlin Leader","floor":28,"turns":4},{"damage":0,"enemies":"3 Cultists","floor":29,"turns":3},{"damage":0,"enemies":"Cultist and Chosen","floor":30,"turns":4},{"damage":5,"enemies":"Slavers","floor":31,"turns":3},{"damage":40,"enemies":"Automaton","floor":33,"turns":9},{"damage":22,"enemies":"Orb Walker","floor":35,"turns":5},{"damage":18,"enemies":"3 Shapes","floor":37,"turns":4},{"damage":30,"enemies":"Nemesis","floor":41,"turns":7},{"damage":67,"enemies":"2 Orb Walkers","floor":44,"turns":6},{"damage":59,"enemies":"Nemesis","floor":47,"turns":7},{"damage":69,"enemies":"Time Eater","floor":50,"turns":10}],"event_choices":[{"event_name":"The Cleric","player_choice":"Leave","floor":2,"damage_taken":0},{"event_name":"Bonfire Elementals","player_choice":"BASIC","floor":4,"damage_taken":0},{"event_name":"Accursed Blacksmith","player_choice":"Rummage","floor":13,"damage_taken":0},{"event_name":"The Library","player_choice":"Read","floor":20,"damage_taken":0},{"event_name":"Back to Basics","player_choice":"Simplicity","floor":21,"damage_taken":0},{"event_name":"The Woman in Blue","player_choice":"Bought 0 Potions","floor":39,"damage_taken":0},{"event_name":"Wheel of Change","player_choice":"Gold","floor":46,"damage_taken":0},{"event_name":"Tomb of Lord Red Mask","player_choice":"Paid","floor":48,"damage_taken":0}],"boss_relics":[{"not_picked":["Cursed Key","Pandora\u0027s Box"],"picked":"Tiny House"},{"not_picked":["Runic Pyramid","The Specimen"],"picked":"White Beast Statue"}],"potions_floor_spawned":[1,3,8,18,19,22,23,30,35,37,41,44,47],"seed_played":"-3661932950863109323","killed_by":"Time Eater","ascension_level":0,"is_trial":false}