{"path_per_floor":["M","M","M","?","M","R","E","R","T","?","M","?","M","M","R","B",null,"M","?","M","$","?","R"],"character_chosen":"IRONCLAD","items_purchased":["Ornamental Fan","Paper Frog"],"gold_per_floor":[109,123,143,218,238,238,263,263,563,738,755,755,772,789,789,886,886,897,822,838,242,242,242],"floor_reached":24,"campfire_rested":2,"playtime":2464,"current_hp_per_floor":[80,80,80,69,72,72,48,48,48,48,42,42,30,26,50,26,80,38,38,26,26,26,50],"items_purged":["Doubt"],"gold":242,"score":198,"play_id":"f6d6062b-0b54-4b41-8bb9-65fe36bd0bfa","local_time":"20180307101228","is_prod":false,"is_daily":false,"is_ascension_mode":false,"campfire_upgraded":2,"timestamp":1520410348,"path_taken":["M","M","M","?","?","R","E","R","T","?","M","?","M","?","R","BOSS","M","?","M","$","?","R","E"],"build_version":"2018-03-01-PROD1","purchased_purges":1,"victory":false,"master_deck":["Strike_R","Strike_R","Strike_R","Strike_R","Strike_R","Defend_R","Defend_R+1","Defend_R+1","Defend_R","Bash","Flame Barrier+1","Anger","Entrench+1","Thunderclap","Spot Weakness+1","Carnage","Uppercut","Rampage","Limit Break+1","Perfected Strike+1","Cleave"],"max_hp_per_floor":[80,80,80,80,80,80,80,80,80,80,80,80,80,80,80,80,80,80,80,80,80,80,80],"relics":["Burning Blood","War Paint","Toxic Egg 2","Old Coin","Centennial Puzzle","Runic Cube","Ornamental Fan","Paper Frog"],"card_choices":[{"not_picked":["Disarm","Power Through"],"picked":"Flame Barrier"},{"not_picked":["Armaments","Pommel Strike"],"picked":"Anger"},{"not_picked":["Blood for Blood","Dual Wield"],"picked":"Entrench"},{"not_picked":["True Grit","Body Slam"],"picked":"Thunderclap"},{"not_picked":["Offering","Flex"],"picked":"Spot Weakness"},{"not_picked":["Flame Barrier","Perfected Strike"],"picked":"Carnage"},{"not_picked":["Corruption","Rupture"],"picked":"Uppercut"},{"not_picked":["Anger","Perfected Strike"],"picked":"Rampage"},{"not_picked":["Fiend Fire","Offering"],"picked":"Limit Break"},{"not_picked":["Disarm","True Grit"],"picked":"Perfected Strike"},{"not_picked":["Power Through","Intimidate"],"picked":"Cleave"}],"player_experience":16623,"potions_floor_usage":[5,5,18,18,18,24,24,24],"damage_taken":[{"damage":0,"enemies":"Jaw Worm","floor":1,"turns":5},{"damage":0,"enemies":"2 Louse","floor":2,"turns":4},{"damage":4,"enemies":"Cultist","floor":3,"turns":4},{"damage":3,"enemies":"Exordium Thugs","floor":5,"turns":4},{"damage":30,"enemies":"3 Sentries","floor":7,"turns":8},{"damage":12,"enemies":"Blue Slaver","floor":11,"turns":4},{"damage":18,"enemies":"2 Fungi Beasts","floor":13,"turns":3},{"damage":10,"enemies":"Lots of Slimes","floor":14,"turns":3},{"damage":30,"enemies":"Hexaghost","floor":16,"turns":9},{"damage":48,"enemies":"3 Byrds","floor":18,"turns":6},{"damage":18,"enemies":"Shell Parasite","floor":20,"turns":7},{"damage":54,"enemies":"Gremlin Leader","floor":24,"turns":3}],"event_choices":[{"event_name":"World of Goop","player_choice":"Gather Gold","floor":4,"damage_taken":0},{"event_name":"Liars Game","player_choice":"agreed","floor":10,"damage_taken":0},{"event_name":"Big Fish","player_choice":"Box","floor":12,"damage_taken":0},{"event_name":"Beggar","player_choice":"Gave Gold","floor":19,"damage_taken":0},{"event_name":"The Lab","player_choice":"Got Potions","floor":22,"damage_taken":0}],"boss_relics":[{"not_picked":["Philosopher\u0027s Stone","Runic Pyramid"],"picked":"Runic Cube"}],"potions_floor_spawned":[1,2,11,14,16,20],"seed_played":"5692660180059336911","killed_by":"Gremlin Leader","ascension_level":0,"is_trial":false}