{"gold_per_floor":[362,362,362,362,375,411,411,445,472,472,493,26,50,2,2,126,126,144,93,8,40,77,89,122,134,195,220,232,262,27,58,58,58],"floor_reached":33,"playtime":922,"items_purged":["Strike_R","Defend_R"],"score":462,"play_id":"88ba80d8-fceb-4458-bdca-239886757473","local_time":"20181006174638","is_ascension_mode":true,"campfire_choices":[{"floor":7.0,"key":"REST"},{"floor":10.0,"key":"REST"},{"floor":15.0,"key":"REST"},{"floor":23,"key":"REST"},{"floor":25,"key":"REST"},{"floor":32,"key":"REST"}],"neow_cost":"TEN_PERCENT_HP_LOSS","seed_source_timestamp":0,"circlet_count":0,"master_deck":["Strike_R","Strike_R","Strike_R","Defend_R","Defend_R+1","Bash","AscendersBane","Rampage","Infernal Blade+1","Battle Trance","Flex","Double Tap","Spot Weakness","Whirlwind+1"],"special_seed":0,"relics":["Burning Blood","Golden Idol","War Paint","Darkstone Periapt","Juzu Bracelet","Paper Frog","Lantern","Fusion Hammer","Shuriken","MawBank","Centennial Puzzle","Bag of Preparation","MutagenicStrength","Blood Vial","Potion Belt"],"potions_floor_usage":[16,16,24,31,33],"damage_taken":[{"damage":14.0,"enemies":"Jaw Worm","floor":1.0,"turns":3.0},{"damage":7.0,"enemies":"2 Louse","floor":5.0,"turns":3.0},{"damage":45.0,"enemies":"3 Sentries","floor":6.0,"turns":9.0},{"damage":30.0,"enemies":"Lagavulin","floor":8.0,"turns":7.0},{"damage":6.0,"enemies":"Cultist","floor":11.0,"turns":3.0},{"damage":0.0,"enemies":"3 Louse","floor":13.0,"turns":2.0},{"damage":57,"enemies":"Hexaghost","floor":16,"turns":10},{"damage":11,"enemies":"Spheric Guardian","floor":18,"turns":3},{"damage":0,"enemies":"Chosen","floor":21,"turns":3},{"damage":27,"enemies":"Shelled Parasite and Fungi","floor":24,"turns":3},{"damage":1,"enemies":"Centurion and Healer","floor":27,"turns":3},{"damage":18,"enemies":"Snecko","floor":29,"turns":3},{"damage":0,"enemies":"Book of Stabbing","floor":31,"turns":1},{"damage":89,"enemies":"Collector","floor":33,"turns":6}],"seed_played":"2767174799500335516","potions_obtained":[{"floor":5.0,"key":"BloodPotion"},{"floor":6.0,"key":"Dexterity Potion"},{"floor":21,"key":"FearPotion"},{"floor":24,"key":"GamblersBrew"},{"floor":27,"key":"Block Potion"},{"floor":29,"key":"AttackPotion"}],"is_trial":false,"path_per_floor":["M","?","?","?","M","E","R","E","T","R","M","$","M","$","R","B",null,"M","?","?","M","T","R","M","R","T","M","?","M","$","E","R"],"character_chosen":"IRONCLAD","items_purchased":["Paper Frog","Lantern","Block Potion","Blood Vial"],"campfire_rested":6,"item_purchase_floors":[12,12,14,30],"current_hp_per_floor":[64,64,57,57,56,23,43,19,19,39,39,39,45,45,65,14,54,49,49,49,55,55,67,46,66,66,67,67,55,55,63,67,0],"gold":58,"neow_bonus":"TWO_FIFTY_GOLD","is_prod":false,"is_daily":false,"chose_seed":false,"campfire_upgraded":0,"win_rate":0,"timestamp":1538837198,"path_taken":["M","?","?","?","M","E","R","E","T","R","M","$","M","$","R","BOSS","M","?","?","M","?","R","M","R","T","M","?","M","$","E","R","BOSS"],"build_version":"2018-10-04v2","purchased_purges":2,"victory":false,"max_hp_per_floor":[72,67,67,67,67,67,67,67,67,67,67,67,67,67,67,67,67,67,67,67,67,67,67,67,67,67,67,67,67,67,67,67,67],"card_choices":[{"not_picked":["Body Slam","Armaments","Power Through"],"picked":"SKIP","floor":1.0},{"not_picked":["Second Wind","Clothesline"],"picked":"Rampage","floor":5.0},{"not_picked":["Brutality","Armaments"],"picked":"Infernal Blade","floor":6.0},{"not_picked":["Inflame","Barricade"],"picked":"Battle Trance","floor":8.0},{"not_picked":["Body Slam","Dropkick"],"picked":"Flex","floor":11.0},{"not_picked":["True Grit","Thunderclap","Pommel Strike"],"picked":"SKIP","floor":13.0},{"not_picked":["Limit Break","Brutality"],"picked":"Double Tap","floor":16},{"not_picked":["Armaments","Cleave"],"picked":"Spot Weakness","floor":18},{"not_picked":["Searing Blow","Anger","Sword Boomerang"],"picked":"SKIP","floor":21},{"not_picked":["Clothesline+1","Flex","Reckless Charge+1"],"picked":"SKIP","floor":24},{"not_picked":["Reckless Charge","Anger","True Grit+1"],"picked":"SKIP","floor":27},{"not_picked":["Carnage+1","Perfected Strike","Clothesline"],"picked":"SKIP","floor":29},{"not_picked":["Flex+1","Uppercut"],"picked":"Whirlwind+1","floor":31}],"player_experience":424688,"relics_obtained":[{"floor":6.0,"key":"War Paint"},{"floor":8.0,"key":"Darkstone Periapt"},{"floor":9.0,"key":"Juzu Bracelet"},{"floor":22,"key":"Centennial Puzzle"},{"floor":26,"key":"Bag of Preparation"},{"floor":31,"key":"Potion Belt"}],"event_choices":[{"event_name":"Golden Idol","player_choice":"Lose Max HP","floor":2.0,"damage_taken":0.0},{"event_name":"Golden Wing","player_choice":"Card Removal","floor":3.0,"damage_taken":0.0},{"event_name":"Living Wall","player_choice":"Forget","floor":4.0,"damage_taken":0.0},{"event_name":"WeMeetAgain","player_choice":"Gold","floor":19,"damage_taken":0},{"event_name":"Addict","player_choice":"Obtained Relic","floor":20,"damage_taken":0},{"event_name":"Drug Dealer","player_choice":"Inject Mutagens","floor":28,"damage_taken":0}],"is_beta":false,"boss_relics":[{"not_picked":["Pandora\u0027s Box","Orrery"],"picked":"Fusion Hammer"}],"items_purged_floors":[12,30],"is_endless":false,"potions_floor_spawned":[5,6,21,24,27,29],"killed_by":"Collector","ascension_level":11}