{"path_per_floor":["M","?","?","M","M","E","R","$","T","E","M"],"character_chosen":"DEFECT","items_purchased":["Omamori"],"gold_per_floor":[119,194,194,207,226,257,257,33,33,90,108,108],"floor_reached":12,"campfire_rested":1,"playtime":396,"item_purchase_floors":[8],"current_hp_per_floor":[65,54,54,55,55,38,62,62,62,20,10,0],"items_purged":["Defend_B"],"gold":108,"score":97,"play_id":"f9735644-9cec-4388-b76a-a6b389c4b60b","local_time":"20180620165513","is_prod":false,"is_daily":false,"chose_seed":false,"is_ascension_mode":true,"campfire_upgraded":0,"win_rate":0,"timestamp":1529502913,"campfire_choices":[{"floor":7,"key":"REST"}],"path_taken":["M","?","?","M","M","E","R","$","T","E","M","?"],"build_version":"2018-06-14v2","seed_source_timestamp":467581995170636,"purchased_purges":1,"victory":false,"master_deck":["Strike_B","Strike_B","Strike_B","Strike_B","Defend_B","Defend_B","Defend_B","Zap","Dualcast+1","Parasite","Recycle","Genetic Algorithm","Conserve Battery","Core Surge","Beam Cell"],"max_hp_per_floor":[75,75,75,80,80,80,80,80,80,80,80,80],"relics":["Cracked Core","Turnip","Toxic Egg 2","Omamori","Bottled Lightning","Tiny Chest"],"card_choices":[{"not_picked":["Stack","Rebound"],"picked":"Recycle","floor":1},{"not_picked":["Ball Lightning","Coolheaded"],"picked":"Genetic Algorithm","floor":4},{"not_picked":["Stack","Rip and Tear"],"picked":"Conserve Battery","floor":5},{"not_picked":["Compile Driver","Turbo","Reprogram"],"picked":"SKIP","floor":6},{"not_picked":["Turbo+1","Fission+1"],"picked":"Core Surge","floor":10},{"not_picked":["Force Field+1","Scrape"],"picked":"Beam Cell","floor":11}],"player_experience":281243,"potions_floor_usage":[4,6],"damage_taken":[{"damage":10,"enemies":"Small Slimes","floor":1,"turns":3},{"damage":4,"enemies":"Jaw Worm","floor":4,"turns":4},{"damage":0,"enemies":"Cultist","floor":5,"turns":3},{"damage":17,"enemies":"3 Sentries","floor":6,"turns":9},{"damage":42,"enemies":"Gremlin Nob","floor":10,"turns":5},{"damage":10,"enemies":"Gremlin Gang","floor":11,"turns":5},{"damage":10,"enemies":"Exordium Thugs","floor":12,"turns":1}],"relics_obtained":[{"floor":6,"key":"Toxic Egg 2"},{"floor":9,"key":"Bottled Lightning"},{"floor":10,"key":"Tiny Chest"}],"event_choices":[{"event_name":"World of Goop","player_choice":"Gather Gold","floor":2,"damage_taken":0},{"event_name":"Living Wall","player_choice":"Grow","floor":3,"damage_taken":0}],"boss_relics":[],"items_purged_floors":[8],"is_endless":false,"potions_floor_spawned":[1,4],"seed_played":"3445391037273974152","killed_by":"Exordium Thugs","ascension_level":2,"potions_obtained":[{"floor":1,"key":"Fruit Juice"},{"floor":4,"key":"Block Potion"}],"is_trial":false}