{"gold_per_floor":[368,223,237,248,198,198,223,223,223,223,398,410,429,429,429,429],"floor_reached":16,"playtime":467,"items_purged":["Shame"],"score":150,"play_id":"e50155cc-8458-4691-ab61-094a53ecf36e","local_time":"20180930163941","is_ascension_mode":true,"campfire_choices":[{"data":"Disarm","floor":6,"key":"SMITH"},{"data":"Limit Break","floor":8,"key":"SMITH"},{"floor":10,"key":"REST"},{"floor":15,"key":"REST"}],"neow_cost":"CURSE","seed_source_timestamp":31052212257229,"circlet_count":0,"master_deck":["Strike_R","Strike_R","Strike_R","Strike_R","Defend_R","Defend_R","Defend_R","Defend_R","Bash","AscendersBane","Shockwave","Disarm+1","Havoc","Limit Break+1","Doubt"],"relics":["Burning Blood","Incense Burner","Singing Bowl","Golden Idol"],"potions_floor_usage":[7,13,13],"damage_taken":[{"damage":6,"enemies":"Cultist","floor":1,"turns":3},{"damage":8,"enemies":"2 Louse","floor":3,"turns":3},{"damage":12,"enemies":"Small Slimes","floor":4,"turns":5},{"damage":38,"enemies":"3 Sentries","floor":7,"turns":9},{"damage":31,"enemies":"3 Louse","floor":12,"turns":5},{"damage":30,"enemies":"Large Slime","floor":13,"turns":9},{"damage":36,"enemies":"Hexaghost","floor":16,"turns":11}],"seed_played":"4252154427125223664","potions_obtained":[{"floor":1,"key":"GamblersBrew"},{"floor":4,"key":"Fire Potion"},{"floor":12,"key":"GamblersBrew"}],"is_trial":false,"path_per_floor":["M","$","M","M","?","R","E","R","T","R","?","M","M","?","R"],"character_chosen":"IRONCLAD","items_purchased":["Disarm"],"campfire_rested":2,"item_purchase_floors":[2],"current_hp_per_floor":[72,72,70,64,64,64,32,32,32,56,56,33,11,11,34,0],"gold":429,"neow_bonus":"TWO_FIFTY_GOLD","is_prod":false,"is_daily":false,"chose_seed":false,"campfire_upgraded":2,"win_rate":0,"timestamp":1538314781,"path_taken":["M","$","M","M","?","R","E","R","T","R","?","M","M","?","R","BOSS"],"build_version":"2018-09-27","purchased_purges":1,"victory":false,"max_hp_per_floor":[80,80,80,80,80,80,80,80,80,80,80,82,84,78,78,78],"card_choices":[{"not_picked":["Headbutt","Sword Boomerang"],"picked":"Shockwave","floor":1},{"not_picked":["Dual Wield","Armaments"],"picked":"Havoc","floor":3},{"not_picked":["Rage","Sword Boomerang","Clash"],"picked":"SKIP","floor":4},{"not_picked":["Entrench","Shrug It Off"],"picked":"Limit Break","floor":7},{"not_picked":["Entrench","Power Through","Cleave"],"picked":"Singing Bowl","floor":12},{"not_picked":["Clash","Warcry","True Grit"],"picked":"Singing Bowl","floor":13}],"player_experience":405134,"relics_obtained":[{"floor":7,"key":"Incense Burner"},{"floor":9,"key":"Singing Bowl"}],"event_choices":[{"event_name":"The Cleric","player_choice":"Card Removal","floor":5,"damage_taken":0},{"event_name":"Liars Game","player_choice":"agreed","floor":11,"damage_taken":0},{"event_name":"Golden Idol","player_choice":"Lose Max HP","floor":14,"damage_taken":0}],"is_beta":false,"boss_relics":[],"items_purged_floors":[2],"is_endless":false,"potions_floor_spawned":[1,4,12],"killed_by":"Hexaghost","ascension_level":10}