{"gold_per_floor":[111,11,11,11,11,45,55,81,81,181,11,24,43,55,55,156,156,167,42,55,75,92,92,92],"floor_reached":24,"playtime":5981,"items_purged":["Strike_B","Defend_B","Strike_B"],"score":233,"play_id":"26e86e4a-c1dc-485d-b831-9b23596aafc8","local_time":"20190119164007","is_ascension_mode":false,"campfire_choices":[{"floor":15,"key":"REST"},{"data":"Tempest","floor":23,"key":"SMITH"}],"neow_cost":"NONE","seed_source_timestamp":46302771295223,"circlet_count":0,"master_deck":["Strike_B","Defend_B","Defend_B","Defend_B","Zap","Dualcast","Leap","Leap","Loop","Coolheaded","Reprogram","Tempest+1","Coolheaded","Echo Form","Leap","Machine Learning","Static Discharge+1","Skim+1","Conserve Battery+1"],"relics":["FrozenCore","NeowsBlessing","Bottled Flame","Anchor","Shuriken"],"potions_floor_usage":[16,16,22],"damage_taken":[{"damage":0,"enemies":"Cultist","floor":1,"turns":1},{"damage":0,"enemies":"Gremlin Nob","floor":6,"turns":1},{"damage":0,"enemies":"Small Slimes","floor":7,"turns":1},{"damage":30,"enemies":"3 Sentries","floor":8,"turns":12},{"damage":0,"enemies":"2 Louse","floor":12,"turns":2},{"damage":20,"enemies":"Gremlin Gang","floor":13,"turns":7},{"damage":13,"enemies":"Lots of Slimes","floor":14,"turns":5},{"damage":15,"enemies":"The Guardian","floor":16,"turns":19},{"damage":7,"enemies":"Shell Parasite","floor":18,"turns":10},{"damage":4,"enemies":"Chosen","floor":20,"turns":6},{"damage":14,"enemies":"Snecko","floor":21,"turns":5},{"damage":5,"enemies":"Snake Plant","floor":22,"turns":4},{"damage":60,"enemies":"Gremlin Leader","floor":24,"turns":7}],"seed_played":"-1328378680002042616","potions_obtained":[{"floor":6,"key":"Weak Potion"},{"floor":8,"key":"PowerPotion"},{"floor":12,"key":"Strength Potion"},{"floor":14,"key":"Block Potion"}],"is_trial":false,"path_per_floor":["M","$","?","?","$","E","M","E","T","?","$","M","M","M","R","B",null,"M","$","M","M","M","R","E"],"character_chosen":"DEFECT","items_purchased":["Leap","Tempest"],"campfire_rested":1,"item_purchase_floors":[2,11],"current_hp_per_floor":[75,75,75,68,68,68,68,38,38,38,38,38,18,5,27,12,75,68,68,64,50,45,45,0],"gold":92,"neow_bonus":"THREE_ENEMY_KILL","is_prod":false,"is_daily":false,"chose_seed":false,"campfire_upgraded":1,"win_rate":0,"timestamp":1547937607,"path_taken":["M","?","?","?","$","E","M","E","T","?","$","M","M","M","R","BOSS","M","$","?","?","M","R","E"],"build_version":"2019-01-17v2","purchased_purges":3,"victory":false,"max_hp_per_floor":[75,75,75,75,75,75,75,75,75,75,75,75,75,75,75,75,75,75,75,75,75,75,75,75],"card_choices":[{"not_picked":["Turbo","Ball Lightning"],"picked":"Leap","floor":1},{"not_picked":["Leap","FTL"],"picked":"Loop","floor":6},{"not_picked":["Ball Lightning","Cold Snap"],"picked":"Coolheaded","floor":7},{"not_picked":["Beam Cell","Go for the Eyes"],"picked":"Reprogram","floor":8},{"not_picked":["Cold Snap","Leap"],"picked":"Coolheaded","floor":12},{"not_picked":["Steam","Fusion"],"picked":"Echo Form","floor":13},{"not_picked":["Redo","Sweeping Beam"],"picked":"Leap","floor":14},{"not_picked":["Rainbow","Echo Form"],"picked":"Machine Learning","floor":16},{"not_picked":["Scrape","Ball Lightning+1"],"picked":"Static Discharge+1","floor":18},{"not_picked":["Coolheaded","Stack"],"picked":"Skim+1","floor":20},{"not_picked":["Rebound","Consume","Storm"],"picked":"SKIP","floor":21},{"not_picked":["Scrape","Leap"],"picked":"Conserve Battery+1","floor":22}],"player_experience":200366,"relics_obtained":[{"floor":6,"key":"Bottled Flame"},{"floor":8,"key":"Anchor"},{"floor":9,"key":"Shuriken"}],"event_choices":[{"damage_healed":0,"gold_gain":0,"player_choice":"Leave","damage_taken":0,"max_hp_gain":0,"max_hp_loss":0,"event_name":"The Cleric","floor":3,"gold_loss":0},{"cards_removed":["Strike_B"],"damage_healed":0,"gold_gain":0,"player_choice":"Card Removal","damage_taken":7,"max_hp_gain":0,"max_hp_loss":0,"event_name":"Golden Wing","floor":4,"gold_loss":0},{"damage_healed":0,"gold_gain":100,"player_choice":"Pray","damage_taken":0,"max_hp_gain":0,"max_hp_loss":0,"event_name":"Golden Shrine","floor":10,"gold_loss":0}],"is_beta":false,"boss_relics":[{"not_picked":["Pandora\u0027s Box","White Beast Statue"],"picked":"FrozenCore"}],"items_purged_floors":[2,11,19],"is_endless":false,"potions_floor_spawned":[6,8,12,14],"killed_by":"Gremlin Leader","ascension_level":0}