{"gold_per_floor":[111,123,73,73,90,90,103,129,179,189,216,216],"floor_reached":12,"playtime":309,"items_purged":[],"score":100,"play_id":"dc80dbe5-4156-4ebb-8ce8-739c031e26bf","local_time":"20190403160415","is_ascension_mode":true,"campfire_choices":[{"floor":6,"key":"RECALL"}],"neow_cost":"NONE","seed_source_timestamp":30173377216600,"circlet_count":0,"master_deck":["Defend_G","Defend_G","Defend_G","Defend_G","Defend_G","Strike_G","Strike_G","Strike_G","Survivor","Neutralize","Prepared","Bane","Backflip","Poisoned Stab","Crippling Poison","Choke"],"relics":["Ring of the Snake","NeowsBlessing","Shuriken","Blood Vial"],"potions_floor_usage":[8,8],"damage_taken":[{"damage":0,"enemies":"Jaw Worm","floor":1,"turns":1},{"damage":0,"enemies":"Small Slimes","floor":2,"turns":1},{"damage":0,"enemies":"Cultist","floor":5,"turns":1},{"damage":4,"enemies":"3 Louse","floor":7,"turns":7},{"damage":33,"enemies":"Lagavulin","floor":8,"turns":7},{"damage":3,"enemies":"Looter","floor":10,"turns":3}],"seed_played":"4271476234215580399","potions_obtained":[{"floor":1,"key":"SteroidPotion"},{"floor":7,"key":"Fire Potion"},{"floor":8,"key":"GamblersBrew"}],"is_trial":false,"path_per_floor":["M","M","?","?","M","R","M","E","T","M","T","?"],"character_chosen":"THE_SILENT","items_purchased":[],"campfire_rested":0,"item_purchase_floors":[],"current_hp_per_floor":[70,70,70,63,63,63,59,26,26,23,23,0],"gold":216,"neow_bonus":"THREE_ENEMY_KILL","is_prod":false,"is_daily":false,"chose_seed":false,"campfire_upgraded":0,"win_rate":0,"timestamp":1554296655,"path_taken":["M","M","?","?","M","R","M","E","T","M","?","?"],"build_version":"2019-01-23","purchased_purges":0,"victory":false,"max_hp_per_floor":[70,70,70,70,70,70,70,70,70,70,70,70],"card_choices":[{"not_picked":["Backflip","Concentrate"],"picked":"Prepared","floor":1},{"not_picked":["Skewer","Finisher"],"picked":"Bane","floor":2},{"not_picked":["Tactician","Acrobatics"],"picked":"Backflip","floor":5},{"not_picked":["Escape Plan","PiercingWail"],"picked":"Poisoned Stab","floor":7},{"not_picked":["PiercingWail","Dagger Spray"],"picked":"Crippling Poison","floor":8},{"not_picked":["Escape Plan","Dagger Throw"],"picked":"Choke","floor":10}],"player_experience":518836,"relics_obtained":[{"floor":8,"key":"Shuriken"},{"floor":11,"key":"Blood Vial"}],"event_choices":[{"cards_removed":["Strike_G"],"damage_healed":0,"gold_gain":0,"player_choice":"Card Removal","damage_taken":0,"max_hp_gain":0,"max_hp_loss":0,"event_name":"The Cleric","floor":3,"gold_loss":50},{"cards_removed":["Strike_G"],"damage_healed":0,"gold_gain":0,"player_choice":"Card Removal","damage_taken":7,"max_hp_gain":0,"max_hp_loss":0,"event_name":"Golden Wing","floor":4,"gold_loss":0}],"is_beta":false,"boss_relics":[],"items_purged_floors":[],"is_endless":false,"potions_floor_spawned":[1,7,8],"ascension_level":5}