{"gold_per_floor":[110,110,134,134,153,153,153,153,153,191,204,219,232,15,15,15],"floor_reached":16,"playtime":595,"items_purged":["Strike_G"],"score":100,"play_id":"7a695eb2-b685-4f2a-8e86-402aec4ea213","local_time":"20190710203229","is_ascension_mode":false,"campfire_choices":[{"data":"Neutralize","floor":6,"key":"SMITH"},{"data":"Survivor","floor":8,"key":"SMITH"},{"floor":15,"key":"REST"}],"neow_cost":"NONE","seed_source_timestamp":28474109108017,"circlet_count":0,"master_deck":["Strike_G","Strike_G","Strike_G","Strike_G","Defend_G","Defend_G","Defend_G","Defend_G","Defend_G","Survivor+1","Neutralize+1","Blind","Reflex","Acrobatics","Backflip","Tactician","Burst","Heel Hook"],"relics":["Ring of the Snake","Golden Idol","PreservedInsect","Dream Catcher","Question Card","Nunchaku"],"potions_floor_usage":[10,12,16],"damage_taken":[{"damage":0,"enemies":"Cultist","floor":1,"turns":4},{"damage":3,"enemies":"Jaw Worm","floor":5,"turns":5},{"damage":15,"enemies":"3 Sentries","floor":10,"turns":11},{"damage":3,"enemies":"2 Louse","floor":11,"turns":3},{"damage":17,"enemies":"Exordium Wildlife","floor":12,"turns":8},{"damage":0,"enemies":"Red Slaver","floor":13,"turns":6},{"damage":33,"enemies":"The Guardian","floor":16,"turns":8}],"seed_played":"-2919996025176165807","potions_obtained":[{"floor":5,"key":"SkillPotion"},{"floor":10,"key":"Regen Potion"},{"floor":12,"key":"AttackPotion"}],"is_trial":false,"path_per_floor":["M","?","T","?","M","R","$","R","T","E","M","M","M","$","R","B"],"character_chosen":"THE_SILENT","items_purchased":["Burst"],"campfire_rested":1,"item_purchase_floors":[14],"current_hp_per_floor":[70,53,53,35,32,32,32,32,32,17,14,12,12,12,33,0],"gold":15,"neow_bonus":"RANDOM_COLORLESS","is_prod":false,"is_daily":false,"chose_seed":false,"campfire_upgraded":2,"win_rate":0,"timestamp":1562783549,"path_taken":["M","?","?","?","?","R","$","R","T","E","M","M","M","?","R","BOSS"],"build_version":"2019-07-05","purchased_purges":1,"victory":false,"max_hp_per_floor":[70,70,70,70,70,70,70,70,70,70,70,70,70,70,70,70],"card_choices":[{"not_picked":["PiercingWail","Setup"],"picked":"Reflex","floor":1},{"not_picked":["Well Laid Plans","Dash"],"picked":"Acrobatics","floor":5},{"not_picked":["Blade Dance","Malaise","Expertise"],"picked":"Backflip","floor":10},{"not_picked":["Dagger Spray","Blade Dance","Flying Knee","Bane"],"picked":"SKIP","floor":11},{"not_picked":["Quick Slash","Sucker Punch","Distraction"],"picked":"Tactician","floor":12},{"not_picked":["Backflip","Setup","Finisher","Cloak And Dagger"],"picked":"SKIP","floor":13},{"not_picked":["Dagger Throw","Catalyst","Night Terror"],"picked":"Heel Hook","floor":15}],"player_experience":67578,"relics_obtained":[{"floor":3,"key":"PreservedInsect"},{"floor":9,"key":"Question Card"},{"floor":10,"key":"Nunchaku"}],"event_choices":[{"damage_healed":0,"gold_gain":0,"player_choice":"Take Damage","damage_taken":17,"relics_obtained":["Golden Idol"],"max_hp_gain":0,"max_hp_loss":0,"event_name":"Golden Idol","floor":2,"gold_loss":0},{"damage_healed":0,"gold_gain":0,"player_choice":"Success","damage_taken":18,"relics_obtained":["Dream Catcher"],"max_hp_gain":0,"max_hp_loss":0,"event_name":"Scrap Ooze","floor":4,"gold_loss":0}],"is_beta":false,"boss_relics":[],"items_purged_floors":[14],"is_endless":false,"potions_floor_spawned":[5,10,12],"killed_by":"The Guardian","ascension_level":0}