{"path_per_floor":["M","?","M","M","M","R","E","R","T","M","M","R","M","M","R","B",null,"M","M","?","M","?","E","R","E","T","$","?","M","R","E","R"],"character_chosen":"IRONCLAD","items_purchased":["Lee\u0027s Waffle","Vajra"],"gold_per_floor":[110,110,120,132,144,144,178,178,178,188,198,198,210,230,230,335,335,348,361,286,301,301,334,334,361,361,15,15,35,35,61,61,61],"floor_reached":33,"campfire_rested":1,"playtime":1616,"current_hp_per_floor":[72,54,60,65,68,68,57,57,57,54,60,60,65,60,60,23,80,79,80,80,69,56,47,47,28,28,63,52,56,56,46,66,0],"items_purged":[],"gold":61,"score":366,"play_id":"f596727a-dbd2-4834-b5be-dc5d31adfbf2","local_time":"20180331225052","is_prod":false,"is_daily":false,"is_ascension_mode":true,"campfire_upgraded":6,"timestamp":1522525852,"path_taken":["M","?","M","M","?","R","E","R","T","M","M","R","M","M","R","BOSS","M","M","?","M","?","E","R","E","T","$","?","M","R","E","R","BOSS"],"build_version":"2018-03-29v2","purchased_purges":0,"victory":false,"master_deck":["Defend_R","Defend_R","Defend_R","Defend_R","Bash","Pommel Strike+1","Pommel Strike+1","Cleave+1","Shrug It Off+1","Offering+1","Cleave+1","Bite+1","Bite","Bite","Bite","Bite","Shrug It Off","Shrug It Off"],"max_hp_per_floor":[80,80,80,80,80,80,80,80,80,80,80,80,80,80,80,80,80,80,80,80,80,56,56,56,56,56,63,68,68,68,68,68,68],"relics":["Burning Blood","Gremlin Horn","Dream Catcher","Sundial","Sozu","Letter Opener","Bronze Scales","Unceasing Top","Lee\u0027s Waffle","Vajra","Art of War"],"card_choices":[{"not_picked":["Perfected Strike","Warcry"],"picked":"Pommel Strike","floor":1},{"not_picked":["Blood for Blood","Anger"],"picked":"Pommel Strike","floor":3},{"not_picked":["Clash","Combust"],"picked":"Cleave","floor":5},{"not_picked":["Body Slam","Warcry"],"picked":"Shrug It Off","floor":14},{"not_picked":["Feed","Reaper"],"picked":"Offering","floor":16},{"not_picked":["Pummel","Body Slam"],"picked":"Cleave","floor":21},{"not_picked":["Rage","Sword Boomerang"],"picked":"Shrug It Off","floor":29},{"not_picked":["Evolve","Pummel"],"picked":"Shrug It Off","floor":31}],"player_experience":164108,"potions_floor_usage":[11,11,16,16,19],"damage_taken":[{"damage":14,"enemies":"2 Louse","floor":1,"turns":3},{"damage":0,"enemies":"Small Slimes","floor":3,"turns":2},{"damage":1,"enemies":"Cultist","floor":4,"turns":3},{"damage":3,"enemies":"3 Louse","floor":5,"turns":2},{"damage":17,"enemies":"3 Sentries","floor":7,"turns":5},{"damage":9,"enemies":"Blue Slaver","floor":10,"turns":4},{"damage":0,"enemies":"Large Slime","floor":11,"turns":4},{"damage":1,"enemies":"2 Fungi Beasts","floor":13,"turns":2},{"damage":11,"enemies":"Blue Slaver","floor":14,"turns":3},{"damage":43,"enemies":"Slime Boss","floor":16,"turns":10},{"damage":7,"enemies":"3 Byrds","floor":18,"turns":2},{"damage":4,"enemies":"Spheric Guardian","floor":19,"turns":3},{"damage":17,"enemies":"Snake Plant","floor":21,"turns":2},{"damage":21,"enemies":"Gremlin Leader","floor":23,"turns":4},{"damage":47,"enemies":"Book of Stabbing","floor":25,"turns":6},{"damage":16,"enemies":"Cultist and Chosen","floor":29,"turns":3},{"damage":30,"enemies":"Slavers","floor":31,"turns":4},{"damage":93,"enemies":"Champ","floor":33,"turns":13}],"event_choices":[{"event_name":"Scrap Ooze","player_choice":"success","floor":2,"damage_taken":18},{"event_name":"Beggar","player_choice":"Gave Gold","floor":20,"damage_taken":0},{"event_name":"Vampires","player_choice":"Became a vampire","floor":22,"damage_taken":0},{"event_name":"Forgotten Altar","player_choice":"Shed Blood","floor":28,"damage_taken":0}],"boss_relics":[{"not_picked":["Black Blood","Orrery"],"picked":"Sozu"}],"potions_floor_spawned":[4,10,11,13,16,18,23],"seed_played":"4844736144188516901","killed_by":"Champ","ascension_level":2,"is_trial":false}