{"gold_per_floor":[117,117,117,128,128,128,158,158,236,236,256,9,9,42,42,141,141,153,163,163,163,177,177,190,45,45,56,56],"floor_reached":28,"playtime":816,"items_purged":[],"score":326,"play_id":"67ecce53-68d8-496a-a7c3-9e7aff1ab956","local_time":"20190504193432","is_ascension_mode":true,"campfire_choices":[{"data":"Zap","floor":6,"key":"SMITH"},{"data":"Gash","floor":8,"key":"SMITH"},{"data":"Dualcast","floor":10,"key":"SMITH"},{"data":"Gash","floor":13,"key":"SMITH"},{"floor":15,"key":"REST"},{"floor":23,"key":"REST"}],"neow_cost":"NONE","seed_source_timestamp":30172890848000,"circlet_count":0,"master_deck":["Strike_B","Strike_B","Strike_B","Strike_B","Defend_B","Defend_B","Defend_B","Defend_B","Zap+1","Dualcast+1","Auto Shields","Gash+1","Gash+1","Machine Learning","Creative AI","White Noise","Scrape"],"relics":["FrozenCore","NeowsBlessing","Blood Vial","Symbiotic Virus","Omamori","Bottled Flame","Chemical X","Bronze Scales","Bag of Preparation"],"potions_floor_usage":[14,14,16,24,28],"damage_taken":[{"damage":0,"enemies":"Small Slimes","floor":1,"turns":1},{"damage":0,"enemies":"Cultist","floor":4,"turns":1},{"damage":0,"enemies":"Gremlin Nob","floor":7,"turns":1},{"damage":11,"enemies":"2 Louse","floor":11,"turns":3},{"damage":12,"enemies":"Lagavulin","floor":14,"turns":5},{"damage":17,"enemies":"Slime Boss","floor":16,"turns":9},{"damage":29,"enemies":"Shell Parasite","floor":18,"turns":7},{"damage":14,"enemies":"3 Byrds","floor":19,"turns":4},{"damage":6,"enemies":"Snecko","floor":22,"turns":5},{"damage":12,"enemies":"Snake Plant","floor":24,"turns":4},{"damage":12,"enemies":"Chosen and Byrds","floor":27,"turns":8},{"damage":24,"enemies":"Gremlin Leader","floor":28,"turns":6}],"seed_played":"-1619074810976702754","potions_obtained":[{"floor":1,"key":"AttackPotion"},{"floor":4,"key":"Block Potion"},{"floor":7,"key":"Poison Potion"},{"floor":22,"key":"Block Potion"},{"floor":27,"key":"EssenceOfSteel"}],"is_trial":false,"path_per_floor":["M","?","?","M","?","R","E","R","T","R","M","$","R","E","R","B",null,"M","M","?","?","M","R","M","$","T","M","E"],"character_chosen":"DEFECT","items_purchased":["Chemical X","Gash","Bag of Preparation"],"campfire_rested":2,"item_purchase_floors":[12,12,25],"current_hp_per_floor":[68,68,68,70,52,52,54,54,54,54,45,45,45,35,57,42,67,40,28,14,14,10,34,24,24,24,14,0],"gold":56,"neow_bonus":"THREE_ENEMY_KILL","is_prod":false,"is_daily":false,"chose_seed":false,"campfire_upgraded":4,"win_rate":0,"timestamp":1556987672,"path_taken":["M","?","?","?","?","R","E","R","T","R","M","$","R","E","R","BOSS","M","M","?","?","M","R","M","$","T","?","E"],"build_version":"2019-01-23","purchased_purges":0,"victory":false,"max_hp_per_floor":[75,75,75,75,75,75,75,75,75,75,75,75,75,75,75,75,75,75,75,80,80,80,80,80,80,80,80,80],"card_choices":[{"not_picked":["Skim","Consume"],"picked":"Auto Shields","floor":1},{"not_picked":["Reinforced Body","Streamline"],"picked":"Gash","floor":4},{"not_picked":["Sweeping Beam","Thunder Strike","Cold Snap"],"picked":"SKIP","floor":7},{"not_picked":["Ball Lightning","Turbo","Leap"],"picked":"SKIP","floor":11},{"not_picked":["Hologram","Turbo"],"picked":"Machine Learning","floor":14},{"not_picked":["Fission","Biased Cognition"],"picked":"Creative AI","floor":16},{"not_picked":["Skim","Barrage+1","Steam"],"picked":"SKIP","floor":18},{"not_picked":["Storm","Rebound","Aggregate"],"picked":"SKIP","floor":19},{"not_picked":["Recycle","Glacier"],"picked":"White Noise","floor":22},{"not_picked":["Hologram+1","Streamline","Conserve Battery"],"picked":"SKIP","floor":24},{"not_picked":["Sunder","Beam Cell"],"picked":"Scrape","floor":27}],"player_experience":601576,"relics_obtained":[{"floor":7,"key":"Omamori"},{"floor":9,"key":"Bottled Flame"},{"floor":14,"key":"Bronze Scales"}],"event_choices":[{"damage_healed":0,"gold_gain":0,"player_choice":"Box","damage_taken":0,"relics_obtained":["Blood Vial"],"max_hp_gain":0,"max_hp_loss":0,"event_name":"Big Fish","floor":2,"gold_loss":0,"cards_obtained":["Regret"]},{"damage_healed":0,"gold_gain":0,"player_choice":"Bought 0 Potions","damage_taken":0,"max_hp_gain":0,"max_hp_loss":0,"event_name":"The Woman in Blue","floor":3,"gold_loss":0},{"damage_healed":0,"gold_gain":0,"player_choice":"Success","damage_taken":18,"relics_obtained":["Symbiotic Virus"],"max_hp_gain":0,"max_hp_loss":0,"event_name":"Scrap Ooze","floor":5,"gold_loss":0},{"damage_healed":0,"gold_gain":0,"player_choice":"Shed Blood","damage_taken":19,"max_hp_gain":5,"max_hp_loss":0,"event_name":"Forgotten Altar","floor":20,"gold_loss":0},{"cards_removed":["Regret"],"damage_healed":0,"gold_gain":0,"player_choice":"Removed Curses","damage_taken":0,"max_hp_gain":0,"max_hp_loss":0,"event_name":"Fountain of Cleansing","floor":21,"gold_loss":0}],"is_beta":false,"boss_relics":[{"not_picked":["Coffee Dripper","Velvet Choker"],"picked":"FrozenCore"}],"items_purged_floors":[],"is_endless":false,"potions_floor_spawned":[1,4,7,22,27],"killed_by":"Gremlin Leader","ascension_level":6}