{"path_per_floor":["M","?","M","?","?","R","E","R","T","E","M","M","$","M","R"],"character_chosen":"DEFECT","items_purchased":["FairyPotion","Block Potion"],"gold_per_floor":[118,68,80,80,80,80,105,105,105,132,146,160,12,27,27,27],"floor_reached":16,"campfire_rested":3,"playtime":621,"item_purchase_floors":[13,13],"current_hp_per_floor":[67,67,54,54,54,75,35,57,57,33,26,19,19,19,41,0],"items_purged":[],"gold":27,"score":121,"play_id":"5731bb8d-89bb-4238-9aa5-73db115e3e5a","local_time":"20180614195330","is_prod":false,"is_daily":false,"chose_seed":false,"is_ascension_mode":true,"campfire_upgraded":0,"win_rate":0,"timestamp":1528995210,"campfire_choices":[{"floor":6,"key":"REST"},{"floor":8,"key":"REST"},{"floor":15,"key":"REST"}],"path_taken":["M","?","M","?","?","R","E","R","T","E","M","M","$","?","R","BOSS"],"build_version":"2018-06-07v3","seed_source_timestamp":42997549977281,"purchased_purges":0,"victory":false,"master_deck":["Strike_B","Strike_B","Strike_B","Defend_B","Defend_B","Defend_B","Defend_B","Zap","Dualcast","Capacitor+1","Skim","Defragment","Lockon","Conserve Battery","Recycle"],"max_hp_per_floor":[75,75,75,75,75,75,75,75,75,75,75,75,75,75,75,75],"relics":["Cracked Core","Omamori","Thread and Needle","Boot","Darkstone Periapt","Potion Belt"],"card_choices":[{"not_picked":["Aggregate","Streamline"],"picked":"Capacitor","floor":1},{"not_picked":["Steam Power","Leap"],"picked":"Skim","floor":3},{"not_picked":["Streamline","Turbo"],"picked":"Defragment","floor":7},{"not_picked":["Streamline","Auto Shields"],"picked":"Lockon","floor":10},{"not_picked":["Cold Snap","Hologram","Turbo"],"picked":"SKIP","floor":11},{"not_picked":["Beam Cell","Reinforced Body"],"picked":"Conserve Battery","floor":12},{"not_picked":["Go for the Eyes","Ball Lightning"],"picked":"Recycle","floor":14}],"player_experience":262136,"potions_floor_usage":[7,10,12,14],"damage_taken":[{"damage":8,"enemies":"Small Slimes","floor":1,"turns":3},{"damage":13,"enemies":"2 Louse","floor":3,"turns":3},{"damage":40,"enemies":"Lagavulin","floor":7,"turns":9},{"damage":24,"enemies":"Gremlin Nob","floor":10,"turns":5},{"damage":7,"enemies":"Cultist","floor":11,"turns":4},{"damage":7,"enemies":"Blue Slaver","floor":12,"turns":4},{"damage":0,"enemies":"Lots of Slimes","floor":14,"turns":5},{"damage":52,"enemies":"Hexaghost","floor":16,"turns":10}],"relics_obtained":[{"floor":7,"key":"Boot"},{"floor":9,"key":"Darkstone Periapt"},{"floor":10,"key":"Potion Belt"}],"event_choices":[{"event_name":"The Cleric","player_choice":"Card Removal","floor":2,"damage_taken":0},{"event_name":"Accursed Blacksmith","player_choice":"Rummage","floor":4,"damage_taken":0},{"event_name":"Living Wall","player_choice":"Grow","floor":5,"damage_taken":0}],"boss_relics":[],"items_purged_floors":[],"potions_floor_spawned":[1,7,10],"seed_played":"-4899965893657786706","killed_by":"Hexaghost","ascension_level":2,"potions_obtained":[{"floor":1,"key":"GamblersBrew"},{"floor":7,"key":"AttackPotion"},{"floor":10,"key":"SpeedPotion"}],"is_trial":false}