{"path_per_floor":["M","?","?","$","M","R","E","M","T","R","$","M","?","M","R","B",null,"M","?","$","?","M","R","M","R","T","R","M","?","$","M","R","B",null,"M","?","$","M","?","R","E","R","T","E","?"],"character_chosen":"IRONCLAD","items_purchased":["Pen Nib","Energy Potion"],"gold_per_floor":[115,115,115,40,51,51,82,99,399,399,148,167,117,137,137,237,237,192,192,67,67,67,67,67,67,67,67,67,67,18,18,18,18,18,18,18,18,18,18,18,18,18,18,18,18,18],"floor_reached":46,"campfire_rested":0,"playtime":1275,"current_hp_per_floor":[80,64,64,64,68,68,73,80,80,80,80,80,80,80,80,62,80,76,76,76,76,73,73,86,86,86,86,84,84,84,90,90,94,94,94,82,82,90,90,90,89,89,89,13,4,0],"items_purged":["Strike_R","Strike_R","Defend_R"],"gold":18,"score":521,"play_id":"af78a8e6-81d9-4e8d-9ced-7e7b56c22d67","local_time":"20180402213200","is_prod":false,"is_daily":false,"is_ascension_mode":true,"campfire_upgraded":9,"timestamp":1522693920,"path_taken":["M","?","?","$","M","R","E","?","T","R","$","M","?","?","R","BOSS","M","?","?","?","?","R","M","R","T","R","M","?","$","M","R","BOSS","M","?","$","M","?","R","E","R","T","E","?","?"],"build_version":"2018-03-29v2","purchased_purges":3,"victory":false,"master_deck":["Strike_R+1","Defend_R","Defend_R+1","Bash+1","Inflame+1","Inflame+1","Reaper+1","Twin Strike+1","Inflame+1","Feed+1","Reaper+1","Disarm","Double Tap+1","Offering","Madness+1","Madness","Sword Boomerang","Seeing Red+1"],"max_hp_per_floor":[80,80,80,80,80,80,80,80,80,80,80,80,80,80,80,80,80,83,83,83,83,83,83,86,86,86,86,86,86,86,90,90,94,94,94,94,94,94,94,94,94,94,94,94,94,94],"relics":["Burning Blood","Prayer Wheel","Anchor","Old Coin","Pen Nib","Ectoplasm","Whetstone","White Beast Statue","Tiny Chest","Blood Vial","Mercury Hourglass"],"card_choices":[{"not_picked":["True Grit","Dropkick"],"picked":"Inflame","floor":1},{"not_picked":["Iron Wave","Reckless Charge"],"picked":"Inflame","floor":5},{"not_picked":["Clothesline","Cleave"],"picked":"Reaper","floor":7},{"not_picked":["Heavy Blade","Armaments"],"picked":"Twin Strike","floor":12},{"not_picked":["Thunderclap","Sword Boomerang"],"picked":"Inflame","floor":14},{"not_picked":["Immolate","Barricade"],"picked":"Feed","floor":16},{"not_picked":["Iron Wave","Ghostly Armor"],"picked":"Disarm","floor":28},{"not_picked":["Dark Embrace","Feed"],"picked":"Offering","floor":33},{"not_picked":["Inflame","Body Slam"],"picked":"Seeing Red","floor":41}],"player_experience":172651,"potions_floor_usage":[7,7,12,16,16,22,31,33,41,44,46,46],"damage_taken":[{"damage":1,"enemies":"Cultist","floor":1,"turns":4},{"damage":2,"enemies":"Small Slimes","floor":5,"turns":4},{"damage":10,"enemies":"Lagavulin","floor":7,"turns":7},{"damage":3,"enemies":"2 Louse","floor":8,"turns":3},{"damage":6,"enemies":"Looter","floor":12,"turns":3},{"damage":5,"enemies":"Blue Slaver","floor":14,"turns":3},{"damage":36,"enemies":"The Guardian","floor":16,"turns":7},{"damage":13,"enemies":"2 Thieves","floor":18,"turns":3},{"damage":27,"enemies":"Chosen","floor":22,"turns":5},{"damage":36,"enemies":"3 Cultists","floor":24,"turns":5},{"damage":27,"enemies":"Slaver and Parasite","floor":28,"turns":4},{"damage":3,"enemies":"Snake Plant","floor":31,"turns":3},{"damage":40,"enemies":"Collector","floor":33,"turns":5},{"damage":5,"enemies":"Orb Walker","floor":35,"turns":2},{"damage":33,"enemies":"3 Shapes","floor":38,"turns":3},{"damage":18,"enemies":"Giant Head","floor":41,"turns":5},{"damage":84,"enemies":"Nemesis","floor":44,"turns":5},{"damage":8,"enemies":"Sphere and 2 Shapes","floor":46,"turns":2}],"event_choices":[{"event_name":"Shining Light","player_choice":"Entered Light","floor":2,"damage_taken":0},{"event_name":"Living Wall","player_choice":"Forget","floor":3,"damage_taken":0},{"event_name":"The Cleric","player_choice":"Card Removal","floor":13,"damage_taken":0},{"event_name":"Drug Dealer","player_choice":"Ignored","floor":19,"damage_taken":0},{"event_name":"Duplicator","player_choice":"One dupe","floor":21,"damage_taken":0},{"event_name":"Match and Keep!","player_choice":"1 cards matched","floor":29,"damage_taken":0},{"event_name":"Winding Halls","player_choice":"Embrace Madness","floor":36,"damage_taken":0},{"event_name":"Transmorgrifier","player_choice":"Transform","floor":39,"damage_taken":0},{"event_name":"Wheel of Change","player_choice":"Damage","floor":45,"damage_taken":0}],"boss_relics":[{"not_picked":["Velvet Choker","Eternal Feather"],"picked":"Ectoplasm"},{"not_picked":["Tiny House","Pandora\u0027s Box"],"picked":"White Beast Statue"}],"potions_floor_spawned":[1,5,8,12,14,18,28,33,35,38,41,44],"seed_played":"2355008619519111714","killed_by":"Sphere and 2 Shapes","ascension_level":2,"is_trial":false}