{"gold_per_floor":[113,113,38,56,6,24,24,24,24,55,55,65,65,84,84,84],"floor_reached":16,"playtime":375,"items_purged":["Bash"],"score":145,"play_id":"2fc1ed7c-94bc-4b8f-9c21-dc3f9387fceb","local_time":"20180929152546","is_ascension_mode":true,"campfire_choices":[{"data":"Whirlwind","floor":8,"key":"SMITH"},{"floor":13,"key":"REST"},{"data":"Flex","floor":15,"key":"SMITH"}],"neow_cost":"NONE","seed_source_timestamp":713251841423836,"circlet_count":0,"master_deck":["Strike_R","Strike_R","Strike_R","Strike_R","Defend_R","Defend_R","Defend_R","Defend_R","Whirlwind+1","Flex+1","Flex"],"relics":["Burning Blood","Boot","Darkstone Periapt","Mummified Hand"],"potions_floor_usage":[6,10,10,14],"damage_taken":[{"damage":14,"enemies":"Jaw Worm","floor":1,"turns":3},{"damage":0,"enemies":"2 Louse","floor":4,"turns":1},{"damage":11,"enemies":"Cultist","floor":6,"turns":4},{"damage":15,"enemies":"3 Sentries","floor":10,"turns":3},{"damage":16,"enemies":"Blue Slaver","floor":12,"turns":3},{"damage":5,"enemies":"Lots of Slimes","floor":14,"turns":2},{"damage":75,"enemies":"The Guardian","floor":16,"turns":14}],"seed_played":"-4429075640816711134","potions_obtained":[{"floor":4,"key":"PowerPotion"},{"floor":7,"key":"FairyPotion"},{"floor":7,"key":"SkillPotion"},{"floor":7,"key":"AttackPotion"},{"floor":10,"key":"SteroidPotion"}],"is_trial":false,"path_per_floor":["M","?","$","M","$","M","?","R","T","E","$","M","R","M","R"],"character_chosen":"IRONCLAD","items_purchased":["Flex"],"campfire_rested":1,"item_purchase_floors":[5],"current_hp_per_floor":[64,57,57,63,63,58,58,58,58,49,49,39,63,64,64,0],"gold":84,"neow_bonus":"RANDOM_COMMON_RELIC","is_prod":false,"is_daily":false,"chose_seed":false,"campfire_upgraded":2,"win_rate":0,"timestamp":1538223946,"path_taken":["M","?","$","?","$","M","?","R","T","E","?","?","R","M","R","BOSS"],"build_version":"2018-09-27","purchased_purges":1,"victory":false,"max_hp_per_floor":[80,80,80,80,80,80,80,80,80,80,80,80,80,80,80,80],"card_choices":[{"not_picked":["Wild Strike","Perfected Strike"],"picked":"Whirlwind","floor":1},{"not_picked":["Wild Strike","Burning Pact","Spot Weakness"],"picked":"SKIP","floor":4},{"not_picked":["Rupture","Havoc","Combust"],"picked":"SKIP","floor":6},{"not_picked":["Headbutt","Body Slam","Havoc"],"picked":"SKIP","floor":10},{"not_picked":["Twin Strike","Power Through","Armaments"],"picked":"SKIP","floor":12},{"not_picked":["Power Through","Juggernaut"],"picked":"Flex","floor":14}],"player_experience":393878,"relics_obtained":[{"floor":9,"key":"Darkstone Periapt"},{"floor":10,"key":"Mummified Hand"}],"event_choices":[{"event_name":"Golden Wing","player_choice":"Card Removal","floor":2,"damage_taken":0},{"event_name":"The Lab","player_choice":"Got Potions","floor":7,"damage_taken":0}],"is_beta":false,"boss_relics":[],"items_purged_floors":[3],"is_endless":false,"potions_floor_spawned":[4,10],"killed_by":"The Guardian","ascension_level":9}