{"gold_per_floor":[11,11,11,30,30,57,57,57,57,75,100,25,25,25,25,124,124,134,59,86,86,86,111,111,136,136,156,156,173,173,199,199,298,298,308,308,308,327,337,337,348,348,373,175,190,190],"floor_reached":46,"playtime":1637,"items_purged":["Pain","Normality"],"score":558,"play_id":"3a820bea-5e15-4b5b-9018-c79b08518916","local_time":"20180924171243","is_ascension_mode":true,"campfire_choices":[{"data":"Neutralize","floor":8.0,"key":"SMITH"},{"floor":13.0,"key":"REST"},{"data":"Poisoned Stab","floor":15.0,"key":"SMITH"},{"floor":24.0,"key":"REST"},{"floor":30.0,"key":"REST"},{"data":"Tactician","floor":32.0,"key":"SMITH"},{"data":"After Image","floor":40.0,"key":"SMITH"},{"floor":42.0,"key":"REST"}],"neow_cost":"NO_GOLD","seed_source_timestamp":0,"circlet_count":0,"master_deck":["Defend_G","Defend_G","Defend_G","Defend_G","Strike_G","Survivor","Neutralize+1","Deadly Poison","Tactician+1","Poisoned Stab","Poisoned Stab+1","Corpse Explosion","After Image+1","Regret","Injury","Mayhem+1","Dramatic Entrance","Prepared+1"],"special_seed":0,"relics":["Ring of the Snake","WarpedTongs","Bronze Scales","Singing Bowl","Empty Cage","Smiling Mask","Nloth\u0027s Gift","Bag of Preparation","Bag of Marbles","Lantern","FaceOfCleric","Snake Skull","Calling Bell","Boot","Du-Vu Doll","Frozen Egg 2","Ancient Tea Set","Juzu Bracelet"],"potions_floor_usage":[],"damage_taken":[{"damage":0.0,"enemies":"Cultist","floor":1.0,"turns":4.0},{"damage":5.0,"enemies":"2 Louse","floor":4.0,"turns":3.0},{"damage":30.0,"enemies":"Gremlin Nob","floor":6.0,"turns":5.0},{"damage":4.0,"enemies":"Jaw Worm","floor":10.0,"turns":4.0},{"damage":23.0,"enemies":"3 Sentries","floor":11.0,"turns":7.0},{"damage":19.0,"enemies":"Hexaghost","floor":16.0,"turns":9.0},{"damage":2.0,"enemies":"Shell Parasite","floor":18.0,"turns":4.0},{"damage":54.0,"enemies":"Gremlin Leader","floor":23.0,"turns":7.0},{"damage":28.0,"enemies":"Slavers","floor":25.0,"turns":3.0},{"damage":0.0,"enemies":"Chosen","floor":27.0,"turns":3.0},{"damage":6.0,"enemies":"Snake Plant","floor":29.0,"turns":4.0},{"damage":46.0,"enemies":"Automaton","floor":33.0,"turns":8.0},{"damage":2.0,"enemies":"3 Shapes","floor":35.0,"turns":5.0},{"damage":17.0,"enemies":"Orb Walker","floor":38.0,"turns":3.0},{"damage":21.0,"enemies":"Reptomancer","floor":39.0,"turns":4.0},{"damage":6.0,"enemies":"Maw","floor":41.0,"turns":7.0},{"damage":29.0,"enemies":"3 Darklings","floor":45.0,"turns":2.0},{"damage":63,"enemies":"Nemesis","floor":46,"turns":5}],"seed_played":"-2819676935880992363","potions_obtained":[{"floor":1.0,"key":"Energy Potion"},{"floor":10.0,"key":"Fire Potion"},{"floor":16.0,"key":"Dexterity Potion"},{"floor":27.0,"key":"Weak Potion"},{"floor":29.0,"key":"Poison Potion"},{"floor":33.0,"key":"SteroidPotion"},{"floor":39.0,"key":"EssenceOfSteel"},{"floor":41.0,"key":"SteroidPotion"}],"is_trial":false,"path_per_floor":["M","$","?","M","$","E","$","R","T","M","E","$","R","?","R","B",null,"M","?","T","?","?","E","R","E","T","M","?","M","R","T","R","B",null,"M","?","?","M","M","R","M","R","T","$","M"],"character_chosen":"THE_SILENT","items_purchased":["Juzu Bracelet"],"campfire_rested":4,"item_purchase_floors":[44],"current_hp_per_floor":[70,70,70,65,65,45,45,45,45,41,18,18,42,80,80,61,80,80,80,80,80,80,28,53,27,27,29,29,26,53,53,53,8,92,93,93,85,71,53,53,50,81,81,81,53,0],"gold":190,"neow_bonus":"REMOVE_TWO","is_prod":false,"is_daily":false,"chose_seed":false,"campfire_upgraded":4,"win_rate":0,"timestamp":1537798363,"path_taken":["M","?","?","M","$","E","?","R","T","M","E","?","R","?","R","BOSS","M","?","?","?","?","E","R","E","T","M","?","M","R","?","R","BOSS","M","?","?","M","M","R","M","R","T","?","M","E"],"build_version":"2018-09-20","purchased_purges":2,"victory":false,"max_hp_per_floor":[70,70,70,70,70,80,80,80,80,80,80,80,80,80,80,80,80,82,82,82,82,82,84,84,86,86,88,88,91,91,91,91,92,92,95,95,97,100,103,103,106,106,106,106,107,107],"card_choices":[{"not_picked":["Reflex","Caltrops"],"picked":"Deadly Poison","floor":1.0},{"not_picked":["Sucker Punch","Dagger Throw","Expertise"],"picked":"SKIP","floor":4.0},{"not_picked":["Unload","Skewer"],"picked":"Tactician","floor":6.0},{"not_picked":["Riddle With Holes","PiercingWail"],"picked":"Poisoned Stab","floor":10.0},{"not_picked":["Acrobatics","Cloak And Dagger"],"picked":"Poisoned Stab","floor":11.0},{"not_picked":["Malaise","Venomology"],"picked":"Corpse Explosion","floor":16.0},{"not_picked":["PiercingWail","Underhanded Strike","Choke"],"picked":"Singing Bowl","floor":18.0},{"not_picked":["Predator","Tools of the Trade","Night Terror"],"picked":"Singing Bowl","floor":23.0},{"not_picked":["Venomology","Endless Agony","PiercingWail+1"],"picked":"Singing Bowl","floor":25.0},{"not_picked":["Sucker Punch","Flying Knee","Blade Dance"],"picked":"Singing Bowl","floor":27.0},{"not_picked":["Cloak And Dagger","Poisoned Stab","Concentrate"],"picked":"Singing Bowl","floor":29.0},{"not_picked":["Die Die Die","Corpse Explosion"],"picked":"After Image","floor":33.0},{"not_picked":["Dodge and Roll","Quick Slash+1","Dagger Throw+1"],"picked":"Singing Bowl","floor":35.0},{"not_picked":["Enlightenment","Swift Strike"],"picked":"Mayhem+1","floor":37.0},{"not_picked":["Dark Shackles","Forethought","Impatience"],"picked":"Singing Bowl","floor":37.0},{"not_picked":["Finesse","Dark Shackles"],"picked":"Dramatic Entrance","floor":37.0},{"not_picked":["Poisoned Stab","Sucker Punch","Underhanded Strike"],"picked":"Singing Bowl","floor":38.0},{"not_picked":["Backflip","Reflex","Poisoned Stab"],"picked":"Singing Bowl","floor":39.0},{"not_picked":["Deflect+1","PiercingWail","Riddle With Holes+1"],"picked":"Singing Bowl","floor":41.0},{"not_picked":["Grand Finale","Masterful Stab+1"],"picked":"Prepared+1","floor":45.0}],"player_experience":373684,"relics_obtained":[{"floor":6.0,"key":"Pear"},{"floor":9.0,"key":"Bronze Scales"},{"floor":11.0,"key":"Singing Bowl"},{"floor":20.0,"key":"Smiling Mask"},{"floor":23.0,"key":"Bag of Preparation"},{"floor":25.0,"key":"Bag of Marbles"},{"floor":26.0,"key":"Lantern"},{"floor":31.0,"key":"Snake Skull"},{"floor":34.0,"key":"Boot"},{"floor":34.0,"key":"Du-Vu Doll"},{"floor":34.0,"key":"Frozen Egg 2"},{"floor":43.0,"key":"Ancient Tea Set"}],"event_choices":[{"event_name":"Accursed Blacksmith","player_choice":"Rummage","floor":3.0,"damage_taken":0.0},{"event_name":"Wheel of Change","player_choice":"Full Heal","floor":14.0,"damage_taken":0.0},{"event_name":"Beggar","player_choice":"Gave Gold","floor":19.0,"damage_taken":0.0},{"event_name":"N\u0027loth","player_choice":"Traded a Pear","floor":21.0,"damage_taken":0.0},{"event_name":"Match and Keep!","player_choice":"0 cards matched","floor":22.0,"damage_taken":0.0},{"event_name":"FaceTrader","player_choice":"Trade","floor":28.0,"damage_taken":0.0},{"event_name":"Tomb of Lord Red Mask","player_choice":"Ignored","floor":36.0,"damage_taken":0.0},{"event_name":"SensoryStone","player_choice":"Memory 3","floor":37.0,"damage_taken":0.0}],"is_beta":false,"boss_relics":[{"not_picked":["Coffee Dripper","Pandora\u0027s Box"],"picked":"Empty Cage"},{"not_picked":["Philosopher\u0027s Stone","Velvet Choker"],"picked":"Calling Bell"}],"items_purged_floors":[12,44],"is_endless":false,"potions_floor_spawned":[1,10,16,27,29,33,39,41],"killed_by":"Nemesis","ascension_level":2}