{"gold_per_floor":[116,127,127,127,146,181,181,201,201,0,16,16,59,59,59,59],"floor_reached":16,"playtime":557,"items_purged":[],"score":110,"play_id":"97e8f644-d476-42dd-953b-91e2f229a901","local_time":"20190710202224","is_ascension_mode":false,"campfire_choices":[{"data":"Neutralize","floor":7,"key":"SMITH"},{"data":"Acrobatics","floor":12,"key":"SMITH"},{"floor":15,"key":"REST"}],"neow_cost":"NONE","seed_source_timestamp":27907212930591,"circlet_count":0,"master_deck":["Strike_G","Strike_G","Strike_G","Strike_G","Defend_G","Defend_G","Defend_G","Defend_G","Defend_G","Survivor","Neutralize+1","Backstab","PiercingWail","Backstab","Tactician","Acrobatics+1","Calculated Gamble"],"relics":["Ring of the Snake","Golden Idol","Snake Skull","TwistedFunnel","Mercury Hourglass","GremlinMask"],"potions_floor_usage":[6,6],"damage_taken":[{"damage":0,"enemies":"2 Louse","floor":1,"turns":2},{"damage":0,"enemies":"Small Slimes","floor":2,"turns":2},{"damage":0,"enemies":"Cultist","floor":5,"turns":5},{"damage":8,"enemies":"3 Sentries","floor":6,"turns":14},{"damage":6,"enemies":"Gremlin Gang","floor":8,"turns":6},{"damage":0,"enemies":"Large Slime","floor":11,"turns":8},{"damage":24,"enemies":"Lagavulin","floor":13,"turns":7},{"damage":30,"enemies":"Slime Boss","floor":16,"turns":3}],"seed_played":"-2969761925404526334","potions_obtained":[{"floor":0,"key":"SpeedPotion"},{"floor":0,"key":"SmokeBomb"},{"floor":0,"key":"Energy Potion"},{"floor":2,"key":"SkillPotion"},{"floor":5,"key":"EssenceOfSteel"},{"floor":11,"key":"SteroidPotion"},{"floor":13,"key":"Explosive Potion"}],"is_trial":false,"path_per_floor":["M","M","?","?","M","E","R","M","T","$","M","R","E","?","R","B"],"character_chosen":"THE_SILENT","items_purchased":["TwistedFunnel"],"campfire_rested":1,"item_purchase_floors":[10],"current_hp_per_floor":[70,70,53,46,46,38,38,32,32,32,32,32,8,8,29,0],"gold":59,"neow_bonus":"THREE_SMALL_POTIONS","is_prod":false,"is_daily":false,"chose_seed":false,"campfire_upgraded":2,"win_rate":0,"timestamp":1562782944,"path_taken":["M","M","?","?","M","E","R","M","T","$","M","R","E","?","R","BOSS"],"build_version":"2019-07-05","purchased_purges":0,"victory":false,"max_hp_per_floor":[70,70,70,70,70,70,70,70,70,70,70,70,70,70,70,70],"card_choices":[{"not_picked":["Distraction","All Out Attack"],"picked":"Backstab","floor":1},{"not_picked":["Flying Knee","Blade Dance"],"picked":"PiercingWail","floor":2},{"not_picked":["Infinite Blades","Finisher"],"picked":"Backstab","floor":5},{"not_picked":["Poisoned Stab","Concentrate"],"picked":"Tactician","floor":6},{"not_picked":["Cloak And Dagger","Blade Dance"],"picked":"Acrobatics","floor":8},{"not_picked":["Blade Dance","PiercingWail","Slice"],"picked":"SKIP","floor":11},{"not_picked":["Tools of the Trade","Sucker Punch"],"picked":"Calculated Gamble","floor":13}],"player_experience":67021,"relics_obtained":[{"floor":6,"key":"Snake Skull"},{"floor":13,"key":"Mercury Hourglass"}],"event_choices":[{"damage_healed":0,"gold_gain":0,"player_choice":"Take Damage","damage_taken":17,"relics_obtained":["Golden Idol"],"max_hp_gain":0,"max_hp_loss":0,"event_name":"Golden Idol","floor":3,"gold_loss":0},{"cards_removed":["Strike_G"],"damage_healed":0,"gold_gain":0,"player_choice":"Card Removal","damage_taken":7,"max_hp_gain":0,"max_hp_loss":0,"event_name":"Golden Wing","floor":4,"gold_loss":0},{"damage_healed":0,"gold_gain":0,"player_choice":"Trade","damage_taken":0,"relics_obtained":["GremlinMask"],"max_hp_gain":0,"max_hp_loss":0,"event_name":"FaceTrader","floor":14,"gold_loss":0}],"is_beta":false,"boss_relics":[],"items_purged_floors":[],"is_endless":false,"potions_floor_spawned":[2,5,11,13],"killed_by":"Slime Boss","ascension_level":0}