{"gold_per_floor":[115,115,290,240,256,331,331,346,399,18,49,49,9,47,47,148,148,164,89,89,40,57,57,73,73],"floor_reached":25,"playtime":973,"items_purged":[],"score":280,"play_id":"1bfede8d-93eb-42d2-8fdd-229961d03b50","local_time":"20190709225843","is_ascension_mode":true,"campfire_choices":[{"data":"Accuracy","floor":7.0,"key":"SMITH"},{"floor":15.0,"key":"REST"},{"floor":23,"key":"RECALL"}],"neow_cost":"NONE","seed_source_timestamp":0,"circlet_count":0,"master_deck":["Strike_G","Strike_G","Strike_G","Strike_G","Strike_G","Defend_G","Defend_G","Defend_G","Defend_G","Survivor","Neutralize","Accuracy+1","Cloak And Dagger","Cloak And Dagger","Noxious Fumes","Blur","Corpse Explosion","Outmaneuver+1","Cloak And Dagger","All Out Attack"],"special_seed":0,"relics":["Ring of the Snake","NeowsBlessing","Regal Pillow","Omamori","Toolbox","Meat on the Bone","Smiling Mask","Cursed Key"],"potions_floor_usage":[22,25],"damage_taken":[{"damage":0.0,"enemies":"Cultist","floor":1.0,"turns":1.0},{"damage":0.0,"enemies":"Small Slimes","floor":5.0,"turns":1.0},{"damage":0.0,"enemies":"2 Louse","floor":8.0,"turns":1.0},{"damage":49.0,"enemies":"Gremlin Nob","floor":11.0,"turns":6.0},{"damage":0.0,"enemies":"Exordium Wildlife","floor":14.0,"turns":3.0},{"damage":44.0,"enemies":"Slime Boss","floor":16.0,"turns":14.0},{"damage":10,"enemies":"3 Byrds","floor":18,"turns":4},{"damage":20,"enemies":"Chosen","floor":22,"turns":7},{"damage":14,"enemies":"3 Cultists","floor":24,"turns":4},{"damage":45,"enemies":"Gremlin Leader","floor":25,"turns":3}],"seed_played":"1252912551103723127","potions_obtained":[{"floor":1.0,"key":"Swift Potion"},{"floor":8.0,"key":"GamblersBrew"},{"floor":16.0,"key":"Regen Potion"},{"floor":24,"key":"PowerPotion"}],"is_trial":false,"path_per_floor":["M","T","?","?","M","?","R","M","T","$","E","?","$","M","R","B",null,"M","?","?","$","M","R","M","E"],"character_chosen":"THE_SILENT","items_purchased":["Cloak And Dagger","Omamori","Toolbox","Noxious Fumes","Cloak And Dagger"],"campfire_rested":1,"item_purchase_floors":[10,10,10,13,21],"current_hp_per_floor":[70,70,70,70,70,59,59,59,59,59,10,10,10,22,58,26,59,49,49,70,70,59,59,45,0],"gold":73,"neow_bonus":"THREE_ENEMY_KILL","is_prod":false,"is_daily":false,"chose_seed":false,"campfire_upgraded":1,"win_rate":0,"timestamp":1562702323,"path_taken":["M","?","?","?","M","?","R","M","T","$","E","?","?","M","R","BOSS","M","?","?","?","?","R","M","E"],"build_version":"2019-07-05","purchased_purges":0,"victory":false,"max_hp_per_floor":[70,70,70,70,70,70,70,70,70,70,70,70,70,70,70,70,70,70,70,70,70,70,70,70,70],"card_choices":[{"not_picked":["Dagger Spray","Outmaneuver","PiercingWail"],"picked":"SKIP","floor":1.0},{"not_picked":["Heel Hook","Cloak And Dagger"],"picked":"Accuracy","floor":5.0},{"not_picked":["Distraction","Sucker Punch"],"picked":"Cloak And Dagger","floor":8.0},{"not_picked":["Deflect","Tactician","Bane"],"picked":"SKIP","floor":11.0},{"not_picked":["Acrobatics","Leg Sweep"],"picked":"Blur","floor":14.0},{"not_picked":["Malaise","Die Die Die"],"picked":"Corpse Explosion","floor":16.0},{"not_picked":["Dash","Flying Knee"],"picked":"Outmaneuver+1","floor":18},{"not_picked":["Bane","Blur"],"picked":"All Out Attack","floor":22},{"not_picked":["Deadly Poison","Slice","Endless Agony"],"picked":"SKIP","floor":24}],"player_experience":657115,"relics_obtained":[{"floor":9.0,"key":"Regal Pillow"},{"floor":11.0,"key":"Meat on the Bone"}],"event_choices":[{"damage_healed":0.0,"max_hp_gain":0.0,"max_hp_loss":0.0,"gold_gain":175.0,"event_name":"Liars Game","player_choice":"AGREE","floor":3.0,"gold_loss":0.0,"damage_taken":0.0,"cards_obtained":["Doubt"]},{"cards_removed":["Doubt"],"damage_healed":0.0,"max_hp_gain":0.0,"max_hp_loss":0.0,"gold_gain":0.0,"event_name":"The Cleric","player_choice":"Card Removal","floor":4.0,"gold_loss":50.0,"damage_taken":0.0},{"damage_healed":0.0,"max_hp_gain":0.0,"max_hp_loss":0.0,"gold_gain":75.0,"event_name":"World of Goop","player_choice":"Gather Gold","floor":6.0,"gold_loss":0.0,"damage_taken":11.0},{"damage_healed":0.0,"max_hp_gain":0.0,"max_hp_loss":0.0,"gold_gain":0.0,"event_name":"Dead Adventurer","player_choice":"Searched \u00271\u0027 times","floor":12.0,"gold_loss":0.0,"damage_taken":0.0,"relics_obtained":["Smiling Mask"]},{"cards_removed":["Defend_G"],"damage_healed":0,"gold_gain":0,"player_choice":"Gave Gold","damage_taken":0,"max_hp_gain":0,"max_hp_loss":0,"event_name":"Beggar","floor":19,"gold_loss":75},{"damage_healed":23,"gold_gain":0,"player_choice":"Heal","damage_taken":0,"max_hp_gain":0,"max_hp_loss":0,"event_name":"The Library","floor":20,"gold_loss":0}],"is_beta":false,"boss_relics":[{"not_picked":["White Beast Statue","Eternal Feather"],"picked":"Cursed Key"}],"items_purged_floors":[],"is_endless":false,"potions_floor_spawned":[1,8,16,24],"killed_by":"Gremlin Leader","ascension_level":5}