{"gold_per_floor":[20,20,34,34,48,86,111,111,193,193,22,36,1,24,24,148,148,162,90,90,90,110,135,435,453,453,363,378,378,393,404,404,404],"floor_reached":33,"playtime":1075,"items_purged":["Injury"],"score":377,"play_id":"50ef6cc8-e86d-45dd-be54-1efa5340f5b2","local_time":"20180830101104","is_ascension_mode":true,"campfire_choices":[{"floor":8,"key":"REST"},{"floor":10,"key":"DIG"},{"floor":15,"key":"DIG"},{"floor":24,"key":"DIG"},{"floor":29,"key":"DIG"},{"floor":32,"key":"REST"}],"neow_cost":"NO_GOLD","seed_source_timestamp":271154347099332,"circlet_count":0,"master_deck":["Strike_R","Strike_R","Strike_R","Strike_R","Defend_R","Defend_R+1","Defend_R","Defend_R","Bash+1","Combust","Thunderclap","Flex","Seeing Red+1","Disarm","Demon Form","Whirlwind","Heavy Blade+1"],"relics":["Burning Blood","Ice Cream","Bloody Idol","Shovel","Meat on the Bone","Dream Catcher","Ginger","Busted Crown","Matryoshka","Old Coin","Frozen Egg 2","War Paint","Smiling Mask"],"potions_floor_usage":[6,12,16,23,25,30,31],"damage_taken":[{"damage":6,"enemies":"Jaw Worm","floor":1,"turns":5},{"damage":1,"enemies":"Cultist","floor":3,"turns":3},{"damage":0,"enemies":"Small Slimes","floor":5,"turns":2},{"damage":54,"enemies":"3 Sentries","floor":6,"turns":7},{"damage":16,"enemies":"Red Slaver","floor":7,"turns":4},{"damage":12,"enemies":"2 Fungi Beasts","floor":12,"turns":3},{"damage":13,"enemies":"Blue Slaver","floor":14,"turns":3},{"damage":39,"enemies":"The Guardian","floor":16,"turns":8},{"damage":10,"enemies":"3 Byrds","floor":18,"turns":5},{"damage":4,"enemies":"Chosen","floor":22,"turns":4},{"damage":54,"enemies":"Gremlin Leader","floor":23,"turns":5},{"damage":32,"enemies":"Snecko","floor":25,"turns":4},{"damage":21,"enemies":"Snake Plant","floor":28,"turns":3},{"damage":45,"enemies":"Cultist and Chosen","floor":30,"turns":5},{"damage":21,"enemies":"Centurion and Healer","floor":31,"turns":3},{"damage":52,"enemies":"Automaton","floor":33,"turns":4}],"seed_played":"-6201902191080079601","potions_obtained":[{"floor":1,"key":"SkillPotion"},{"floor":12,"key":"SkillPotion"},{"floor":14,"key":"PowerPotion"},{"floor":16,"key":"GamblersBrew"},{"floor":18,"key":"LiquidBronze"},{"floor":25,"key":"Energy Potion"},{"floor":30,"key":"FearPotion"}],"is_trial":false,"path_per_floor":["M","?","M","$","M","E","M","R","T","R","$","M","?","M","R","B",null,"M","$","?","$","M","E","R","M","T","?","M","R","M","M","R"],"character_chosen":"IRONCLAD","items_purchased":["Fruit Juice","Whirlwind"],"campfire_rested":2,"item_purchase_floors":[11,19],"current_hp_per_floor":[72,72,77,77,80,32,22,46,46,46,46,57,78,71,71,50,76,72,72,72,72,79,48,53,44,44,44,46,46,24,26,51,0],"gold":404,"neow_bonus":"ONE_RARE_RELIC","is_prod":false,"is_daily":false,"chose_seed":false,"campfire_upgraded":0,"win_rate":0,"timestamp":1535613064,"path_taken":["M","?","?","$","M","E","?","R","T","R","?","M","?","M","R","BOSS","M","$","?","?","M","E","R","M","T","?","?","R","M","M","R","BOSS"],"build_version":"2018-08-23v2","purchased_purges":1,"victory":false,"max_hp_per_floor":[80,80,80,80,80,80,80,80,80,80,80,85,85,85,85,85,85,85,85,85,85,85,85,85,85,85,85,85,85,85,85,85,85],"card_choices":[{"not_picked":["Twin Strike","Perfected Strike"],"picked":"Combust","floor":1},{"not_picked":["Sword Boomerang","Ghostly Armor"],"picked":"Thunderclap","floor":3},{"not_picked":["Headbutt","Fire Breathing"],"picked":"Flex","floor":5},{"not_picked":["Twin Strike","Headbutt","Dropkick"],"picked":"SKIP","floor":6},{"not_picked":["Perfected Strike","Berserk"],"picked":"Seeing Red","floor":7},{"not_picked":["Perfected Strike","Heavy Blade","Twin Strike"],"picked":"SKIP","floor":12},{"not_picked":["Spot Weakness","Armaments"],"picked":"Disarm","floor":14},{"not_picked":["Limit Break","Bludgeon"],"picked":"Demon Form","floor":16},{"not_picked":["Warcry"],"picked":"SKIP","floor":18},{"not_picked":["Pommel Strike"],"picked":"SKIP","floor":22},{"not_picked":["Iron Wave"],"picked":"SKIP","floor":23},{"not_picked":["True Grit"],"picked":"SKIP","floor":25},{"not_picked":["Sword Boomerang"],"picked":"SKIP","floor":28},{"not_picked":["Pommel Strike+1"],"picked":"SKIP","floor":30},{"not_picked":[],"picked":"Heavy Blade+1","floor":31}],"player_experience":350090,"relics_obtained":[{"floor":6,"key":"Shovel"},{"floor":9,"key":"Meat on the Bone"},{"floor":10,"key":"Dream Catcher"},{"floor":15,"key":"Ginger"},{"floor":23,"key":"Matryoshka"},{"floor":24,"key":"Old Coin"},{"floor":26,"key":"Frozen Egg 2"},{"floor":26,"key":"War Paint"},{"floor":29,"key":"Smiling Mask"}],"event_choices":[{"event_name":"Golden Idol","player_choice":"Take Wound","floor":2,"damage_taken":0},{"event_name":"The Cleric","player_choice":"Healed","floor":13,"damage_taken":0},{"event_name":"Forgotten Altar","player_choice":"Gave Idol","floor":20,"damage_taken":0},{"event_name":"Designer","player_choice":"Full Service","floor":27,"damage_taken":0}],"is_beta":false,"boss_relics":[{"not_picked":["Coffee Dripper","Cursed Key"],"picked":"Busted Crown"}],"items_purged_floors":[11],"is_endless":false,"potions_floor_spawned":[1,12,14,16,18,25,30],"killed_by":"Automaton","ascension_level":8}