{"gold_per_floor":[15,115,40,40,40,40,40,53,53,53,87,102,102,2,2,102,102,118,118,152,152],"floor_reached":21,"playtime":643,"items_purged":["Defend_R","Regret"],"score":242,"play_id":"d04531e8-9dee-41ca-8f0e-d733a4ac3301","local_time":"20180817105502","is_ascension_mode":true,"campfire_choices":[{"data":"Seeing Red","floor":6,"key":"SMITH"},{"floor":10,"key":"REST"},{"floor":13,"key":"REST"},{"data":"Armaments","floor":15,"key":"SMITH"}],"neow_cost":"NO_GOLD","seed_source_timestamp":94319967760587,"circlet_count":0,"master_deck":["Strike_R","Strike_R","Strike_R","Strike_R","Strike_R","Defend_R","Defend_R","Defend_R","Bash","Demon Form","Seeing Red+1","Heavy Blade","Armaments+1","Hemokinesis","Combust","Immolate","Rupture"],"relics":["Burning Blood","Unceasing Top","Dream Catcher","Paper Frog","Ginger","Busted Crown","Red Mask"],"potions_floor_usage":[11,11,12,16],"damage_taken":[{"damage":20,"enemies":"Small Slimes","floor":1,"turns":4},{"damage":3,"enemies":"Cultist","floor":8,"turns":3},{"damage":35,"enemies":"Lagavulin","floor":11,"turns":6},{"damage":4,"enemies":"Jaw Worm","floor":12,"turns":4},{"damage":33,"enemies":"Slime Boss","floor":16,"turns":9},{"damage":6,"enemies":"Chosen","floor":18,"turns":4},{"damage":46,"floor":20,"turns":4},{"damage":27,"enemies":"Spheric Guardian","floor":21,"turns":3}],"seed_played":"3736956527198745817","potions_obtained":[{"floor":1,"key":"GamblersBrew"},{"floor":5,"key":"Poison Potion"},{"floor":5,"key":"Explosive Potion"},{"floor":11,"key":"Block Potion"}],"is_trial":false,"path_per_floor":["M","?","$","?","?","R","?","M","T","R","E","M","R","$","R","B",null,"M","?","?"],"character_chosen":"IRONCLAD","items_purchased":[],"campfire_rested":2,"item_purchase_floors":[],"current_hp_per_floor":[58,58,58,58,58,58,55,58,58,80,51,53,77,77,77,50,73,73,58,18,0],"gold":152,"neow_bonus":"THREE_RARE_CARDS","is_prod":false,"is_daily":false,"chose_seed":false,"campfire_upgraded":2,"win_rate":0,"timestamp":1534492502,"path_taken":["M","?","$","?","?","R","?","M","T","R","E","M","R","?","R","BOSS","M","?","?","M"],"build_version":"2018-08-16","purchased_purges":2,"victory":false,"max_hp_per_floor":[80,80,80,80,80,80,80,80,80,80,80,80,80,80,80,80,80,80,85,85,85],"card_choices":[{"not_picked":["Limit Break","Exhume"],"picked":"Demon Form","floor":0},{"not_picked":["Sever Soul","Spot Weakness"],"picked":"Seeing Red","floor":1},{"not_picked":["Cleave","Iron Wave"],"picked":"Heavy Blade","floor":8},{"not_picked":["Iron Wave","Carnage"],"picked":"Armaments","floor":10},{"not_picked":["Power Through","Iron Wave"],"picked":"Hemokinesis","floor":11},{"not_picked":["Carnage","Blood for Blood","Second Wind"],"picked":"SKIP","floor":12},{"not_picked":["Pommel Strike","True Grit"],"picked":"Combust","floor":13},{"not_picked":["Feed","Reaper"],"picked":"Immolate","floor":16},{"not_picked":[],"picked":"Rupture","floor":18}],"player_experience":336037,"relics_obtained":[{"floor":9,"key":"Paper Frog"},{"floor":11,"key":"Ginger"},{"floor":20,"key":"Red Mask"}],"event_choices":[{"event_name":"Wheel of Change","player_choice":"Gold","floor":2,"damage_taken":0},{"event_name":"Big Fish","player_choice":"Box","floor":4,"damage_taken":0},{"event_name":"The Lab","player_choice":"Got Potions","floor":5,"damage_taken":0},{"event_name":"Scrap Ooze","player_choice":"success","floor":7,"damage_taken":3},{"event_name":"Forgotten Altar","player_choice":"Shed Blood","floor":19,"damage_taken":0},{"event_name":"Masked Bandits","player_choice":"Fought Bandits","floor":20,"damage_taken":0}],"is_beta":false,"boss_relics":[{"not_picked":["Eternal Feather","Ectoplasm"],"picked":"Busted Crown"}],"items_purged_floors":[3,14],"is_endless":false,"potions_floor_spawned":[1,11],"killed_by":"Spheric Guardian","ascension_level":8}