{"gold_per_floor":[113,113,123,123,100,100,114,114,166,183,358,371,398,410,410,505,505,519,535,535,546,36,36,70,70,70,116,116,141,154,171,171,267,267,277,0,0,11,11,11,11,11,37,37,50,63,63,76,76,76],"floor_reached":50,"playtime":2447,"items_purged":["Doubt"],"score":690,"play_id":"ac98b807-9937-4978-b85e-78b4cd7c9637","local_time":"20190705190013","is_ascension_mode":true,"campfire_choices":[{"floor":6,"key":"REST"},{"data":"Riddle With Holes","floor":8,"key":"SMITH"},{"data":"Neutralize","floor":15,"key":"SMITH"},{"data":"Malaise","floor":23,"key":"SMITH"},{"floor":28,"key":"REST"},{"floor":32,"key":"REST"},{"floor":40,"key":"REST"},{"floor":42,"key":"REST"},{"floor":44,"key":"RECALL"},{"floor":47,"key":"REST"},{"floor":49,"key":"REST"}],"neow_cost":"NONE","seed_source_timestamp":40798867347500,"circlet_count":0,"master_deck":["Strike_G","Strike_G+1","Strike_G+1","Strike_G","Defend_G","Defend_G","Defend_G","Survivor","Neutralize+1","Predator+1","Prepared","Underhanded Strike","Riddle With Holes+1","Backflip","Riddle With Holes","Acrobatics+1","Malaise+1","Distraction","Noxious Fumes","Master of Strategy","Night Terror+1","Distraction+1","Setup+1","Footwork","Parasite"],"relics":["HoveringKite","Vajra","Kunai","Busted Crown","Toolbox","Paper Crane","Ancient Tea Set","PreservedInsect","Astrolabe","Red Mask","Bag of Preparation"],"potions_floor_usage":[10,24,24,24,27,29,30,38,38,46,48],"damage_taken":[{"damage":21,"enemies":"Cultist","floor":1,"turns":5},{"damage":0,"enemies":"Small Slimes","floor":3,"turns":2},{"damage":5,"enemies":"2 Louse","floor":7,"turns":2},{"damage":0,"enemies":"Red Slaver","floor":10,"turns":1},{"damage":0,"enemies":"Large Slime","floor":12,"turns":4},{"damage":10,"enemies":"Gremlin Nob","floor":13,"turns":3},{"damage":3,"enemies":"Blue Slaver","floor":14,"turns":3},{"damage":0,"enemies":"Slime Boss","floor":16,"turns":7},{"damage":6,"enemies":"3 Byrds","floor":18,"turns":4},{"damage":6,"enemies":"Chosen","floor":19,"turns":3},{"damage":9,"enemies":"Snake Plant","floor":21,"turns":4},{"damage":23,"enemies":"Slavers","floor":24,"turns":5},{"damage":13,"enemies":"Gremlin Leader","floor":27,"turns":8},{"damage":7,"enemies":"Slavers","floor":29,"turns":5},{"damage":1,"enemies":"Snecko","floor":30,"turns":5},{"damage":15,"enemies":"Centurion and Healer","floor":31,"turns":4},{"damage":14,"enemies":"Automaton","floor":33,"turns":13},{"damage":9,"enemies":"Orb Walker","floor":35,"turns":5},{"damage":29,"enemies":"3 Darklings","floor":38,"turns":6},{"damage":6,"enemies":"Jaw Worm Horde","floor":45,"turns":3},{"damage":49,"enemies":"Transient","floor":46,"turns":5},{"damage":12,"enemies":"Writhing Mass","floor":48,"turns":6},{"damage":45,"enemies":"Time Eater","floor":50,"turns":13}],"seed_played":"-4314955548636698175","potions_obtained":[{"floor":3,"key":"SneckoOil"},{"floor":7,"key":"GhostInAJar"},{"floor":14,"key":"Fire Potion"},{"floor":16,"key":"GamblersBrew"},{"floor":19,"key":"FearPotion"},{"floor":21,"key":"SteroidPotion"},{"floor":25,"key":"Energy Potion"},{"floor":25,"key":"FairyPotion"},{"floor":25,"key":"Strength Potion"},{"floor":29,"key":"GhostInAJar"},{"floor":33,"key":"AttackPotion"},{"floor":35,"key":"Swift Potion"},{"floor":38,"key":"Block Potion"},{"floor":46,"key":"Swift Potion"}],"is_trial":false,"path_per_floor":["M","?","M","?","$","R","M","R","T","M","?","M","E","M","R","B",null,"M","M","?","M","$","R","E","?","T","E","R","E","M","M","R","B",null,"M","?","?","M","$","R","$","R","T","R","M","M","R","M","R","B"],"character_chosen":"THE_SILENT","items_purchased":["Underhanded Strike","Toolbox","Noxious Fumes","Master of Strategy"],"campfire_rested":7,"item_purchase_floors":[5,22,22,22],"current_hp_per_floor":[49,35,35,35,35,56,51,51,51,51,51,51,41,38,38,38,62,56,50,50,41,41,41,18,18,18,5,26,19,18,3,24,10,55,46,46,46,17,17,38,38,59,59,59,53,4,25,13,34,0],"gold":76,"neow_bonus":"BOSS_RELIC","is_prod":false,"is_daily":false,"chose_seed":false,"campfire_upgraded":3,"win_rate":0,"timestamp":1562342413,"path_taken":["M","?","M","?","$","R","M","R","T","M","?","M","E","M","R","BOSS","M","M","?","?","$","R","E","?","T","E","R","E","M","?","R","BOSS","M","?","?","M","?","R","$","R","T","R","M","M","R","?","R","BOSS"],"build_version":"2019-07-01","purchased_purges":1,"victory":false,"max_hp_per_floor":[70,70,70,70,70,70,70,70,70,70,70,70,70,70,70,70,70,70,70,70,70,70,70,70,70,70,70,70,70,70,70,70,70,70,70,70,70,70,70,70,70,70,70,70,70,70,70,70,70,70],"card_choices":[{"not_picked":["Bane","PiercingWail"],"picked":"Predator","floor":1},{"not_picked":["Cloak And Dagger","PiercingWail"],"picked":"Prepared","floor":3},{"not_picked":["Blade Dance","Dagger Throw"],"picked":"Riddle With Holes","floor":7},{"not_picked":["Dagger Throw","Quick Slash"],"picked":"Backflip","floor":10},{"not_picked":["Outmaneuver","Predator"],"picked":"Riddle With Holes","floor":12},{"not_picked":["Outmaneuver","Flying Knee","Calculated Gamble"],"picked":"SKIP","floor":13},{"not_picked":["Outmaneuver","Masterful Stab"],"picked":"Acrobatics","floor":14},{"not_picked":["Venomology","Unload"],"picked":"Malaise","floor":16},{"not_picked":[],"picked":"Distraction","floor":18},{"not_picked":["Acrobatics"],"picked":"SKIP","floor":19},{"not_picked":["Blade Dance"],"picked":"SKIP","floor":21},{"not_picked":["Dagger Spray"],"picked":"SKIP","floor":24},{"not_picked":["Dagger Spray+1"],"picked":"SKIP","floor":27},{"not_picked":["Sucker Punch"],"picked":"SKIP","floor":29},{"not_picked":["Blade Dance"],"picked":"SKIP","floor":30},{"not_picked":["Bane"],"picked":"SKIP","floor":31},{"not_picked":[],"picked":"Footwork","floor":35},{"not_picked":["Endless Agony+1"],"picked":"SKIP","floor":38},{"not_picked":["Blade Dance+1"],"picked":"SKIP","floor":45},{"not_picked":["Sucker Punch"],"picked":"SKIP","floor":46},{"not_picked":["Cloak And Dagger+1"],"picked":"SKIP","floor":48}],"player_experience":644822,"relics_obtained":[{"floor":9,"key":"Vajra"},{"floor":13,"key":"Kunai"},{"floor":24,"key":"Paper Crane"},{"floor":27,"key":"Ancient Tea Set"},{"floor":29,"key":"PreservedInsect"},{"floor":43,"key":"Bag of Preparation"}],"event_choices":[{"damage_healed":0,"gold_gain":0,"player_choice":"Entered Light","damage_taken":14,"max_hp_gain":0,"max_hp_loss":0,"event_name":"Shining Light","floor":2,"gold_loss":0,"cards_upgraded":["Strike_G","Strike_G"]},{"damage_healed":0,"gold_gain":0,"player_choice":"Grow","damage_taken":0,"max_hp_gain":0,"max_hp_loss":0,"event_name":"Living Wall","floor":4,"gold_loss":0,"cards_upgraded":["Predator"]},{"damage_healed":0,"gold_gain":175,"player_choice":"AGREE","damage_taken":0,"max_hp_gain":0,"max_hp_loss":0,"event_name":"Liars Game","floor":11,"gold_loss":0,"cards_obtained":["Doubt"]},{"damage_healed":0,"gold_gain":0,"player_choice":"Upgraded","damage_taken":0,"max_hp_gain":0,"max_hp_loss":0,"event_name":"Upgrade Shrine","floor":20,"gold_loss":0,"cards_upgraded":["Acrobatics"]},{"damage_healed":0,"gold_gain":0,"player_choice":"Got Potions","damage_taken":0,"max_hp_gain":0,"max_hp_loss":0,"event_name":"Lab","floor":25,"gold_loss":0},{"damage_healed":0,"gold_gain":0,"player_choice":"Paid","damage_taken":0,"relics_obtained":["Red Mask"],"max_hp_gain":0,"max_hp_loss":0,"event_name":"Tomb of Lord Red Mask","floor":36,"gold_loss":277},{"damage_healed":0,"gold_gain":0,"player_choice":"Memory 1","damage_taken":0,"max_hp_gain":0,"max_hp_loss":0,"event_name":"SensoryStone","floor":37,"gold_loss":0}],"is_beta":false,"boss_relics":[{"not_picked":["Snecko Eye","Sozu"],"picked":"Busted Crown"},{"not_picked":["Eternal Feather","WristBlade"],"picked":"Astrolabe"}],"items_purged_floors":[22],"is_endless":false,"potions_floor_spawned":[3,7,14,16,19,21,29,33,35,38,46],"killed_by":"Time Eater","ascension_level":5}