{"path_per_floor":["M","?","?","?","M","E","M","?","T","?","M","M","M","E","R","B",null,"M","?","M","$","M","R","E","R","T","R"],"character_chosen":"THE_SILENT","items_purchased":["Matryoshka"],"gold_per_floor":[114,114,189,189,204,234,249,249,249,249,264,279,294,324,324,424,424,439,439,454,129,144,144,174,174,199,199,199],"floor_reached":28,"campfire_rested":3,"playtime":911,"item_purchase_floors":[21],"current_hp_per_floor":[69,55,44,44,44,29,26,26,39,44,42,42,38,19,45,51,94,65,49,23,28,19,48,10,39,45,45,0],"items_purged":["Strike_G"],"gold":199,"score":348,"play_id":"12dbd294-6d40-43c6-bb0e-27f1fd40c5d6","local_time":"20180601202751","daily_mods":["Diverse","Cursed Run","Binary"],"is_prod":false,"is_daily":true,"chose_seed":false,"is_ascension_mode":false,"campfire_upgraded":0,"win_rate":0,"timestamp":1527874071,"campfire_choices":[{"floor":15,"key":"REST"},{"floor":23,"key":"REST"},{"floor":25,"key":"REST"},{"floor":27,"key":"DIG"}],"path_taken":["M","?","?","?","M","E","?","?","T","?","M","M","M","E","R","BOSS","M","?","?","?","?","R","E","R","T","R","E"],"build_version":"2018-05-31","seed_source_timestamp":362775859315333,"purchased_purges":1,"victory":false,"master_deck":["Defend_G","Defend_G","Defend_G","Defend_G","Defend_G","Strike_G+1","Strike_G","Strike_G","Survivor","Neutralize+1","Skewer+1","Coolheaded","Recycle","Crippling Poison","Injury","Static Discharge","Immolate","Redo","Cleave","Normality","Creative AI","Dodge and Roll","Injury"],"max_hp_per_floor":[70,70,70,70,70,70,70,70,83,88,88,88,88,88,88,94,94,94,94,94,99,99,99,99,99,105,105,105],"relics":["Cursed Key","Darkstone Periapt","Du-Vu Doll","Question Card","Strawberry","Torii","Philosopher\u0027s Stone","Nilry\u0027s Codex","Matryoshka","Shovel","Bag of Preparation","Ancient Tea Set","Lantern"],"card_choices":[{"not_picked":["Blood for Blood"],"picked":"Skewer","floor":1},{"not_picked":["Hemokinesis"],"picked":"Coolheaded","floor":5},{"not_picked":["Finisher"],"picked":"Recycle","floor":6},{"not_picked":["Havoc","Genetic Algorithm"],"picked":"Crippling Poison","floor":7},{"not_picked":["Flex","Quick Slash"],"picked":"Static Discharge","floor":11},{"not_picked":["Deadly Poison","Shrug It Off"],"picked":"Immolate","floor":12},{"not_picked":["Slice","Second Wind"],"picked":"Redo","floor":13},{"not_picked":["Havoc","Glacier"],"picked":"Cleave","floor":14},{"not_picked":["Reaper","Double Tap"],"picked":"Creative AI","floor":16},{"not_picked":["Anger","Twin Strike+1","Accuracy"],"picked":"SKIP","floor":18},{"not_picked":["Infinite Blades","Second Wind+1","Conserve Battery"],"picked":"SKIP","floor":20},{"not_picked":["Turbo","Infernal Blade","Rebound"],"picked":"SKIP","floor":22},{"not_picked":["Biased Cognition","Chill"],"picked":"Dodge and Roll","floor":24}],"player_experience":252745,"potions_floor_usage":[6,11,14,16,18,21,22,24,24],"damage_taken":[{"damage":1,"enemies":"Jaw Worm","floor":1,"turns":4},{"damage":0,"enemies":"2 Louse","floor":5,"turns":2},{"damage":15,"enemies":"Gremlin Nob","floor":6,"turns":4},{"damage":3,"enemies":"Small Slimes","floor":7,"turns":2},{"damage":2,"enemies":"Exordium Thugs","floor":11,"turns":2},{"damage":0,"enemies":"Looter","floor":12,"turns":1},{"damage":4,"enemies":"Gremlin Gang","floor":13,"turns":2},{"damage":19,"enemies":"Lagavulin","floor":14,"turns":5},{"damage":0,"enemies":"Slime Boss","floor":16,"turns":7},{"damage":29,"enemies":"Shell Parasite","floor":18,"turns":6},{"damage":26,"enemies":"2 Thieves","floor":20,"turns":4},{"damage":9,"enemies":"Sentry and Sphere","floor":22,"turns":3},{"damage":38,"enemies":"Book of Stabbing","floor":24,"turns":5},{"damage":45,"enemies":"Gremlin Leader","floor":28,"turns":5}],"relics_obtained":[{"floor":6,"key":"Question Card"},{"floor":9,"key":"Strawberry"},{"floor":14,"key":"Torii"},{"floor":19,"key":"Nilry\u0027s Codex"},{"floor":24,"key":"Shovel"},{"floor":26,"key":"Bag of Preparation"},{"floor":26,"key":"Ancient Tea Set"},{"floor":27,"key":"Lantern"}],"event_choices":[{"event_name":"Shining Light","player_choice":"Entered Light","floor":2,"damage_taken":0},{"event_name":"World of Goop","player_choice":"Gather Gold","floor":3,"damage_taken":0},{"event_name":"Upgrade Shrine","player_choice":"Upgraded","floor":4,"damage_taken":0},{"event_name":"Purifier","player_choice":"One Purge","floor":8,"damage_taken":0},{"event_name":"Big Fish","player_choice":"Donut","floor":10,"damage_taken":0},{"event_name":"Cursed Tome","player_choice":"Obtained Book","floor":19,"damage_taken":0}],"boss_relics":[{"not_picked":["Eternal Feather","Lizard Tail"],"picked":"Philosopher\u0027s Stone"}],"items_purged_floors":[21],"potions_floor_spawned":[1,6,11,12,13,16,18,20,22],"seed_played":"-2361439941801122152","killed_by":"Gremlin Leader","ascension_level":0,"potions_obtained":[{"floor":1,"key":"Weak Potion"},{"floor":6,"key":"Strength Potion"},{"floor":11,"key":"SteroidPotion"},{"floor":12,"key":"FearPotion"},{"floor":13,"key":"Weak Potion"},{"floor":16,"key":"GhostInAJar"},{"floor":18,"key":"Swift Potion"},{"floor":20,"key":"Fruit Juice"},{"floor":22,"key":"Energy Potion"}],"is_trial":false}