{"gold_per_floor":[118,118,193,193,37,66,86,86,86,103,278,278,298,318,318,418,418,437,448,448,448,458,458],"floor_reached":23,"playtime":588,"items_purged":["Strike_R"],"score":345,"play_id":"69250343-200d-4552-8de0-0c4970223bb9","local_time":"20181201175802","is_ascension_mode":true,"campfire_choices":[{"data":"Whirlwind","floor":8,"key":"SMITH"},{"data":"Sentinel","floor":15,"key":"SMITH"}],"neow_cost":"NONE","seed_source_timestamp":31824355705600,"circlet_count":0,"master_deck":["AscendersBane","Strike_R","Strike_R","Strike_R","Defend_R","Defend_R","Defend_R","Defend_R","Bash","Pommel Strike","Whirlwind+1","Inflame","Armaments","Inflame","Combust","Sentinel+1","Demon Form","Parasite","Normality","Regret","Pommel Strike","Demon Form","Heavy Blade"],"relics":["Burning Blood","NeowsBlessing","Matryoshka","Bottled Lightning","Bronze Scales","Mummified Hand","Spirit Poop","Calling Bell","Red Skull","Letter Opener","FossilizedHelix","Boot","Toxic Egg 2","Nilry\u0027s Codex"],"potions_floor_usage":[10,16,22,23],"damage_taken":[{"damage":0,"enemies":"Small Slimes","floor":1,"turns":2},{"damage":0,"enemies":"Lagavulin","floor":6,"turns":1},{"damage":0,"enemies":"2 Louse","floor":7,"turns":1},{"damage":6,"enemies":"Cultist","floor":10,"turns":2},{"damage":2,"enemies":"Looter","floor":13,"turns":3},{"damage":7,"enemies":"2 Fungi Beasts","floor":14,"turns":2},{"damage":19,"enemies":"Slime Boss","floor":16,"turns":8},{"damage":18,"enemies":"Spheric Guardian","floor":18,"turns":5},{"damage":37,"enemies":"Shell Parasite","floor":19,"turns":5},{"damage":11,"enemies":"Centurion and Healer","floor":22,"turns":5},{"damage":15,"enemies":"Book of Stabbing","floor":23,"turns":2}],"seed_played":"6570520354478736450","potions_obtained":[{"floor":1,"key":"Strength Potion"},{"floor":14,"key":"SkillPotion"},{"floor":18,"key":"Swift Potion"},{"floor":22,"key":"AttackPotion"}],"is_trial":false,"path_per_floor":["M","?","?","?","$","E","M","R","T","M","?","?","M","M","R","B",null,"M","M","T","?","M","E"],"character_chosen":"IRONCLAD","items_purchased":["Whirlwind"],"campfire_rested":0,"item_purchase_floors":[5],"current_hp_per_floor":[78,75,64,57,57,63,69,69,69,69,69,69,73,72,72,59,75,63,32,32,16,11,0],"gold":458,"neow_bonus":"THREE_ENEMY_KILL","is_prod":false,"is_daily":false,"chose_seed":false,"campfire_upgraded":2,"win_rate":0,"timestamp":1543679882,"path_taken":["M","?","?","?","?","E","M","R","T","?","?","?","M","M","R","BOSS","M","M","?","?","M","E"],"build_version":"2018-11-15","purchased_purges":1,"victory":false,"max_hp_per_floor":[80,80,80,80,80,80,80,80,80,80,80,80,80,80,80,80,80,80,80,80,80,80,80],"card_choices":[{"not_picked":["Corruption","Anger"],"picked":"Pommel Strike","floor":1},{"not_picked":["Metallicize","Second Wind"],"picked":"Inflame","floor":6},{"not_picked":["Power Through","Dual Wield"],"picked":"Armaments","floor":7},{"not_picked":["Entrench","Havoc"],"picked":"Inflame","floor":10},{"not_picked":["Dropkick","Clash"],"picked":"Combust","floor":13},{"not_picked":["Iron Wave","Twin Strike"],"picked":"Sentinel","floor":14},{"not_picked":["Limit Break","Reaper"],"picked":"Demon Form","floor":16},{"not_picked":["Twin Strike","Perfected Strike"],"picked":"Pommel Strike","floor":18},{"not_picked":["Iron Wave","True Grit+1"],"picked":"Demon Form","floor":19},{"not_picked":["Twin Strike","Clash"],"picked":"Heavy Blade","floor":22}],"player_experience":463968,"relics_obtained":[{"floor":6,"key":"Bottled Lightning"},{"floor":9,"key":"Bronze Scales"},{"floor":9,"key":"Mummified Hand"},{"floor":17,"key":"Red Skull"},{"floor":17,"key":"Letter Opener"},{"floor":17,"key":"FossilizedHelix"},{"floor":20,"key":"Boot"},{"floor":20,"key":"Toxic Egg 2"},{"floor":21,"key":"Nilry\u0027s Codex"}],"event_choices":[{"damage_healed":0,"gold_gain":0,"player_choice":"Success","damage_taken":3,"relics_obtained":["Matryoshka"],"max_hp_gain":0,"max_hp_loss":0,"event_name":"Scrap Ooze","floor":2,"gold_loss":0},{"damage_healed":0,"gold_gain":75,"player_choice":"Gather Gold","damage_taken":11,"max_hp_gain":0,"max_hp_loss":0,"event_name":"World of Goop","floor":3,"gold_loss":0},{"cards_removed":["Strike_R"],"damage_healed":0,"gold_gain":0,"player_choice":"Card Removal","damage_taken":7,"max_hp_gain":0,"max_hp_loss":0,"event_name":"Golden Wing","floor":4,"gold_loss":0},{"damage_healed":0,"gold_gain":175,"player_choice":"AGREE","damage_taken":0,"max_hp_gain":0,"max_hp_loss":0,"event_name":"Liars Game","floor":11,"gold_loss":0,"cards_obtained":["Doubt"]},{"cards_removed":["Doubt"],"damage_healed":0,"gold_gain":0,"player_choice":"Offered Curse","damage_taken":0,"relics_obtained":["Spirit Poop"],"max_hp_gain":0,"max_hp_loss":0,"event_name":"Bonfire Elementals","floor":12,"gold_loss":0},{"damage_healed":0,"gold_gain":0,"player_choice":"Obtained Book","damage_taken":16,"max_hp_gain":0,"max_hp_loss":0,"event_name":"Cursed Tome","floor":21,"gold_loss":0}],"is_beta":false,"boss_relics":[{"not_picked":["Empty Cage","Tiny House"],"picked":"Calling Bell"}],"items_purged_floors":[5],"is_endless":false,"potions_floor_spawned":[1,14,18,22],"killed_by":"Book of Stabbing","ascension_level":12}