{"path_per_floor":["M","M","?","?","M","R","$","R","T","?","M","M","?","E","R","B",null,"M","T","M","M","$","E","R"],"character_chosen":"DEFECT","items_purchased":["Gash","Tiny Chest","Symbiotic Virus"],"gold_per_floor":[110,130,305,305,322,322,75,75,75,75,89,109,109,134,134,234,234,254,254,272,285,42,73,73,73],"floor_reached":25,"campfire_rested":3,"playtime":1271,"item_purchase_floors":[7,7,22],"current_hp_per_floor":[63,61,61,49,48,48,48,70,70,70,69,60,53,30,52,8,75,49,49,32,30,30,1,23,0],"items_purged":["Strike_B"],"gold":73,"score":268,"play_id":"7105d63a-a176-447b-b757-4d959f32e2ed","local_time":"20180621160130","is_prod":false,"is_daily":false,"chose_seed":false,"is_ascension_mode":true,"campfire_upgraded":1,"win_rate":0,"timestamp":1529586090,"campfire_choices":[{"data":"Zap","floor":6,"key":"SMITH"},{"floor":8,"key":"REST"},{"floor":15,"key":"REST"},{"floor":24,"key":"REST"}],"path_taken":["M","M","?","?","M","R","$","R","T","?","M","?","?","E","R","BOSS","M","?","?","M","$","E","R","E"],"build_version":"2018-06-14v2","seed_source_timestamp":549872808010133,"purchased_purges":1,"victory":false,"master_deck":["Zap+1","Dualcast+1","Gash","Beam Cell","Gash","Doubt","Beam Cell","Gash","Conserve Battery","Skim","Conserve Battery","Echo Form","Force Field","Leap","Coolheaded","Loop","Loop","Compile Driver","Conserve Battery","Double Energy+1","Conserve Battery+1"],"max_hp_per_floor":[75,75,75,75,75,75,75,75,75,75,75,75,75,75,75,75,75,75,75,75,75,75,75,75,75],"relics":["Cracked Core","Ancient Tea Set","Tiny Chest","Mummified Hand","Boot","Pandora\u0027s Box","Emotion Chip","Symbiotic Virus","DataDisk"],"card_choices":[{"not_picked":["Compile Driver","Double Energy"],"picked":"Gash","floor":0},{"not_picked":["Conserve Battery","Compile Driver"],"picked":"Beam Cell","floor":1},{"not_picked":["Beam Cell","Loop"],"picked":"Gash","floor":2},{"not_picked":["Redo","Self Repair"],"picked":"Beam Cell","floor":5},{"not_picked":["Barrage","Loop"],"picked":"Conserve Battery","floor":11},{"not_picked":["Hello World","Streamline"],"picked":"Skim","floor":12},{"not_picked":["Redo","Ball Lightning"],"picked":"Conserve Battery","floor":14},{"not_picked":["Machine Learning","Hyperbeam"],"picked":"Echo Form","floor":16},{"not_picked":["Storm","Reinforced Body"],"picked":"Conserve Battery","floor":18},{"not_picked":["Leap","Heatsinks+1"],"picked":"Double Energy+1","floor":20},{"not_picked":["Streamline+1","Melter"],"picked":"Conserve Battery+1","floor":21},{"not_picked":["Rip and Tear","Coolheaded","Streamline"],"picked":"SKIP","floor":23}],"player_experience":286572,"potions_floor_usage":[11,21,25],"damage_taken":[{"damage":12,"enemies":"Small Slimes","floor":1,"turns":3},{"damage":2,"enemies":"Jaw Worm","floor":2,"turns":2},{"damage":1,"enemies":"Cultist","floor":5,"turns":3},{"damage":1,"enemies":"2 Fungi Beasts","floor":11,"turns":3},{"damage":9,"enemies":"Blue Slaver","floor":12,"turns":3},{"damage":23,"enemies":"3 Sentries","floor":14,"turns":7},{"damage":44,"enemies":"The Guardian","floor":16,"turns":10},{"damage":26,"enemies":"3 Byrds","floor":18,"turns":4},{"damage":17,"enemies":"Chosen","floor":20,"turns":4},{"damage":2,"enemies":"Snecko","floor":21,"turns":8},{"damage":29,"enemies":"Slavers","floor":23,"turns":5},{"damage":41,"enemies":"Gremlin Leader","floor":25,"turns":5}],"relics_obtained":[{"floor":9,"key":"Mummified Hand"},{"floor":14,"key":"Boot"},{"floor":19,"key":"Emotion Chip"},{"floor":23,"key":"DataDisk"}],"event_choices":[{"event_name":"Liars Game","player_choice":"agreed","floor":3,"damage_taken":0},{"event_name":"Scrap Ooze","player_choice":"success","floor":4,"damage_taken":12},{"event_name":"Living Wall","player_choice":"Grow","floor":10,"damage_taken":0},{"event_name":"Golden Wing","player_choice":"Card Removal","floor":13,"damage_taken":0}],"boss_relics":[{"not_picked":["Runic Dome","Snecko Eye"],"picked":"Pandora\u0027s Box"}],"items_purged_floors":[7],"is_endless":false,"potions_floor_spawned":[5,14,20,23],"seed_played":"-344879906178872462","killed_by":"Gremlin Leader","ascension_level":2,"potions_obtained":[{"floor":5,"key":"Weak Potion"},{"floor":14,"key":"FairyPotion"},{"floor":20,"key":"Energy Potion"},{"floor":23,"key":"LiquidBronze"}],"is_trial":false}