{"path_per_floor":["M","$","?","?","M","R","E","R","T","E","$","M","M","?","R","B",null,"M","$","?","?","M","R","M","R","T","R","$","E","?","M","R"],"character_chosen":"IRONCLAD","items_purchased":["Whirlwind","Weak Potion"],"gold_per_floor":[111,36,36,36,48,48,79,79,79,110,10,30,46,46,46,151,151,168,4,0,0,20,20,30,30,57,57,9,34,34,51,51,51],"floor_reached":33,"campfire_rested":3,"playtime":1073,"current_hp_per_floor":[66,66,66,54,62,62,36,36,36,28,28,36,43,43,68,16,70,67,67,67,67,65,65,17,45,47,75,75,85,85,99,99,0],"items_purged":["Strike_R","Strike_R","Strike_R"],"gold":51,"score":377,"play_id":"4ac46690-7d20-4282-adb4-26317a8279e0","local_time":"20180511092056","is_prod":false,"is_daily":false,"chose_seed":false,"is_ascension_mode":true,"campfire_upgraded":4,"timestamp":1526019656,"path_taken":["M","$","?","?","M","R","E","R","T","E","$","M","M","?","R","BOSS","M","$","?","?","?","R","M","R","T","R","$","E","?","?","R","BOSS"],"build_version":"2018-05-10","seed_source_timestamp":71091845674346,"purchased_purges":3,"victory":false,"master_deck":["Strike_R","Strike_R","Defend_R","Defend_R","Defend_R","Defend_R","Bash","Searing Blow+2","Flame Barrier+1","Rampage+1","Whirlwind+1","Flex"],"max_hp_per_floor":[80,80,80,80,80,80,80,80,80,82,82,84,86,86,86,88,88,90,90,90,90,92,92,94,94,96,96,96,98,98,100,100,100],"relics":["Black Blood","Art of War","Gremlin Horn","Happy Flower","Singing Bowl","Prayer Wheel","Blood Vial","Regal Pillow"],"card_choices":[{"not_picked":["Cleave","Clothesline"],"picked":"Searing Blow","floor":1},{"not_picked":["Uppercut","Sword Boomerang"],"picked":"Flame Barrier","floor":5},{"not_picked":["Fiend Fire","Body Slam"],"picked":"Rampage","floor":7}],"player_experience":241399,"potions_floor_usage":[5,10,12,13,18,31,31,33,33],"damage_taken":[{"damage":12,"enemies":"Jaw Worm","floor":1,"turns":2},{"damage":10,"enemies":"Cultist","floor":5,"turns":5},{"damage":32,"enemies":"3 Sentries","floor":7,"turns":10},{"damage":16,"enemies":"Gremlin Nob","floor":10,"turns":3},{"damage":0,"enemies":"Small Slimes","floor":12,"turns":3},{"damage":1,"enemies":"Exordium Thugs","floor":13,"turns":5},{"damage":60,"enemies":"The Guardian","floor":16,"turns":12},{"damage":15,"enemies":"3 Byrds","floor":18,"turns":3},{"damage":14,"enemies":"Shell Parasite","floor":22,"turns":4},{"damage":60,"enemies":"Chosen and Byrds","floor":24,"turns":7},{"damage":4,"enemies":"Gremlin Leader","floor":29,"turns":5},{"damage":0,"enemies":"3 Cultists","floor":31,"turns":5},{"damage":112,"enemies":"Automaton","floor":33,"turns":10}],"event_choices":[{"event_name":"The Lab","player_choice":"Got Potions","floor":3,"damage_taken":0},{"event_name":"Scrap Ooze","player_choice":"success","floor":4,"damage_taken":12},{"event_name":"Living Wall","player_choice":"Grow","floor":14,"damage_taken":0},{"event_name":"Masked Bandits","player_choice":"Paid Bandits 4 gold","floor":20,"damage_taken":0},{"event_name":"The Library","player_choice":"Read","floor":21,"damage_taken":0},{"event_name":"Addict","player_choice":"Ignored","floor":30,"damage_taken":0}],"boss_relics":[{"not_picked":["Runic Dome","Runic Pyramid"],"picked":"Black Blood"}],"potions_floor_spawned":[12,16,24,29,31],"seed_played":"1324628709456990307","killed_by":"Automaton","ascension_level":6,"is_trial":false}