{"gold_per_floor":[115,115,115,129,145,185,197,225,237,278,290,302,337,362,374,386],"floor_reached":16,"playtime":890,"items_purged":[],"score":148,"play_id":"19853140-18ad-4342-90ed-c43bc129e79b","local_time":"20180926181530","is_ascension_mode":true,"campfire_choices":[{"floor":7,"key":"REST"},{"data":"Intimidate","floor":12,"key":"SMITH"},{"floor":15,"key":"REST"}],"neow_cost":"NONE","seed_source_timestamp":463725082079284,"circlet_count":0,"master_deck":["Strike_R","Strike_R","Strike_R","Strike_R","Strike_R","Defend_R+1","Defend_R","Defend_R","Defend_R","Bash+1","Flex","Inflame","Intimidate+1","Cleave","Shrug It Off","Juggernaut"],"relics":["Burning Blood","NeowsBlessing","Golden Idol","MawBank","Ornamental Fan","Odd Mushroom","Unceasing Top"],"potions_floor_usage":[6,6,10,13],"damage_taken":[{"damage":0,"enemies":"Small Slimes","floor":1,"turns":1},{"damage":0,"enemies":"Jaw Worm","floor":4,"turns":1},{"damage":0,"enemies":"Cultist","floor":5,"turns":1},{"damage":22,"enemies":"3 Sentries","floor":6,"turns":6},{"damage":4,"enemies":"2 Fungi Beasts","floor":8,"turns":2},{"damage":24,"enemies":"The Mushroom Lair","floor":10,"turns":5},{"damage":2,"enemies":"Exordium Thugs","floor":13,"turns":4},{"damage":26,"enemies":"Gremlin Gang","floor":14,"turns":5},{"damage":57,"enemies":"Hexaghost","floor":16,"turns":11}],"seed_played":"-3621188578571940451","potions_obtained":[{"floor":1,"key":"AttackPotion"},{"floor":4,"key":"SteroidPotion"},{"floor":8,"key":"Swift Potion"},{"floor":10,"key":"EssenceOfSteel"}],"is_trial":false,"path_per_floor":["M","?","?","M","M","E","R","M","T","?","?","R","M","M","R"],"character_chosen":"IRONCLAD","items_purchased":[],"campfire_rested":2,"item_purchase_floors":[],"current_hp_per_floor":[78,58,42,48,54,38,62,64,64,46,43,43,47,27,51,0],"gold":386,"neow_bonus":"THREE_ENEMY_KILL","is_prod":false,"is_daily":false,"chose_seed":false,"campfire_upgraded":1,"win_rate":0,"timestamp":1537974930,"path_taken":["M","?","?","M","?","E","R","M","T","?","?","R","M","M","R","BOSS"],"build_version":"2018-09-20","purchased_purges":0,"victory":false,"max_hp_per_floor":[80,80,80,80,80,80,80,80,80,80,80,80,80,80,80,80],"card_choices":[{"not_picked":["Ghostly Armor","Wild Strike"],"picked":"Flex","floor":1},{"not_picked":["Burning Pact","Clash"],"picked":"Inflame","floor":4},{"not_picked":["True Grit","Armaments"],"picked":"Intimidate","floor":5},{"not_picked":["Corruption","Thunderclap"],"picked":"Cleave","floor":6},{"not_picked":["Fire Breathing","Hemokinesis","Clothesline"],"picked":"SKIP","floor":8},{"not_picked":["Warcry","Feel No Pain"],"picked":"Shrug It Off","floor":10},{"not_picked":["Sentinel","Dual Wield","Dropkick"],"picked":"SKIP","floor":13},{"not_picked":["Havoc","Dropkick"],"picked":"Juggernaut","floor":14}],"player_experience":385391,"relics_obtained":[{"floor":6,"key":"MawBank"},{"floor":9,"key":"Ornamental Fan"},{"floor":10,"key":"Odd Mushroom"}],"event_choices":[{"event_name":"Golden Idol","player_choice":"Take Damage","floor":2,"damage_taken":0},{"event_name":"Shining Light","player_choice":"Entered Light","floor":3,"damage_taken":0},{"event_name":"Mushrooms","player_choice":"Fought Mushrooms","floor":10,"damage_taken":0},{"event_name":"Scrap Ooze","player_choice":"success","floor":11,"damage_taken":3}],"is_beta":false,"boss_relics":[],"items_purged_floors":[],"is_endless":false,"potions_floor_spawned":[1,4,8,10],"killed_by":"Hexaghost","ascension_level":9}