{"gold_per_floor":[119,136,153,26,46,76,76,95,95,95,115,115,115,115,115,211,211,226,226,258,258,14,14,46,46,128,140,15,42,60,78,78,175,175,190,412,427,444,4,4,56,56,134,134,134,134,6,23,23,23],"floor_reached":50,"playtime":5855,"items_purged":["Strike_G","Writhe","Strike_G","Pain"],"score":533,"play_id":"f760e86a-189e-46ea-a445-54e97fe86b97","local_time":"20190622124835","is_ascension_mode":false,"campfire_choices":[{"data":"Footwork","floor":7,"key":"SMITH"},{"floor":10,"key":"REST"},{"data":"Skewer","floor":12,"key":"SMITH"},{"data":"Predator","floor":15,"key":"SMITH"},{"data":"Night Terror","floor":23,"key":"SMITH"},{"data":"Neutralize","floor":25,"key":"SMITH"},{"data":"Dodge and Roll","floor":32,"key":"SMITH"},{"floor":40,"key":"REST"},{"floor":42,"key":"REST"},{"data":"Adrenaline","floor":44,"key":"SMITH"},{"data":"Thinking Ahead","floor":46,"key":"SMITH"},{"data":"Bullet Time","floor":49,"key":"SMITH"}],"neow_cost":"NONE","seed_source_timestamp":133225206451308,"circlet_count":0,"master_deck":["Defend_G","Defend_G","Defend_G","Defend_G","Defend_G","Strike_G","Strike_G","Survivor","Neutralize+1","All Out Attack","Footwork+1","Choke","Dagger Spray","Dagger Throw","Predator+1","Expertise","Skewer+1","Night Terror+1","Dodge and Roll+1","Blur","Bullet Time+1","Parasite","Adrenaline+1","Blind","Mayhem","Thinking Ahead+1"],"relics":["Ring of the Snake","Oddly Smooth Stone","Ornamental Fan","Kunai","Philosopher\u0027s Stone","Enchiridion","Red Mask","Regal Pillow","Omamori","Dead Branch","Singing Bowl","Vajra","Calling Bell","Bag of Preparation","Paper Crane","WingedGreaves","Turnip","Bottled Tornado"],"potions_floor_usage":[6,16,20,24,33,33,33,38,38,38,50,50,50],"damage_taken":[{"damage":0,"enemies":"2 Louse","floor":1,"turns":3},{"damage":0,"enemies":"Jaw Worm","floor":2,"turns":3},{"damage":0,"enemies":"Small Slimes","floor":3,"turns":3},{"damage":1,"enemies":"2 Fungi Beasts","floor":5,"turns":3},{"damage":20,"enemies":"Gremlin Nob","floor":6,"turns":5},{"damage":15,"enemies":"Blue Slaver","floor":8,"turns":4},{"damage":3,"enemies":"Looter","floor":11,"turns":4},{"damage":0,"enemies":"The Guardian","floor":16,"turns":15},{"damage":0,"enemies":"Chosen","floor":18,"turns":5},{"damage":0,"enemies":"Masked Bandits","floor":20,"turns":4},{"damage":11,"enemies":"Book of Stabbing","floor":24,"turns":6},{"damage":1,"enemies":"Spheric Guardian","floor":27,"turns":5},{"damage":0,"enemies":"Centurion and Healer","floor":30,"turns":7},{"damage":0,"enemies":"Snecko","floor":31,"turns":3},{"damage":19,"enemies":"Champ","floor":33,"turns":10},{"damage":2,"enemies":"3 Shapes","floor":35,"turns":3},{"damage":10,"enemies":"Orb Walker","floor":37,"turns":5},{"damage":22,"enemies":"Writhing Mass","floor":38,"turns":8},{"damage":41,"enemies":"2 Orb Walkers","floor":41,"turns":7},{"damage":6,"enemies":"Maw","floor":48,"turns":10},{"damage":78,"enemies":"Time Eater","floor":50,"turns":24}],"seed_played":"-5338569445504534873","potions_obtained":[{"floor":1,"key":"Weak Potion"},{"floor":3,"key":"Regen Potion"},{"floor":6,"key":"SpeedPotion"},{"floor":8,"key":"SteroidPotion"},{"floor":11,"key":"Explosive Potion"},{"floor":18,"key":"Fire Potion"},{"floor":20,"key":"SkillPotion"},{"floor":30,"key":"GamblersBrew"},{"floor":31,"key":"Swift Potion"},{"floor":33,"key":"AttackPotion"},{"floor":35,"key":"Explosive Potion"},{"floor":37,"key":"SteroidPotion"},{"floor":41,"key":"Block Potion"},{"floor":48,"key":"Ancient Potion"}],"is_trial":false,"path_per_floor":["M","M","M","$","M","E","R","M","T","R","M","R","?","?","R","B",null,"M","?","?","?","$","R","E","R","T","M","$","T","M","M","R","B",null,"M","?","M","M","$","R","?","R","T","R","?","R","$","M","R","B"],"character_chosen":"THE_SILENT","items_purchased":["Dagger Spray","Omamori","Blind","Mayhem","GhostInAJar","Strength Potion"],"campfire_rested":3,"item_purchase_floors":[4,22,39,39,47,47],"current_hp_per_floor":[70,70,70,70,69,49,49,34,34,55,52,52,52,70,70,70,70,70,54,54,54,54,54,57,57,57,58,58,58,60,62,62,43,76,76,76,68,46,46,80,41,80,80,80,80,80,80,76,76,0],"gold":23,"neow_bonus":"RANDOM_COMMON_RELIC","is_prod":false,"is_daily":false,"chose_seed":false,"campfire_upgraded":9,"win_rate":0,"timestamp":1561225715,"path_taken":["M","M","M","$","M","E","R","M","T","R","M","R","?","?","R","BOSS","M","?","?","?","$","R","E","R","T","M","?","?","M","M","R","BOSS","M","?","M","M","$","R","?","R","T","R","?","R","$","M","R","BOSS"],"build_version":"2019-01-23","purchased_purges":4,"victory":false,"max_hp_per_floor":[70,70,70,70,70,70,70,70,70,70,70,70,70,70,70,70,70,70,70,70,70,70,70,70,70,70,72,72,72,74,76,76,76,76,78,78,80,80,80,80,82,82,82,82,82,82,82,84,84,84],"card_choices":[{"not_picked":["Underhanded Strike","Predator"],"picked":"All Out Attack","floor":1},{"not_picked":["Dash","Escape Plan"],"picked":"Footwork","floor":2},{"not_picked":["Flying Knee","Eviscerate"],"picked":"Choke","floor":3},{"not_picked":["Escape Plan","Deflect"],"picked":"Dagger Throw","floor":5},{"not_picked":["Poisoned Stab","Flying Knee"],"picked":"Predator","floor":6},{"not_picked":["Blade Dance","Quick Slash"],"picked":"Expertise","floor":8},{"not_picked":["Venomology","Slice"],"picked":"Skewer","floor":11},{"not_picked":["Phantasmal Killer","Adrenaline"],"picked":"Night Terror","floor":16},{"not_picked":["Footwork","Underhanded Strike"],"picked":"Dodge and Roll","floor":18},{"not_picked":["Reflex","Tactician"],"picked":"Blur","floor":24},{"not_picked":["All Out Attack+1","Slice+1","PiercingWail"],"picked":"Singing Bowl","floor":27},{"not_picked":["Reflex","Calculated Gamble+1","Blade Dance+1"],"picked":"Singing Bowl","floor":30},{"not_picked":["Dagger Spray","All Out Attack","Sucker Punch"],"picked":"Singing Bowl","floor":31},{"not_picked":["Unload","Grand Finale"],"picked":"Bullet Time","floor":33},{"not_picked":["Dodge and Roll","Predator+1","Heel Hook"],"picked":"Singing Bowl","floor":35},{"not_picked":["Dodge and Roll+1","Sucker Punch","Flying Knee+1"],"picked":"Singing Bowl","floor":37},{"not_picked":["Dash","Endless Agony+1"],"picked":"Adrenaline","floor":38},{"not_picked":["Underhanded Strike","PiercingWail+1","Masterful Stab+1"],"picked":"Singing Bowl","floor":41},{"not_picked":["Impatience","Good Instincts"],"picked":"Thinking Ahead","floor":45},{"not_picked":["Acrobatics","PiercingWail","Sucker Punch"],"picked":"Singing Bowl","floor":48}],"player_experience":273675,"relics_obtained":[{"floor":6,"key":"Ornamental Fan"},{"floor":9,"key":"Kunai"},{"floor":19,"key":"Enchiridion"},{"floor":20,"key":"Red Mask"},{"floor":24,"key":"Dead Branch"},{"floor":26,"key":"Singing Bowl"},{"floor":29,"key":"Vajra"},{"floor":34,"key":"Bag of Preparation"},{"floor":34,"key":"Paper Crane"},{"floor":34,"key":"WingedGreaves"},{"floor":41,"key":"Turnip"},{"floor":43,"key":"Bottled Tornado"}],"event_choices":[{"cards_removed":["Strike_G"],"damage_healed":0,"gold_gain":0,"player_choice":"Forget","damage_taken":0,"max_hp_gain":0,"max_hp_loss":0,"event_name":"Living Wall","floor":13,"gold_loss":0},{"damage_healed":23,"gold_gain":0,"player_choice":"Banana","damage_taken":0,"max_hp_gain":0,"max_hp_loss":0,"event_name":"Big Fish","floor":14,"gold_loss":0},{"damage_healed":0,"gold_gain":0,"player_choice":"Obtained Book","damage_taken":16,"max_hp_gain":0,"max_hp_loss":0,"event_name":"Cursed Tome","floor":19,"gold_loss":0},{"damage_healed":0,"gold_gain":0,"player_choice":"Fought Bandits","damage_taken":0,"max_hp_gain":0,"max_hp_loss":0,"event_name":"Masked Bandits","floor":20,"gold_loss":0},{"damage_healed":0,"gold_gain":0,"player_choice":"Opened","damage_taken":0,"relics_obtained":["Regal Pillow"],"max_hp_gain":0,"max_hp_loss":0,"event_name":"The Mausoleum","floor":21,"gold_loss":0,"cards_obtained":["Writhe"]},{"damage_healed":0,"gold_gain":222,"player_choice":"Wore Mask","damage_taken":0,"max_hp_gain":0,"max_hp_loss":0,"event_name":"Tomb of Lord Red Mask","floor":36,"gold_loss":0},{"damage_healed":0,"gold_gain":0,"player_choice":"Fight","damage_taken":0,"max_hp_gain":0,"max_hp_loss":0,"event_name":"Mysterious Sphere","floor":41,"gold_loss":0},{"damage_healed":0,"gold_gain":0,"player_choice":"Memory 1","damage_taken":0,"max_hp_gain":0,"max_hp_loss":0,"event_name":"SensoryStone","floor":45,"gold_loss":0}],"is_beta":false,"boss_relics":[{"not_picked":["HoveringKite","Black Star"],"picked":"Philosopher\u0027s Stone"},{"not_picked":["Empty Cage","Eternal Feather"],"picked":"Calling Bell"}],"items_purged_floors":[4,22,28,39],"is_endless":false,"potions_floor_spawned":[1,3,6,8,11,18,20,30,31,33,35,37,41,48],"killed_by":"Time Eater","ascension_level":0}