{"gold_per_floor":[111,127,127,302,321,321,347,347,647,400,350,379,394,411,411,515,515,530,265,265,284,147,147,147,174,174,174,174,194,194,204,204,299,299,309,409,409,422,438,438,156,156,156,156,156,12,24,24,24,24],"floor_reached":51,"playtime":7270,"items_purged":["Doubt","Defend_G"],"score":1069,"play_id":"89673ba9-76b3-4b17-b808-187de3cbe8f2","local_time":"20190717003325","is_ascension_mode":true,"campfire_choices":[{"data":"Quick Slash","floor":6.0,"key":"SMITH"},{"floor":8.0,"key":"REST"},{"data":"Neutralize","floor":15.0,"key":"SMITH"},{"floor":23.0,"key":"REST"},{"floor":30.0,"key":"DIG"},{"floor":32.0,"key":"REST"},{"floor":40.0,"key":"DIG"},{"floor":42.0,"key":"DIG"},{"floor":49.0,"key":"REST"}],"neow_cost":"NONE","seed_source_timestamp":580174486260362,"circlet_count":0,"master_deck":["AscendersBane","Defend_G","Defend_G","Defend_G","Defend_G","Survivor","Neutralize+1","Leg Sweep+1","Endless Agony","Quick Slash+1","Endless Agony","Dagger Spray","Cloak And Dagger","PiercingWail","Unload","Envenom","After Image","Apotheosis+1","Blur","Acrobatics","Backflip","Well Laid Plans","Terror","Choke+1","Ghostly","Ghostly","Ghostly","Ghostly","Ghostly","Riddle With Holes+1","Malaise","Infinite Blades","Prepared+1","Blur","Caltrops","Footwork","Terror"],"special_seed":0,"relics":["Sozu","Sundial","Old Coin","Pen Nib","The Specimen","WristBlade","Centennial Puzzle","Shovel","Bottled Flame","Empty Cage","Calipers","Smiling Mask","Bag of Preparation","Strawberry","Ice Cream"],"potions_floor_usage":[],"damage_taken":[{"damage":0.0,"enemies":"Jaw Worm","floor":1.0,"turns":5.0},{"damage":0.0,"enemies":"Small Slimes","floor":2.0,"turns":5.0},{"damage":1.0,"enemies":"2 Louse","floor":5.0,"turns":3.0},{"damage":41.0,"enemies":"Gremlin Nob","floor":7.0,"turns":6.0},{"damage":4.0,"enemies":"Lagavulin","floor":12.0,"turns":9.0},{"damage":2.0,"enemies":"Exordium Wildlife","floor":13.0,"turns":4.0},{"damage":2.0,"enemies":"3 Louse","floor":14.0,"turns":3.0},{"damage":12.0,"enemies":"The Guardian","floor":16.0,"turns":15.0},{"damage":4.0,"enemies":"3 Byrds","floor":18.0,"turns":6.0},{"damage":23.0,"enemies":"2 Thieves","floor":21.0,"turns":3.0},{"damage":14.0,"enemies":"Book of Stabbing","floor":25.0,"turns":6.0},{"damage":0.0,"enemies":"Snecko","floor":29.0,"turns":5.0},{"damage":2.0,"enemies":"Centurion and Healer","floor":31.0,"turns":6.0},{"damage":1.0,"enemies":"Automaton","floor":33.0,"turns":9.0},{"damage":0.0,"enemies":"Orb Walker","floor":35.0,"turns":4.0},{"damage":0.0,"enemies":"Mind Bloom Boss Battle","floor":36.0,"turns":10.0},{"damage":0.0,"enemies":"3 Shapes","floor":38.0,"turns":4.0},{"damage":0.0,"enemies":"Sphere and 2 Shapes","floor":39.0,"turns":8.0},{"damage":15.0,"enemies":"Spire Growth","floor":47.0,"turns":6.0},{"damage":10,"enemies":"Donu and Deca","floor":50,"turns":10}],"seed_played":"-5777137445508921717","potions_obtained":[],"is_trial":false,"path_per_floor":["M","M","?","?","M","R","E","R","T","$","?","E","M","M","R","B",null,"M","$","?","M","$","R","?","E","T","$","?","M","R","M","R","B",null,"M","?","?","M","M","R","$","R","T","$","?","$","M","$","R","B",null],"character_chosen":"THE_SILENT","items_purchased":["Dagger Spray","Pen Nib","After Image","Apotheosis","Well Laid Plans","Terror","Bag of Preparation","Caltrops","Footwork","Terror"],"campfire_rested":4,"item_purchase_floors":[10,10,19,19,22,22,41,41,46,46],"current_hp_per_floor":[63,63,63,63,62,62,21,42,42,42,42,38,36,34,34,22,58,54,54,54,31,31,52,39,25,25,25,25,25,25,23,34,33,36,36,36,35,35,35,35,35,42,42,42,42,42,27,27,39,29],"gold":24,"neow_bonus":"BOSS_RELIC","is_prod":false,"is_daily":false,"chose_seed":false,"campfire_upgraded":2,"win_rate":0,"timestamp":1563338005,"path_taken":["M","M","?","?","M","R","E","R","T","$","?","E","M","M","R","BOSS","M","$","?","M","$","R","?","E","T","$","?","?","R","M","R","BOSS","M","?","?","M","M","R","$","R","T","$","?","$","?","?","R","BOSS"],"build_version":"2019-07-05","purchased_purges":2,"victory":true,"max_hp_per_floor":[70,70,70,70,70,70,70,70,70,70,70,70,70,70,70,70,70,70,70,70,70,70,70,75,75,75,75,37,37,37,37,37,37,37,37,37,35,35,35,35,35,42,42,42,42,42,42,42,42,42],"card_choices":[{"not_picked":["Accuracy","Outmaneuver"],"picked":"Leg Sweep","floor":1.0},{"not_picked":["Finisher","Prepared"],"picked":"Endless Agony","floor":2.0},{"not_picked":["Caltrops","Deadly Poison"],"picked":"Quick Slash","floor":5.0},{"not_picked":["Finisher","Acrobatics"],"picked":"Endless Agony","floor":7.0},{"not_picked":["Blur","Tools of the Trade"],"picked":"Cloak And Dagger","floor":12.0},{"not_picked":["Prepared","Slice"],"picked":"PiercingWail","floor":13.0},{"not_picked":["Blade Dance","Deadly Poison"],"picked":"Unload","floor":14.0},{"not_picked":["Burst","Phantasmal Killer"],"picked":"Envenom","floor":16.0},{"not_picked":["Deflect","Concentrate+1","Reflex"],"picked":"SKIP","floor":18.0},{"not_picked":["Riddle With Holes","Setup"],"picked":"Backflip","floor":21.0},{"not_picked":["Expertise","Slice"],"picked":"Choke+1","floor":25.0},{"not_picked":["Dagger Throw","Quick Slash","Concentrate"],"picked":"SKIP","floor":29.0},{"not_picked":["Dodge and Roll","Backflip"],"picked":"Riddle With Holes+1","floor":31.0},{"not_picked":["Storm of Steel","Venomology"],"picked":"Malaise","floor":33.0},{"not_picked":["Poisoned Stab","Catalyst+1"],"picked":"Infinite Blades","floor":35.0},{"not_picked":["Setup","Bane"],"picked":"Prepared+1","floor":38.0},{"not_picked":["Dagger Spray","Escape Plan+1"],"picked":"Blur","floor":39.0},{"not_picked":["Concentrate","Deadly Poison","Sucker Punch+1"],"picked":"SKIP","floor":47.0}],"player_experience":638416,"relics_obtained":[{"floor":7.0,"key":"Sundial"},{"floor":9.0,"key":"Old Coin"},{"floor":12.0,"key":"The Specimen"},{"floor":25.0,"key":"Centennial Puzzle"},{"floor":26.0,"key":"Shovel"},{"floor":30.0,"key":"Bottled Flame"},{"floor":36.0,"key":"Calipers"},{"floor":40.0,"key":"Smiling Mask"},{"floor":42.0,"key":"Strawberry"},{"floor":43.0,"key":"Ice Cream"}],"event_choices":[{"damage_healed":0.0,"max_hp_gain":0.0,"max_hp_loss":0.0,"gold_gain":0.0,"event_name":"Living Wall","player_choice":"Grow","floor":3.0,"gold_loss":0.0,"damage_taken":0.0,"cards_upgraded":["Leg Sweep"]},{"damage_healed":0.0,"max_hp_gain":0.0,"max_hp_loss":0.0,"gold_gain":175.0,"event_name":"Liars Game","player_choice":"AGREE","floor":4.0,"gold_loss":0.0,"damage_taken":0.0,"cards_obtained":["Doubt"]},{"cards_removed":["Strike_G"],"damage_healed":0.0,"max_hp_gain":0.0,"max_hp_loss":0.0,"gold_gain":0.0,"event_name":"The Cleric","player_choice":"Card Removal","floor":11.0,"gold_loss":50.0,"damage_taken":0.0},{"damage_healed":0.0,"max_hp_gain":0.0,"max_hp_loss":0.0,"gold_gain":0.0,"cards_transformed":["Strike_G","Strike_G"],"event_name":"Drug Dealer","player_choice":"Became Test Subject","floor":20.0,"gold_loss":0.0,"damage_taken":0.0,"cards_obtained":["Blur","Acrobatics"]},{"damage_healed":0.0,"max_hp_gain":5.0,"max_hp_loss":0.0,"gold_gain":0.0,"event_name":"Forgotten Altar","player_choice":"Shed Blood","floor":24.0,"gold_loss":0.0,"damage_taken":18.0},{"damage_healed":0.0,"max_hp_gain":0.0,"max_hp_loss":38.0,"gold_gain":0.0,"event_name":"Ghosts","player_choice":"Became a Ghost","floor":28.0,"gold_loss":0.0,"damage_taken":0.0,"cards_obtained":["Ghostly","Ghostly","Ghostly","Ghostly","Ghostly"]},{"damage_healed":0.0,"max_hp_gain":0.0,"max_hp_loss":0.0,"gold_gain":0.0,"event_name":"MindBloom","player_choice":"Fight","floor":36.0,"gold_loss":0.0,"damage_taken":0.0},{"damage_healed":0.0,"max_hp_gain":0.0,"max_hp_loss":2.0,"gold_gain":0.0,"event_name":"Winding Halls","player_choice":"Max HP","floor":37.0,"gold_loss":0.0,"damage_taken":0.0},{"damage_healed":0.0,"max_hp_gain":0.0,"max_hp_loss":0.0,"gold_gain":0.0,"event_name":"Upgrade Shrine","player_choice":"Upgraded","floor":45.0,"gold_loss":0.0,"damage_taken":0.0,"cards_upgraded":["Apotheosis"]}],"is_beta":false,"boss_relics":[{"not_picked":["Velvet Choker","Ectoplasm"],"picked":"WristBlade"},{"not_picked":["Pandora\u0027s Box","Runic Dome"],"picked":"Empty Cage"}],"items_purged_floors":[10,41],"is_endless":false,"potions_floor_spawned":[1,14,18,29,36,39],"ascension_level":12}