{"path_per_floor":["M","M","M","?","M","E","R","M","T","R","M","?","$","M","R","B",null,"M","M","$","M","?"],"character_chosen":"IRONCLAD","items_purchased":["Bronze Scales","Omamori"],"gold_per_floor":[114,129,144,124,139,169,169,184,184,184,199,199,49,64,64,164,164,179,194,44,59,59],"floor_reached":23,"campfire_rested":0,"playtime":1576,"current_hp_per_floor":[78,77,76,75,74,53,53,56,56,56,62,62,62,65,64,34,62,61,39,39,27,27],"items_purged":[],"gold":59,"score":195,"play_id":"c8c42c29-6def-4637-913a-5c333b5b8daa","local_time":"20180318081344","daily_mods":["Allstar","Uncertain Future","Terminal"],"is_prod":false,"is_daily":true,"is_ascension_mode":false,"campfire_upgraded":3,"timestamp":1521353624,"path_taken":["M","M","?","?","M","E","R","M","T","R","M","?","$","M","R","BOSS","M","M","$","M","?","E"],"build_version":"2018-03-15v3","purchased_purges":0,"victory":false,"master_deck":["Strike_R","Strike_R","Strike_R","Strike_R","Strike_R","Defend_R","Defend_R","Defend_R","Defend_R","Bash","Dark Shackles","Secret Weapon","Clothesline","Combust","Heavy Blade","Fire Breathing+1","Cleave","Rupture+1","Dropkick","Rampage+1","Juggernaut","Shockwave","Rampage","Impervious"],"max_hp_per_floor":[78,77,76,75,74,73,72,71,70,69,68,67,66,65,64,63,62,61,60,59,58,57],"relics":["Burning Blood","Ornamental Fan","Magic Flower","Bronze Scales","Runic Cube","Omamori"],"card_choices":[{"not_picked":["Headbutt","True Grit"],"picked":"Clothesline"},{"not_picked":["Flex","Intimidate"],"picked":"Combust"},{"not_picked":["Cleave","Shockwave"],"picked":"Heavy Blade"},{"not_picked":["Sword Boomerang","Seeing Red"],"picked":"Fire Breathing"},{"not_picked":["Carnage","Clothesline"],"picked":"Cleave"},{"not_picked":["Burning Pact","Corruption"],"picked":"Rupture"},{"not_picked":["Thunderclap","Immolate"],"picked":"Dropkick"},{"not_picked":["Reckless Charge","Armaments"],"picked":"Rampage"},{"not_picked":["Reaper","Exhume"],"picked":"Juggernaut"},{"not_picked":["Anger","Headbutt"],"picked":"Shockwave"},{"not_picked":["Twin Strike","Headbutt"],"picked":"Rampage"},{"not_picked":["Headbutt","Sword Boomerang"],"picked":"Impervious"}],"player_experience":92347,"potions_floor_usage":[5,8,16,16,16,23],"damage_taken":[{"damage":0,"enemies":"Cultist","floor":1,"turns":4},{"damage":0,"enemies":"Small Slimes","floor":2,"turns":4},{"damage":2,"enemies":"2 Louse","floor":3,"turns":3},{"damage":4,"enemies":"2 Fungi Beasts","floor":5,"turns":4},{"damage":27,"enemies":"Lagavulin","floor":6,"turns":8},{"damage":3,"enemies":"3 Louse","floor":8,"turns":2},{"damage":3,"enemies":"Exordium Thugs","floor":11,"turns":5},{"damage":5,"enemies":"Blue Slaver","floor":14,"turns":2},{"damage":39,"enemies":"The Guardian","floor":16,"turns":9},{"damage":8,"enemies":"Chosen","floor":18,"turns":4},{"damage":31,"enemies":"2 Thieves","floor":19,"turns":5},{"damage":21,"enemies":"Snecko","floor":21,"turns":6},{"damage":28,"enemies":"Slavers","floor":23,"turns":4}],"event_choices":[{"event_name":"The Woman in Blue","player_choice":"Bought 1 Potion","floor":4,"damage_taken":0},{"event_name":"Liars Game","player_choice":"disagreed","floor":12,"damage_taken":0},{"event_name":"Addict","player_choice":"Ignored","floor":22,"damage_taken":0}],"boss_relics":[{"not_picked":["Astrolabe","Orrery"],"picked":"Runic Cube"}],"potions_floor_spawned":[1,3,6,11,14,21],"seed_played":"2953517847957516684","killed_by":"Slavers","ascension_level":0,"is_trial":false}