{"gold_per_floor":[362,92,112,187,200,200,228,403,482,482,493,493,453,492,492,492],"floor_reached":16,"playtime":425,"items_purged":["Pain"],"score":157,"play_id":"4a005991-db4d-42ae-a878-8b9328f7ba82","local_time":"20180925222600","is_ascension_mode":true,"campfire_choices":[{"floor":6.0,"key":"REST"},{"floor":15,"key":"REST"}],"neow_cost":"CURSE","seed_source_timestamp":0,"circlet_count":0,"master_deck":["Strike_R","Strike_R","Strike_R","Strike_R","Strike_R","Defend_R","Defend_R","Defend_R","Defend_R","Bash","Whirlwind","Doubt","Mind Blast","Injury","Calculated Gamble"],"special_seed":0,"relics":["Burning Blood","PrismaticShard","Potion Belt","Bottled Lightning","Golden Idol","Matryoshka"],"potions_floor_usage":[14,14,14],"damage_taken":[{"damage":13.0,"enemies":"Small Slimes","floor":1.0,"turns":4.0},{"damage":6.0,"enemies":"2 Louse","floor":3.0,"turns":3.0},{"damage":6.0,"enemies":"Cultist","floor":5.0,"turns":3.0},{"damage":76.0,"enemies":"Lagavulin","floor":7.0,"turns":7.0},{"damage":11.0,"enemies":"3 Louse","floor":11.0,"turns":4.0},{"damage":28,"enemies":"Gremlin Nob","floor":14,"turns":4},{"damage":24,"enemies":"Hexaghost","floor":16,"turns":8}],"seed_played":"-7861779461706003859","potions_obtained":[{"floor":1.0,"key":"Poison Potion"},{"floor":5.0,"key":"GamblersBrew"},{"floor":11.0,"key":"SneckoOil"},{"floor":13.0,"key":"LiquidBronze"},{"floor":13.0,"key":"LiquidBronze"},{"floor":13.0,"key":"Explosive Potion"}],"is_trial":false,"path_per_floor":["M","$","M","?","M","R","E","?","T","?","M","?","?","E","R"],"character_chosen":"IRONCLAD","items_purchased":["PrismaticShard"],"campfire_rested":2,"item_purchase_floors":[2],"current_hp_per_floor":[65,65,65,54,54,78,8,8,8,34,29,29,29,7,31,7],"gold":492,"neow_bonus":"TWO_FIFTY_GOLD","is_prod":false,"is_daily":false,"chose_seed":false,"campfire_upgraded":0,"win_rate":0,"timestamp":1537903560,"path_taken":["M","$","M","?","M","R","E","?","T","?","?","?","?","E","R","BOSS"],"build_version":"2018-09-20","purchased_purges":1,"victory":false,"max_hp_per_floor":[80,80,80,80,80,80,80,80,80,80,80,80,80,80,80,80],"card_choices":[{"not_picked":["Burning Pact","Headbutt","Anger"],"picked":"SKIP","floor":1.0},{"not_picked":["Redo","Rage","Hologram"],"picked":"SKIP","floor":3.0},{"not_picked":["Recycle","Warcry","Compile Driver"],"picked":"SKIP","floor":5.0},{"not_picked":["Footwork","True Grit"],"picked":"Whirlwind","floor":7.0},{"not_picked":["Slice","True Grit"],"picked":"Mind Blast","floor":11.0},{"not_picked":["Underhanded Strike","Flash of Steel"],"picked":"Calculated Gamble","floor":14}],"player_experience":382129,"relics_obtained":[{"floor":7.0,"key":"Potion Belt"},{"floor":9.0,"key":"Bottled Lightning"},{"floor":14,"key":"Matryoshka"}],"event_choices":[{"event_name":"World of Goop","player_choice":"Gather Gold","floor":4.0,"damage_taken":0.0},{"event_name":"Liars Game","player_choice":"agreed","floor":8.0,"damage_taken":0.0},{"event_name":"Big Fish","player_choice":"Banana","floor":10.0,"damage_taken":0.0},{"event_name":"Golden Idol","player_choice":"Take Wound","floor":12.0,"damage_taken":0.0},{"event_name":"The Woman in Blue","player_choice":"Bought 3 Potions","floor":13.0,"damage_taken":0.0}],"is_beta":false,"boss_relics":[],"items_purged_floors":[2],"is_endless":false,"potions_floor_spawned":[1,5,11],"killed_by":"Hexaghost","ascension_level":9}