{"gold_per_floor":[113,388,388,406,78,78,109,109,409,439,514,514,537,551,551,551],"floor_reached":16,"playtime":435,"items_purged":["Strike_R"],"score":157,"play_id":"c0b9a548-8eb2-4f30-8f5a-5d3f9a8e8309","local_time":"20180929151914","is_ascension_mode":true,"campfire_choices":[{"data":"Flex","floor":6,"key":"SMITH"},{"floor":8,"key":"REST"},{"floor":15,"key":"REST"}],"neow_cost":"","seed_source_timestamp":712799785661565,"circlet_count":0,"master_deck":["Strike_R","Strike_R","Strike_R","Strike_R","Defend_R","Defend_R","Defend_R","Defend_R","Bash","Heavy Blade","Bloodletting","Flex+1","Inflame","Flex","Injury","Flex"],"relics":["Burning Blood","Membership Card","MawBank","The Courier","Old Coin","Letter Opener","Golden Idol"],"potions_floor_usage":[7,10,16],"damage_taken":[{"damage":8,"enemies":"2 Louse","floor":1,"turns":4},{"damage":6,"enemies":"Cultist","floor":4,"turns":3},{"damage":35,"enemies":"3 Sentries","floor":7,"turns":6},{"damage":16,"enemies":"Gremlin Nob","floor":10,"turns":3},{"damage":7,"enemies":"Jaw Worm","floor":13,"turns":3},{"damage":39,"enemies":"Exordium Thugs","floor":14,"turns":6},{"damage":55,"enemies":"The Guardian","floor":16,"turns":7}],"seed_played":"3831511308245711967","potions_obtained":[{"floor":4,"key":"Fire Potion"},{"floor":7,"key":"PowerPotion"},{"floor":14,"key":"GamblersBrew"}],"is_trial":false,"path_per_floor":["M","?","?","M","$","R","E","R","T","E","?","?","M","M","R"],"character_chosen":"IRONCLAD","items_purchased":["Membership Card","MawBank","Flex"],"campfire_rested":2,"item_purchase_floors":[5,5,5],"current_hp_per_floor":[70,70,70,70,70,70,41,65,65,55,44,44,43,10,34,0],"gold":551,"neow_bonus":"","is_prod":false,"is_daily":false,"chose_seed":false,"campfire_upgraded":1,"win_rate":0,"timestamp":1538223554,"path_taken":["M","?","?","M","$","R","E","R","T","E","?","?","M","M","R","BOSS"],"build_version":"2018-09-27","purchased_purges":1,"victory":false,"max_hp_per_floor":[80,80,80,80,80,80,80,80,80,80,80,80,80,80,80,80],"card_choices":[{"not_picked":["Sword Boomerang","Headbutt"],"picked":"Heavy Blade","floor":1},{"not_picked":["Shockwave","True Grit"],"picked":"Bloodletting","floor":4},{"not_picked":["Bludgeon","Shrug It Off"],"picked":"Inflame","floor":7},{"not_picked":["Dual Wield","Exhume"],"picked":"Flex","floor":10},{"not_picked":["Power Through","Iron Wave"],"picked":"Flex","floor":13},{"not_picked":["Second Wind","Clothesline","Armaments"],"picked":"SKIP","floor":14}],"player_experience":393443,"relics_obtained":[{"floor":7,"key":"The Courier"},{"floor":9,"key":"Old Coin"},{"floor":10,"key":"Letter Opener"}],"event_choices":[{"event_name":"Golden Shrine","player_choice":"Desecrate","floor":2,"damage_taken":0},{"event_name":"Living Wall","player_choice":"Forget","floor":3,"damage_taken":0},{"event_name":"World of Goop","player_choice":"Gather Gold","floor":11,"damage_taken":0},{"event_name":"Golden Idol","player_choice":"Take Wound","floor":12,"damage_taken":0}],"is_beta":false,"boss_relics":[],"items_purged_floors":[5],"is_endless":false,"potions_floor_spawned":[4,7,14],"killed_by":"The Guardian","ascension_level":9}