{"path_per_floor":["M","?","$","M","$","E","R","E","T","M","M","M","M","M","R","B",null,"M","$","M","M","?","?"],"character_chosen":"IRONCLAD","items_purchased":["Whetstone","Bronze Scales","Pen Nib"],"gold_per_floor":[214,214,70,90,90,120,120,147,147,162,179,199,213,227,227,326,326,344,52,62,74,74,74],"floor_reached":24,"campfire_rested":0,"playtime":2349,"current_hp_per_floor":[80,80,80,80,80,80,80,80,80,80,80,80,80,80,80,68,80,80,80,81,36,36,36],"items_purged":[],"gold":74,"score":210,"play_id":"bdace9f6-e727-4542-9d30-ba4a20e2c1cd","local_time":"20180311175448","is_prod":false,"is_daily":false,"is_ascension_mode":false,"campfire_upgraded":2,"timestamp":1520783688,"path_taken":["M","?","$","M","?","E","R","E","T","M","M","M","M","?","R","BOSS","M","$","M","M","?","?","E"],"build_version":"2018-03-09","purchased_purges":0,"victory":false,"master_deck":["Strike_R","Strike_R+1","Strike_R","Strike_R","Strike_R+1","Defend_R","Defend_R","Defend_R","Defend_R","Bash","Flame Barrier+1","Iron Wave","Anger","Carnage","Intimidate","Cleave","Spot Weakness","Shockwave","Cleave+1","Feed","Sword Boomerang+1","Pommel Strike","Headbutt","Limit Break","Bash"],"max_hp_per_floor":[80,80,80,80,80,80,80,80,80,80,80,80,80,80,80,80,80,80,80,83,83,83,83],"relics":["Black Blood","Whetstone","Anchor","Oddly Smooth Stone","Orichalcum","Bronze Scales","Pen Nib","Gremlin Horn"],"card_choices":[{"not_picked":["Clash","Rupture"],"picked":"Flame Barrier"},{"not_picked":["Combust","Perfected Strike"],"picked":"Iron Wave"},{"not_picked":["Thunderclap","Dropkick"],"picked":"Anger"},{"not_picked":["Wild Strike","Headbutt"],"picked":"Carnage"},{"not_picked":["Blood for Blood","Pommel Strike"],"picked":"Intimidate"},{"not_picked":["Rage","Thunderclap"],"picked":"Cleave"},{"not_picked":["Perfected Strike","Wild Strike"],"picked":"Spot Weakness"},{"not_picked":["Evolve","Thunderclap"],"picked":"Shockwave"},{"not_picked":["Inflame","Brutality"],"picked":"Cleave"},{"not_picked":["Juggernaut","Offering"],"picked":"Feed"},{"not_picked":["Clash","Warcry"],"picked":"Sword Boomerang"},{"not_picked":["Flex","Clash"],"picked":"Pommel Strike"},{"not_picked":["Flex","Perfected Strike"],"picked":"Headbutt"}],"player_experience":68603,"potions_floor_usage":[6,16,21,24,24],"damage_taken":[{"damage":5,"enemies":"Small Slimes","floor":1,"turns":3},{"damage":1,"enemies":"Jaw Worm","floor":4,"turns":4},{"damage":5,"enemies":"Gremlin Nob","floor":6,"turns":5},{"damage":6,"enemies":"3 Sentries","floor":8,"turns":7},{"damage":0,"enemies":"Cultist","floor":10,"turns":3},{"damage":0,"enemies":"Exordium Thugs","floor":11,"turns":5},{"damage":0,"enemies":"Large Slime","floor":12,"turns":5},{"damage":0,"enemies":"Looter","floor":13,"turns":3},{"damage":0,"enemies":"2 Fungi Beasts","floor":14,"turns":3},{"damage":18,"enemies":"Slime Boss","floor":16,"turns":7},{"damage":6,"enemies":"3 Byrds","floor":18,"turns":5},{"damage":12,"enemies":"Spheric Guardian","floor":20,"turns":4},{"damage":55,"enemies":"Cultist and Chosen","floor":21,"turns":6},{"damage":36,"enemies":"Gremlin Leader","floor":24,"turns":4}],"event_choices":[{"event_name":"Golden Wing","player_choice":"Ignored","floor":2,"damage_taken":0},{"event_name":"Match and Keep!","player_choice":"2 cards matched","floor":22,"damage_taken":0},{"event_name":"The Mausoleum","player_choice":"Yes","floor":23,"damage_taken":0}],"boss_relics":[{"not_picked":["White Beast Statue","Snecko Eye"],"picked":"Black Blood"}],"potions_floor_spawned":[4,6,11,13,20],"seed_played":"871340923556212368","killed_by":"Gremlin Leader","ascension_level":0,"is_trial":false}