{"gold_per_floor":[114,129,129,145,156,156,181,181,204,220,220,145,165,196,196,196],"floor_reached":16,"playtime":381,"items_purged":["Regret"],"score":185,"play_id":"1f81faea-9477-4815-b968-9fdcd580079a","local_time":"20190414215443","is_ascension_mode":true,"campfire_choices":[{"data":"Whirlwind","floor":6,"key":"SMITH"},{"floor":8,"key":"RECALL"},{"floor":15,"key":"REST"}],"neow_cost":"NONE","seed_source_timestamp":50102667406800,"circlet_count":0,"master_deck":["AscendersBane","Strike_R","Strike_R","Strike_R","Strike_R","Defend_R","Defend_R","Defend_R","Defend_R","Bash","Pommel Strike","Warcry","Exhume","Havoc","Whirlwind+1","Barricade","Battle Trance","Havoc","Sever Soul"],"relics":["Burning Blood","NeowsBlessing","Strawberry","Blood Vial","Bag of Marbles"],"potions_floor_usage":[5,7,16,16],"damage_taken":[{"damage":0,"enemies":"Cultist","floor":1,"turns":1},{"damage":0,"enemies":"Small Slimes","floor":2,"turns":1},{"damage":0,"enemies":"Jaw Worm","floor":4,"turns":1},{"damage":7,"enemies":"2 Fungi Beasts","floor":5,"turns":6},{"damage":38,"enemies":"Gremlin Nob","floor":7,"turns":5},{"damage":22,"enemies":"Exordium Wildlife","floor":10,"turns":4},{"damage":0,"enemies":"Lots of Slimes","floor":13,"turns":1},{"damage":40,"enemies":"Lagavulin","floor":14,"turns":5},{"damage":50,"enemies":"Hexaghost","floor":16,"turns":6}],"seed_played":"4662464755144269098","potions_obtained":[{"floor":2,"key":"EssenceOfSteel"},{"floor":4,"key":"Weak Potion"},{"floor":5,"key":"LiquidBronze"},{"floor":13,"key":"BloodPotion"}],"is_trial":false,"path_per_floor":["M","M","?","M","M","R","E","R","T","M","?","$","M","E","R","B"],"character_chosen":"IRONCLAD","items_purchased":[],"campfire_rested":1,"item_purchase_floors":[],"current_hp_per_floor":[78,80,80,80,79,79,54,54,54,38,38,38,46,14,40,0],"gold":196,"neow_bonus":"THREE_ENEMY_KILL","is_prod":false,"is_daily":false,"chose_seed":false,"campfire_upgraded":1,"win_rate":0,"timestamp":1555268083,"path_taken":["M","?","?","M","M","R","E","R","T","?","?","$","M","E","R","BOSS"],"build_version":"2019-01-23","purchased_purges":1,"victory":false,"max_hp_per_floor":[80,80,80,80,80,80,87,87,87,87,87,87,87,87,87,87],"card_choices":[{"not_picked":["Body Slam","Hemokinesis"],"picked":"Pommel Strike","floor":1},{"not_picked":["Twin Strike","Dual Wield"],"picked":"Warcry","floor":2},{"not_picked":["True Grit","Clash"],"picked":"Havoc","floor":4},{"not_picked":["Pummel","Cleave"],"picked":"Whirlwind","floor":5},{"not_picked":["Sword Boomerang","Perfected Strike"],"picked":"Barricade","floor":7},{"not_picked":["Wild Strike","Headbutt"],"picked":"Battle Trance","floor":10},{"not_picked":["Hemokinesis","True Grit"],"picked":"Havoc","floor":13},{"not_picked":["Warcry","Shrug It Off"],"picked":"Sever Soul","floor":14}],"player_experience":547025,"relics_obtained":[{"floor":7,"key":"Strawberry"},{"floor":14,"key":"Bag of Marbles"}],"event_choices":[{"damage_healed":0,"gold_gain":0,"cards_transformed":["Strike_R"],"player_choice":"Transformed","damage_taken":0,"max_hp_gain":0,"max_hp_loss":0,"event_name":"Transmorgrifier","floor":3,"gold_loss":0,"cards_obtained":["Exhume"]},{"damage_healed":0,"gold_gain":0,"player_choice":"Box","damage_taken":0,"relics_obtained":["Blood Vial"],"max_hp_gain":0,"max_hp_loss":0,"event_name":"Big Fish","floor":11,"gold_loss":0,"cards_obtained":["Regret"]}],"is_beta":false,"boss_relics":[],"items_purged_floors":[12],"is_endless":false,"potions_floor_spawned":[2,4,5,13],"killed_by":"Hexaghost","ascension_level":13}