{"gold_per_floor":[218,218,229,229,229,229,73,73,73,73,93,109,190,223,223,344,344,368,368,31,31,47,47,47,59],"floor_reached":25,"playtime":744,"items_purged":["Strike_R"],"score":305,"play_id":"f4b1dfd8-6873-43d9-8210-edb36fa49b71","local_time":"20181016190925","is_ascension_mode":true,"campfire_choices":[{"floor":6.0,"key":"REST"},{"data":"Cleave","floor":8.0,"key":"SMITH"},{"data":"Heavy Blade","floor":10.0,"key":"SMITH"},{"floor":15.0,"key":"REST"},{"data":"Bash","floor":23.0,"key":"SMITH"}],"neow_cost":"NONE","seed_source_timestamp":0,"circlet_count":0,"master_deck":["Strike_R","Strike_R","Strike_R","Defend_R","Defend_R","Defend_R","Defend_R","Bash+1","AscendersBane","Cleave+1","Heavy Blade+1","Intimidate+1","Searing Blow","Flame Barrier+1","Infernal Blade+1","Offering+1","Clothesline+1","Writhe"],"special_seed":0,"relics":["Black Blood","Letter Opener","Golden Idol","Happy Flower","Toxic Egg 2","Regal Pillow","Pantograph","Matryoshka","MawBank"],"potions_floor_usage":[25],"damage_taken":[{"damage":19.0,"enemies":"Jaw Worm","floor":1.0,"turns":5.0},{"damage":2.0,"enemies":"2 Louse","floor":3.0,"turns":2.0},{"damage":0.0,"enemies":"Cultist","floor":11.0,"turns":2.0},{"damage":0.0,"enemies":"Gremlin Gang","floor":12.0,"turns":2.0},{"damage":46.0,"enemies":"Lagavulin Event","floor":13.0,"turns":7.0},{"damage":20.0,"enemies":"Gremlin Nob","floor":14.0,"turns":4.0},{"damage":39.0,"enemies":"Slime Boss","floor":16.0,"turns":12.0},{"damage":29.0,"enemies":"Shell Parasite","floor":18.0,"turns":4.0},{"damage":19.0,"enemies":"2 Thieves","floor":22.0,"turns":3.0},{"damage":45,"enemies":"Book of Stabbing","floor":25,"turns":5}],"seed_played":"6878626594852892791","potions_obtained":[{"floor":11.0,"key":"Block Potion"},{"floor":12.0,"key":"FairyPotion"},{"floor":14.0,"key":"Block Potion"},{"floor":21.0,"key":"Fire Potion"},{"floor":21.0,"key":"Energy Potion"},{"floor":22.0,"key":"EssenceOfSteel"}],"is_trial":false,"path_per_floor":["M","?","M","?","?","R","$","R","T","R","M","M","?","E","R","B",null,"M","?","$","?","M","R","?"],"character_chosen":"IRONCLAD","items_purchased":["Happy Flower","Matryoshka"],"campfire_rested":2,"item_purchase_floors":[7,20],"current_hp_per_floor":[59,59,63,43,43,67,67,67,67,67,73,79,39,25,64,47,72,53,53,53,53,44,44,44,0],"gold":59,"neow_bonus":"HUNDRED_GOLD","is_prod":false,"is_daily":false,"chose_seed":false,"campfire_upgraded":3,"win_rate":0,"timestamp":1539706165,"path_taken":["M","?","?","?","?","R","$","R","T","R","M","M","?","E","R","BOSS","M","?","$","?","M","R","?","E"],"build_version":"2018-10-11","purchased_purges":1,"victory":false,"max_hp_per_floor":[80,80,80,80,80,80,80,80,80,80,80,80,80,80,80,80,80,80,80,80,80,80,80,80,80],"card_choices":[{"not_picked":["Iron Wave","Battle Trance"],"picked":"Cleave","floor":1.0},{"not_picked":["Havoc","Clash"],"picked":"Heavy Blade","floor":3.0},{"not_picked":["Iron Wave","Sentinel+1"],"picked":"Intimidate+1","floor":11.0},{"not_picked":["Cleave","Battle Trance+1"],"picked":"Searing Blow","floor":12.0},{"not_picked":["Cleave","Clash"],"picked":"Flame Barrier+1","floor":13.0},{"not_picked":["Warcry+1","Dual Wield+1"],"picked":"Infernal Blade+1","floor":14.0},{"not_picked":["Impervious+1","Juggernaut"],"picked":"Offering+1","floor":16.0},{"not_picked":["Searing Blow","Wild Strike"],"picked":"Clothesline+1","floor":18.0},{"not_picked":["Body Slam","True Grit+1","Dual Wield+1"],"picked":"SKIP","floor":22.0}],"player_experience":436591,"relics_obtained":[{"floor":9.0,"key":"Toxic Egg 2"},{"floor":14.0,"key":"Pantograph"}],"event_choices":[{"event_name":"Big Fish","player_choice":"Box","floor":2.0,"damage_taken":0.0},{"event_name":"Golden Idol","player_choice":"Take Damage","floor":4.0,"damage_taken":0.0},{"event_name":"Living Wall","player_choice":"Forget","floor":5.0,"damage_taken":0.0},{"event_name":"Dead Adventurer","player_choice":"Searched \u00272\u0027 times","floor":13.0,"damage_taken":0.0},{"event_name":"Bonfire Elementals","player_choice":"BASIC","floor":19.0,"damage_taken":0.0},{"event_name":"The Lab","player_choice":"Got Potions","floor":21.0,"damage_taken":0.0},{"event_name":"The Mausoleum","player_choice":"Yes","floor":24.0,"damage_taken":0.0}],"is_beta":false,"boss_relics":[{"not_picked":["Runic Pyramid","Tiny House"],"picked":"Black Blood"}],"items_purged_floors":[20],"is_endless":false,"potions_floor_spawned":[11,12,14,22],"killed_by":"Book of Stabbing","ascension_level":11}