{"gold_per_floor":[117,117,129,129,141,141,141,154,154,183,201,201,19,34,34,132,132,146,160,170,170,370,370,370,386,386,386,386,400,446,475,475,576,576,588,608,608,608,620,653,653,653],"floor_reached":42,"playtime":1574,"items_purged":["Regret"],"score":691,"play_id":"8deec15d-a5cd-40a9-9e1d-b406b07cafe7","local_time":"20190703192524","is_ascension_mode":true,"campfire_choices":[{"data":"Chaos","floor":6,"key":"SMITH"},{"floor":15,"key":"REST"},{"floor":24,"key":"REST"},{"data":"Shame","floor":28,"key":"PURGE"},{"floor":32,"key":"DIG"},{"floor":41,"key":"DIG"}],"neow_cost":"NONE","seed_source_timestamp":41368849593300,"circlet_count":0,"master_deck":["Strike_B","Strike_B","Strike_B","Defend_B","Defend_B","Defend_B","Zap","Dualcast","Chaos+1","Sweeping Beam","Steam","Cold Snap","Capacitor+1","Tempest","Redo","Buffer+1","Sunder+1","Coolheaded","Ghostly","Ghostly","Ghostly","Ghostly","Ghostly","Consume","Seek","Lockon+1","Steam+1","Conserve Battery+1"],"relics":["Busted Crown","Frozen Egg 2","Mercury Hourglass","Art of War","Calling Bell","Regal Pillow","Letter Opener","Shovel","Happy Flower","Peace Pipe","Anchor","DataDisk","Shuriken","Black Star","Ancient Tea Set","Sundial","Dream Catcher"],"potions_floor_usage":[11,16,23,31,33,39,42,42],"damage_taken":[{"damage":0,"enemies":"Cultist","floor":1,"turns":3},{"damage":1,"enemies":"Small Slimes","floor":3,"turns":3},{"damage":4,"enemies":"2 Louse","floor":5,"turns":2},{"damage":12,"enemies":"Gremlin Gang","floor":8,"turns":3},{"damage":11,"enemies":"Lagavulin","floor":10,"turns":5},{"damage":0,"enemies":"3 Louse","floor":11,"turns":1},{"damage":14,"enemies":"Exordium Thugs","floor":14,"turns":4},{"damage":28,"enemies":"The Guardian","floor":16,"turns":10},{"damage":7,"enemies":"Chosen","floor":18,"turns":4},{"damage":6,"enemies":"3 Byrds","floor":19,"turns":4},{"damage":18,"enemies":"Shelled Parasite and Fungi","floor":20,"turns":5},{"damage":0,"enemies":"Gremlin Leader","floor":23,"turns":1},{"damage":6,"enemies":"Sentry and Sphere","floor":25,"turns":3},{"damage":0,"enemies":"Snake Plant","floor":29,"turns":4},{"damage":9,"enemies":"Slavers","floor":31,"turns":5},{"damage":27,"enemies":"Champ","floor":33,"turns":14},{"damage":0,"enemies":"Orb Walker","floor":35,"turns":5},{"damage":0,"enemies":"3 Shapes","floor":36,"turns":3},{"damage":0,"enemies":"Transient","floor":39,"turns":5},{"damage":0,"enemies":"Reptomancer","floor":40,"turns":7},{"damage":50,"enemies":"Giant Head","floor":42,"turns":8}],"seed_played":"45647867583252187","potions_obtained":[{"floor":3,"key":"SmokeBomb"},{"floor":8,"key":"Strength Potion"},{"floor":10,"key":"Explosive Potion"},{"floor":14,"key":"Swift Potion"},{"floor":19,"key":"Ancient Potion"},{"floor":20,"key":"Weak Potion"},{"floor":31,"key":"Regen Potion"},{"floor":33,"key":"Strength Potion"},{"floor":35,"key":"FocusPotion"},{"floor":40,"key":"GamblersBrew"}],"is_trial":false,"path_per_floor":["M","?","M","?","M","R","?","M","T","E","M","?","$","M","R","B",null,"M","M","M","?","?","E","R","M","T","?","R","M","T","E","R","B",null,"M","M","?","?","M","E","R","E"],"character_chosen":"DEFECT","items_purchased":["Capacitor+1","Tempest"],"campfire_rested":2,"item_purchase_floors":[13,13],"current_hp_per_floor":[68,61,60,60,56,56,56,44,44,33,33,33,33,19,41,13,60,53,47,29,29,29,29,66,60,60,37,37,37,37,28,28,10,30,30,30,30,30,30,30,30,0],"gold":653,"neow_bonus":"BOSS_RELIC","is_prod":false,"is_daily":false,"chose_seed":false,"campfire_upgraded":1,"win_rate":0,"timestamp":1562171124,"path_taken":["M","?","M","?","M","R","?","?","T","E","M","?","?","M","R","BOSS","M","M","M","?","?","E","R","?","T","?","R","M","?","E","R","BOSS","M","?","?","?","?","E","R","E"],"build_version":"2019-07-01","purchased_purges":1,"victory":false,"max_hp_per_floor":[75,75,75,75,75,75,75,75,75,75,75,75,75,75,75,75,75,75,75,75,75,75,75,75,75,75,37,37,37,37,37,37,37,37,37,37,37,37,37,37,37,37],"card_choices":[{"not_picked":["Stack"],"picked":"SKIP","floor":1},{"not_picked":["Beam Cell"],"picked":"SKIP","floor":3},{"not_picked":[],"picked":"Chaos","floor":5},{"not_picked":[],"picked":"Sweeping Beam","floor":8},{"not_picked":[],"picked":"Steam","floor":10},{"not_picked":[],"picked":"Cold Snap","floor":11},{"not_picked":[],"picked":"Redo","floor":14},{"not_picked":[],"picked":"Buffer+1","floor":16},{"not_picked":["Hologram"],"picked":"SKIP","floor":18},{"not_picked":[],"picked":"Sunder+1","floor":19},{"not_picked":[],"picked":"Coolheaded","floor":20},{"not_picked":["Compile Driver"],"picked":"SKIP","floor":25},{"not_picked":["Hologram"],"picked":"SKIP","floor":29},{"not_picked":[],"picked":"Consume","floor":31},{"not_picked":[],"picked":"Seek","floor":33},{"not_picked":[],"picked":"Lockon+1","floor":35},{"not_picked":[],"picked":"Steam+1","floor":36},{"not_picked":["Stack+1"],"picked":"SKIP","floor":39},{"not_picked":[],"picked":"Conserve Battery+1","floor":40}],"player_experience":641882,"relics_obtained":[{"floor":9,"key":"Frozen Egg 2"},{"floor":10,"key":"Mercury Hourglass"},{"floor":17,"key":"Regal Pillow"},{"floor":17,"key":"Letter Opener"},{"floor":17,"key":"Shovel"},{"floor":26,"key":"Peace Pipe"},{"floor":30,"key":"Anchor"},{"floor":31,"key":"DataDisk"},{"floor":32,"key":"Shuriken"},{"floor":40,"key":"Ancient Tea Set"},{"floor":40,"key":"Sundial"},{"floor":41,"key":"Dream Catcher"}],"event_choices":[{"cards_removed":["Strike_B"],"damage_healed":0,"gold_gain":0,"player_choice":"Card Removal","damage_taken":7,"max_hp_gain":0,"max_hp_loss":0,"event_name":"Golden Wing","floor":2,"gold_loss":0},{"damage_healed":0,"gold_gain":0,"player_choice":"Ignored","damage_taken":0,"max_hp_gain":0,"max_hp_loss":0,"event_name":"Shining Light","floor":4,"gold_loss":0},{"damage_healed":0,"gold_gain":0,"cards_transformed":["Defend_B"],"player_choice":"Transformed","damage_taken":0,"max_hp_gain":0,"max_hp_loss":0,"event_name":"Transmorgrifier","floor":7,"gold_loss":0,"cards_obtained":["Go for the Eyes"]},{"damage_healed":0,"gold_gain":0,"player_choice":"Box","damage_taken":0,"relics_obtained":["Art of War"],"max_hp_gain":0,"max_hp_loss":0,"event_name":"Big Fish","floor":12,"gold_loss":0,"cards_obtained":["Regret"]},{"damage_healed":0,"gold_gain":0,"player_choice":"Stole Relic","damage_taken":0,"relics_obtained":["Happy Flower"],"max_hp_gain":0,"max_hp_loss":0,"event_name":"Addict","floor":21,"gold_loss":0,"cards_obtained":["Shame"]},{"damage_healed":0,"gold_gain":250,"player_choice":"Bet on Owner","damage_taken":0,"max_hp_gain":0,"max_hp_loss":0,"event_name":"The Joust","floor":22,"gold_loss":50},{"damage_healed":0,"gold_gain":0,"player_choice":"Became a Ghost","damage_taken":0,"max_hp_gain":0,"max_hp_loss":38,"event_name":"Ghosts","floor":27,"gold_loss":0,"cards_obtained":["Ghostly","Ghostly","Ghostly","Ghostly","Ghostly"]},{"cards_removed":["Go for the Eyes"],"damage_healed":0,"gold_gain":0,"player_choice":"Removed Attack","damage_taken":0,"max_hp_gain":0,"max_hp_loss":0,"event_name":"Falling","floor":37,"gold_loss":0},{"cards_removed":["Doubt","Clumsy","Shame"],"damage_healed":0,"gold_gain":0,"player_choice":"Removed Curses","damage_taken":0,"max_hp_gain":0,"max_hp_loss":0,"event_name":"Fountain of Cleansing","floor":38,"gold_loss":0}],"is_beta":false,"boss_relics":[{"not_picked":["Eternal Feather","Pandora\u0027s Box"],"picked":"Calling Bell"},{"not_picked":["Lizard Tail","Runic Dome"],"picked":"Black Star"}],"items_purged_floors":[13],"is_endless":false,"potions_floor_spawned":[3,8,10,14,19,20,23,31,33,35,40],"killed_by":"Giant Head","ascension_level":6}