{"path_per_floor":["M","?","M","?","?","R","E","?","T","R","T","M","R","M","R","B",null,"M","M","?","?","?","R"],"character_chosen":"DEFECT","items_purchased":[],"gold_per_floor":[18,18,30,105,105,105,137,137,137,137,137,154,154,170,170,266,266,285,302,302,302,452,452,452],"floor_reached":24,"campfire_rested":1,"playtime":1045,"item_purchase_floors":[],"current_hp_per_floor":[73,78,78,67,67,67,50,34,34,73,73,73,73,73,73,11,80,75,73,73,73,73,73,0],"items_purged":[],"gold":452,"score":211,"play_id":"c87de207-ac26-4ee2-a81b-c63973adf663","local_time":"20180614104604","is_prod":false,"is_daily":false,"chose_seed":false,"is_ascension_mode":true,"campfire_upgraded":4,"win_rate":0,"timestamp":1528962364,"campfire_choices":[{"data":"Zap","floor":6,"key":"SMITH"},{"floor":10,"key":"REST"},{"data":"Dualcast","floor":13,"key":"SMITH"},{"data":"Chill","floor":15,"key":"SMITH"},{"data":"Buffer","floor":23,"key":"SMITH"}],"path_taken":["M","?","M","?","?","R","E","?","T","R","?","M","R","M","R","BOSS","M","M","?","?","?","R","E"],"build_version":"2018-06-07v3","seed_source_timestamp":9726172304938,"purchased_purges":0,"victory":false,"master_deck":["Strike_B+1","Strike_B","Strike_B","Strike_B","Defend_B","Defend_B","Defend_B","Defend_B","Zap+1","Dualcast+1","Steam+1","Chill","Chill+1","Go for the Eyes","Buffer+1","Gash","Buffer"],"max_hp_per_floor":[75,80,80,80,80,80,80,80,80,80,80,80,80,80,80,80,80,80,80,80,80,80,80,80],"relics":["Cracked Core","Gambling Chip","Regal Pillow","Calipers","Toolbox","Busted Crown"],"card_choices":[{"not_picked":["Force Field","Cold Snap"],"picked":"Steam","floor":1},{"not_picked":["Reinforced Body","Heatsinks","Beam Cell"],"picked":"SKIP","floor":3},{"not_picked":["Stack","Cold Snap"],"picked":"Chill","floor":7},{"not_picked":["Rebound","Steam"],"picked":"Chill","floor":12},{"not_picked":["Rebound","Leap"],"picked":"Go for the Eyes","floor":14},{"not_picked":["Seek","Amplify"],"picked":"Buffer","floor":16},{"not_picked":[],"picked":"Gash","floor":18},{"not_picked":["Compile Driver"],"picked":"SKIP","floor":19}],"player_experience":257504,"potions_floor_usage":[7,16,16,16],"damage_taken":[{"damage":2,"enemies":"Jaw Worm","floor":1,"turns":4},{"damage":0,"enemies":"2 Louse","floor":3,"turns":3},{"damage":17,"enemies":"Gremlin Nob","floor":7,"turns":4},{"damage":0,"enemies":"Small Slimes","floor":12,"turns":3},{"damage":0,"enemies":"Blue Slaver","floor":14,"turns":4},{"damage":62,"enemies":"Hexaghost","floor":16,"turns":13},{"damage":5,"enemies":"3 Byrds","floor":18,"turns":8},{"damage":2,"enemies":"Shell Parasite","floor":19,"turns":8},{"damage":75,"enemies":"Slavers","floor":24,"turns":9}],"relics_obtained":[{"floor":7,"key":"Regal Pillow"},{"floor":9,"key":"Calipers"},{"floor":11,"key":"Toolbox"}],"event_choices":[{"event_name":"Big Fish","player_choice":"Donut","floor":2,"damage_taken":0},{"event_name":"World of Goop","player_choice":"Gather Gold","floor":4,"damage_taken":0},{"event_name":"The Lab","player_choice":"Got Potions","floor":5,"damage_taken":0},{"event_name":"Shining Light","player_choice":"Entered Light","floor":8,"damage_taken":0},{"event_name":"Duplicator","player_choice":"One dupe","floor":20,"damage_taken":0},{"event_name":"Ghosts","player_choice":"Ignored","floor":21,"damage_taken":0},{"event_name":"Nest","player_choice":"Stole From Cult","floor":22,"damage_taken":0}],"boss_relics":[{"not_picked":["Black Star","Orrery"],"picked":"Busted Crown"}],"items_purged_floors":[],"potions_floor_spawned":[1,14],"seed_played":"-2469454881892921571","killed_by":"Slavers","ascension_level":2,"potions_obtained":[{"floor":1,"key":"Weak Potion"},{"floor":5,"key":"EssenceOfSteel"},{"floor":5,"key":"Ancient Potion"},{"floor":14,"key":"Weak Potion"}],"is_trial":false}