{"gold_per_floor":[12,12,78,96,107,107,127,157,210,272,299,349,349],"floor_reached":13,"playtime":401,"items_purged":[],"score":139,"play_id":"b4219a59-8758-4235-9b12-f3afee906039","local_time":"20190309222551","is_ascension_mode":true,"campfire_choices":[{"data":"Whirlwind","floor":6,"key":"SMITH"}],"neow_cost":"NO_GOLD","seed_source_timestamp":52980717327600,"circlet_count":0,"master_deck":["AscendersBane","Strike_R","Strike_R","Strike_R","Strike_R","Strike_R","Defend_R","Defend_R+1","Defend_R","Defend_R","Bash","Good Instincts","Deep Breath","Thunderclap+1","Flex","Whirlwind+1","Dropkick","Shrug It Off"],"relics":["Burning Blood","SsserpentHead","Lantern","Mercury Hourglass"],"potions_floor_usage":[7,11,13],"damage_taken":[{"damage":7,"enemies":"Jaw Worm","floor":1,"turns":4},{"damage":1,"enemies":"Cultist","floor":3,"turns":3},{"damage":4,"enemies":"2 Louse","floor":4,"turns":3},{"damage":14,"enemies":"Exordium Thugs","floor":5,"turns":5},{"damage":17,"enemies":"Large Slime","floor":7,"turns":4},{"damage":3,"enemies":"Blue Slaver","floor":10,"turns":2},{"damage":27,"enemies":"Lagavulin","floor":11,"turns":5},{"damage":53,"enemies":"Gremlin Nob","floor":13,"turns":4}],"seed_played":"-6758416915063952648","potions_obtained":[{"floor":4,"key":"Fire Potion"},{"floor":7,"key":"SneckoOil"},{"floor":8,"key":"Dexterity Potion"}],"is_trial":false,"path_per_floor":["M","?","M","M","M","R","M","?","T","M","E","?","E"],"character_chosen":"IRONCLAD","items_purchased":[],"campfire_rested":0,"item_purchase_floors":[],"current_hp_per_floor":[71,71,76,78,70,70,59,59,59,62,41,25,0],"gold":349,"neow_bonus":"RANDOM_COLORLESS_2","is_prod":false,"is_daily":false,"chose_seed":false,"campfire_upgraded":1,"win_rate":0,"timestamp":1552163151,"path_taken":["M","?","?","M","M","R","M","?","T","?","E","?","E"],"build_version":"2019-01-23","purchased_purges":0,"victory":false,"max_hp_per_floor":[80,80,80,80,80,80,80,80,80,80,80,80,80],"card_choices":[{"not_picked":["Seeing Red","Heavy Blade"],"picked":"Thunderclap","floor":1},{"not_picked":["Sentinel","Perfected Strike"],"picked":"Flex","floor":3},{"not_picked":["Iron Wave","Sword Boomerang","Anger"],"picked":"SKIP","floor":4},{"not_picked":["Sword Boomerang","Blood for Blood"],"picked":"Whirlwind","floor":5},{"not_picked":["Heavy Blade","True Grit"],"picked":"Dropkick","floor":7},{"not_picked":["Rage","Anger"],"picked":"Shrug It Off","floor":10},{"not_picked":["Dual Wield","Warcry","Body Slam"],"picked":"SKIP","floor":11}],"player_experience":490719,"relics_obtained":[{"floor":9,"key":"Lantern"},{"floor":11,"key":"Mercury Hourglass"}],"event_choices":[{"damage_healed":0,"gold_gain":0,"player_choice":"Trade","damage_taken":0,"relics_obtained":["SsserpentHead"],"max_hp_gain":0,"max_hp_loss":0,"event_name":"FaceTrader","floor":2,"gold_loss":0},{"damage_healed":0,"gold_gain":0,"player_choice":"Bought 1 Potion","damage_taken":0,"max_hp_gain":0,"max_hp_loss":0,"event_name":"The Woman in Blue","floor":8,"gold_loss":0},{"damage_healed":0,"gold_gain":0,"player_choice":"Entered Light","damage_taken":16,"max_hp_gain":0,"max_hp_loss":0,"event_name":"Shining Light","floor":12,"gold_loss":0,"cards_upgraded":["Defend_R","Thunderclap"]}],"is_beta":false,"boss_relics":[],"items_purged_floors":[],"is_endless":false,"potions_floor_spawned":[4,7],"killed_by":"Gremlin Nob","ascension_level":12}