{"path_per_floor":["?","?","?","?","?","?","?","?","?","?","?","?","?","?","?","B",null,"?","?","?","?","?","?","?","?","?","?","?","?","?","?","?","B",null,"?","?","?","?","?"],"character_chosen":"THE_SILENT","items_purchased":["Noxious Fumes","Orichalcum"],"gold_per_floor":[114,129,129,85,85,115,115,130,130,145,160,175,81,96,96,196,196,211,226,241,256,256,256,271,83,83,98,98,113,128,143,143,243,243,258,273,288,303,318],"floor_reached":40,"campfire_rested":1,"playtime":6161,"current_hp_per_floor":[69,69,69,69,69,69,69,70,70,68,70,70,70,70,70,18,70,70,65,49,62,62,62,46,46,46,26,26,27,24,4,25,21,70,42,53,32,33,11],"items_purged":["Defend_G"],"gold":318,"score":402,"play_id":"47f45b04-99aa-4bce-b1a2-50989f5ac7f5","local_time":"20180309130143","daily_mods":[{"name":"Heirloom","description":"Start with 1 Rare relic.","modID":"Heirloom","img":{"data":{"file":{"file":{"path":"images\\ui\\run_mods\\heirloom.png"},"type":"Internal"},"width":64,"height":64,"format":"RGBA8888","useMipMaps":false,"isPrepared":false},"glTarget":3553,"glHandle":683,"minFilter":"Linear","magFilter":"Linear","uWrap":"ClampToEdge","vWrap":"ClampToEdge"},"positive":true},{"name":"Uncertain Future","description":"The map shows only ?.","modID":"Uncertain Future","img":{"data":{"file":{"file":{"path":"images\\ui\\run_mods\\uncertain_future.png"},"type":"Internal"},"width":64,"height":64,"format":"RGBA8888","useMipMaps":false,"isPrepared":false},"glTarget":3553,"glHandle":679,"minFilter":"Linear","magFilter":"Linear","uWrap":"ClampToEdge","vWrap":"ClampToEdge"},"positive":false},{"name":"Binary","description":"Card rewards contain only 2 cards.","modID":"Binary","img":{"data":{"file":{"file":{"path":"images\\ui\\run_mods\\binary.png"},"type":"Internal"},"width":64,"height":64,"format":"RGBA8888","useMipMaps":false,"isPrepared":false},"glTarget":3553,"glHandle":680,"minFilter":"Linear","magFilter":"Linear","uWrap":"ClampToEdge","vWrap":"ClampToEdge"},"positive":false},{"name":"Vintage","description":"The Merchant\u0027s prices are increased by 25%.","modID":"Vintage","img":{"data":{"file":{"file":{"path":"images\\ui\\run_mods\\vintage.png"},"type":"Internal"},"width":64,"height":64,"format":"RGBA8888","useMipMaps":false,"isPrepared":false},"glTarget":3553,"glHandle":677,"minFilter":"Linear","magFilter":"Linear","uWrap":"ClampToEdge","vWrap":"ClampToEdge"},"positive":false}],"is_prod":false,"is_daily":true,"is_ascension_mode":false,"campfire_upgraded":4,"timestamp":1520593303,"path_taken":["?","?","?","?","?","?","?","?","?","?","?","?","?","?","?","BOSS","?","?","?","?","?","?","?","?","?","?","?","?","?","?","?","BOSS","?","?","?","?","?","?"],"build_version":"2018-03-01-PROD1","purchased_purges":1,"victory":false,"master_deck":["Survivor","Neutralize","Dagger Spray","Blade Dance","Cloak And Dagger","Noxious Fumes+1","Escape Plan","Dodge and Roll","Accuracy","Dagger Spray","Backflip","Tools of the Trade+1","Adrenaline+1","Flechettes","Leg Sweep","Backflip","Bane","Accuracy+1","Backflip","Heel Hook","Calculated Gamble","Noxious Fumes+1","Infinite Blades","Acrobatics+1","Outmaneuver","Deadly Poison","PiercingWail+1","Flying Knee","Dash","Poisoned Stab","Adrenaline","Infinite Blades+1","Slice+1","Caltrops+1","Predator","Slice"],"max_hp_per_floor":[70,70,70,70,70,70,70,70,70,70,70,70,70,70,70,70,70,70,70,70,70,70,70,70,70,70,70,70,70,70,70,70,70,70,70,70,70,70,70],"relics":["Ring of the Snake","Thread and Needle","Blood Vial","Ginger","Pandora\u0027s Box","Orichalcum","Toolbox","Black Star"],"card_choices":[{"not_picked":["Prepared"],"picked":"Dagger Spray"},{"not_picked":["Prepared"],"picked":"Blade Dance"},{"not_picked":["Flying Knee"],"picked":"Escape Plan"},{"not_picked":["Bane"],"picked":"Dodge and Roll"},{"not_picked":["Quick Slash"],"picked":"Accuracy"},{"not_picked":["Underhanded Strike"],"picked":"Dagger Spray"},{"not_picked":["Underhanded Strike"],"picked":"Backflip"},{"not_picked":["Acrobatics"],"picked":"Tools of the Trade"},{"not_picked":["Corpse Explosion"],"picked":"Adrenaline"},{"not_picked":["Bouncing Flask"],"picked":"Noxious Fumes"},{"not_picked":["Slice"],"picked":"Infinite Blades"},{"not_picked":["Expertise"],"picked":"Acrobatics"},{"not_picked":["Dagger Spray"],"picked":"Outmaneuver"},{"not_picked":["Skewer"],"picked":"Deadly Poison"},{"not_picked":["Malaise"],"picked":"PiercingWail"},{"not_picked":["All Out Attack"],"picked":"Flying Knee"},{"not_picked":["Reflex"],"picked":"Dash"},{"not_picked":["Skewer"],"picked":"Poisoned Stab"},{"not_picked":["Die Die Die"],"picked":"Adrenaline"},{"not_picked":["Dagger Throw"],"picked":"Infinite Blades"},{"not_picked":["Quick Slash"],"picked":"Slice"},{"not_picked":["Calculated Gamble"],"picked":"Caltrops"},{"not_picked":["Endless Agony"],"picked":"Predator"},{"not_picked":["Quick Slash"],"picked":"Slice"}],"player_experience":56015,"potions_floor_usage":[11,16,19,21,21,29,33,33,36,36,37,38,40],"damage_taken":[{"damage":1,"enemies":"Cultist","floor":1,"turns":4},{"damage":0,"enemies":"2 Louse","floor":2,"turns":2},{"damage":0,"enemies":"Lagavulin","floor":6,"turns":8},{"damage":0,"enemies":"Jaw Worm","floor":8,"turns":2},{"damage":2,"enemies":"Large Slime","floor":10,"turns":6},{"damage":0,"enemies":"Exordium Thugs","floor":11,"turns":4},{"damage":0,"enemies":"2 Fungi Beasts","floor":12,"turns":3},{"damage":0,"enemies":"Exordium Wildlife","floor":14,"turns":5},{"damage":52,"enemies":"Hexaghost","floor":16,"turns":11},{"damage":0,"enemies":"Shell Parasite","floor":18,"turns":6},{"damage":5,"enemies":"3 Byrds","floor":19,"turns":5},{"damage":18,"enemies":"Sentry and Sphere","floor":20,"turns":6},{"damage":1,"enemies":"Centurion and Healer","floor":21,"turns":5},{"damage":18,"enemies":"Cultist and Chosen","floor":24,"turns":5},{"damage":22,"enemies":"Snake Plant","floor":27,"turns":4},{"damage":1,"enemies":"Centurion and Healer","floor":29,"turns":6},{"damage":5,"enemies":"Snecko","floor":30,"turns":4},{"damage":22,"enemies":"3 Cultists","floor":31,"turns":5},{"damage":6,"enemies":"Champ","floor":33,"turns":10},{"damage":28,"enemies":"3 Darklings","floor":35,"turns":4},{"damage":0,"enemies":"Orb Walker","floor":36,"turns":4},{"damage":23,"enemies":"Sphere and 2 Shapes","floor":37,"turns":5},{"damage":1,"enemies":"4 Shapes","floor":38,"turns":5},{"damage":24,"enemies":"3 Darklings","floor":39,"turns":5},{"damage":31,"enemies":"Nemesis","floor":40,"turns":5}],"event_choices":[{"event_name":"Living Wall","player_choice":"Change","floor":3,"damage_taken":0},{"event_name":"Golden Wing","player_choice":"Ignored","floor":5,"damage_taken":0},{"event_name":"Beggar","player_choice":"Ignored","floor":22,"damage_taken":0}],"boss_relics":[{"not_picked":["Astrolabe","Runic Pyramid"],"picked":"Pandora\u0027s Box"},{"not_picked":["The Specimen","White Beast Statue"],"picked":"Black Star"}],"potions_floor_spawned":[6,10,11,16,18,20,30,31,33,35,36,37,38],"seed_played":"6419525779391338913","killed_by":"Nemesis","ascension_level":0,"is_trial":false}