{"gold_per_floor":[118,118,128,128,140,151,165,13,82,82,110,110,172,183,183,283,283,299,299,399,399],"floor_reached":21,"playtime":883,"items_purged":[],"score":215,"play_id":"d4c94697-d5de-4665-bfdb-cb7f3c9ee423","local_time":"20181017091454","is_ascension_mode":true,"campfire_choices":[{"floor":12,"key":"REST"},{"floor":15,"key":"REST"}],"neow_cost":"NONE","seed_source_timestamp":525366460022000,"circlet_count":0,"master_deck":["Defend_G","Defend_G","Defend_G","Defend_G","Strike_G","Strike_G","Strike_G","Strike_G","Survivor","Neutralize+1","Slice","Dagger Spray","Dodge and Roll","A Thousand Cuts","Blade Dance","Slice","Blade Dance","Storm of Steel","Accuracy+1","Cloak And Dagger"],"relics":["Ring of the Snake","NeowsBlessing","Lantern","Gremlin Horn","Turnip","PreservedInsect","Sozu","Smiling Mask","Incense Burner","Pear"],"potions_floor_usage":[7,11,14,16,20],"damage_taken":[{"damage":0,"enemies":"Small Slimes","floor":1,"turns":1},{"damage":0,"enemies":"2 Louse","floor":3,"turns":1},{"damage":0,"enemies":"Jaw Worm","floor":5,"turns":1},{"damage":6,"enemies":"Exordium Wildlife","floor":6,"turns":3},{"damage":8,"enemies":"Large Slime","floor":7,"turns":7},{"damage":19,"enemies":"Gremlin Nob","floor":11,"turns":4},{"damage":22,"enemies":"3 Sentries","floor":13,"turns":5},{"damage":3,"enemies":"Lots of Slimes","floor":14,"turns":2},{"damage":18,"enemies":"Slime Boss","floor":16,"turns":8},{"damage":0,"enemies":"3 Byrds","floor":18,"turns":2},{"damage":18,"enemies":"Colosseum Slavers","floor":20,"turns":5},{"damage":38,"enemies":"Colosseum Nobs","floor":20,"turns":5},{"damage":24,"enemies":"Shell Parasite","floor":21,"turns":3}],"seed_played":"3331192546571514821","potions_obtained":[{"floor":3,"key":"Dexterity Potion"},{"floor":7,"key":"Swift Potion"},{"floor":13,"key":"SpeedPotion"},{"floor":14,"key":"SteroidPotion"},{"floor":16,"key":"EssenceOfSteel"}],"is_trial":false,"path_per_floor":["M","?","M","?","M","M","M","$","T","?","E","R","?","M","R","B",null,"M","?","?"],"character_chosen":"THE_SILENT","items_purchased":["Lantern"],"campfire_rested":2,"item_purchase_floors":[8],"current_hp_per_floor":[70,63,63,63,63,57,49,49,49,49,30,51,29,26,47,29,70,70,70,24,0],"gold":399,"neow_bonus":"THREE_ENEMY_KILL","is_prod":false,"is_daily":false,"chose_seed":false,"campfire_upgraded":0,"win_rate":0,"timestamp":1539756894,"path_taken":["M","?","M","?","?","M","M","$","T","?","E","R","?","M","R","BOSS","M","?","?","M"],"build_version":"2018-10-11","purchased_purges":0,"victory":false,"max_hp_per_floor":[70,70,70,70,70,70,70,70,70,70,70,70,70,70,70,70,70,70,70,80,80],"card_choices":[{"not_picked":["Sucker Punch","Deflect"],"picked":"Slice","floor":1},{"not_picked":["Predator","Deflect"],"picked":"Dagger Spray","floor":3},{"not_picked":["Masterful Stab","Underhanded Strike"],"picked":"Dodge and Roll","floor":5},{"not_picked":["Expertise","Prepared"],"picked":"A Thousand Cuts","floor":6},{"not_picked":["Caltrops","Well Laid Plans"],"picked":"Blade Dance","floor":7},{"not_picked":["Deadly Poison","Deflect"],"picked":"Slice","floor":11},{"not_picked":["PiercingWail","Crippling Poison"],"picked":"Blade Dance","floor":14},{"not_picked":["Night Terror","Corpse Explosion"],"picked":"Storm of Steel","floor":16},{"not_picked":["Crippling Poison+1","Slice+1"],"picked":"Accuracy+1","floor":18},{"not_picked":["Quick Slash+1","Prepared"],"picked":"Cloak And Dagger","floor":20}],"player_experience":438686,"relics_obtained":[{"floor":9,"key":"Gremlin Horn"},{"floor":11,"key":"Turnip"},{"floor":20,"key":"Incense Burner"},{"floor":20,"key":"Pear"}],"event_choices":[{"event_name":"Golden Wing","player_choice":"Card Removal","floor":2,"damage_taken":0},{"event_name":"Upgrade Shrine","player_choice":"Upgraded","floor":4,"damage_taken":0},{"event_name":"Bonfire Elementals","player_choice":"BASIC","floor":10,"damage_taken":0},{"event_name":"Dead Adventurer","player_choice":"Searched \u00272\u0027 times","floor":13,"damage_taken":0},{"event_name":"The Mausoleum","player_choice":"Yes","floor":19,"damage_taken":0},{"event_name":"Colosseum","player_choice":"Fight","floor":20,"damage_taken":0},{"event_name":"Colosseum","player_choice":"Fought Nobs","floor":20,"damage_taken":0}],"is_beta":false,"boss_relics":[{"not_picked":["Pandora\u0027s Box","Runic Dome"],"picked":"Sozu"}],"items_purged_floors":[],"is_endless":false,"potions_floor_spawned":[3,7,13,14,16,18],"killed_by":"Shell Parasite","ascension_level":4}