{"gold_per_floor":[12,26,301,39,55,55,69,98,98,98,98,108,108,132,132,235,235,245,245,245,245,425,455,473,373,419,437,462,462,462,303,303,405,405,420,430,430,34,44,44,77,87,87,105,105,24,24,38,38,38,38,38,38,73,73],"floor_reached":56,"playtime":5613,"items_purged":["Regret","Strike_G","Defend_G","Defend_G"],"score":1338,"play_id":"dda2ddc1-77dd-4ec9-83f8-d3b2f6169e6c","local_time":"20190713185130","is_ascension_mode":false,"campfire_choices":[{"data":"Noxious Fumes","floor":6.0,"key":"SMITH"},{"data":"Predator","floor":11.0,"key":"SMITH"},{"data":"Footwork","floor":15.0,"key":"SMITH"},{"data":"Reflex","floor":29.0,"key":"SMITH"},{"data":"Backflip","floor":32.0,"key":"SMITH"},{"floor":40.0,"key":"RECALL"},{"data":"Concentrate","floor":45.0,"key":"SMITH"},{"data":"Setup","floor":49.0,"key":"SMITH"},{"data":"Prepared","floor":52,"key":"SMITH"}],"neow_cost":"NO_GOLD","seed_source_timestamp":185194748744190,"circlet_count":0,"master_deck":["Strike_G","Defend_G","Defend_G","Defend_G","Survivor","Neutralize","Prepared+1","Predator+1","Backflip+1","Noxious Fumes+1","Footwork+1","Setup+1","Venomology","Underhanded Strike","Concentrate+1","Doppelganger","Reflex+1","Backflip","Skewer+1","Well Laid Plans","Backflip+1","Acrobatics+1","Purity","Reflex+1"],"special_seed":0,"relics":["Ring of the Snake","Prayer Wheel","Tiny Chest","Happy Flower","Mercury Hourglass","Busted Crown","Gambling Chip","Regal Pillow","Molten Egg 2","Philosopher\u0027s Stone","Bottled Lightning","Kunai","Art of War","Bottled Tornado","Bag of Preparation"],"potions_floor_usage":[50,50,50,50,54,55,55,55,55],"damage_taken":[{"damage":0.0,"enemies":"2 Louse","floor":1.0,"turns":3.0},{"damage":0.0,"enemies":"Cultist","floor":2.0,"turns":5.0},{"damage":0.0,"enemies":"Small Slimes","floor":5.0,"turns":3.0},{"damage":0.0,"enemies":"Looter","floor":7.0,"turns":4.0},{"damage":24.0,"enemies":"Gremlin Nob","floor":8.0,"turns":4.0},{"damage":2.0,"enemies":"Blue Slaver","floor":12.0,"turns":4.0},{"damage":19.0,"enemies":"Slime Boss","floor":16.0,"turns":7.0},{"damage":13.0,"enemies":"Chosen","floor":18.0,"turns":5.0},{"damage":19.0,"enemies":"Slavers","floor":23.0,"turns":6.0},{"damage":0.0,"enemies":"Spheric Guardian","floor":24.0,"turns":4.0},{"damage":0.0,"enemies":"Centurion and Healer","floor":27.0,"turns":6.0},{"damage":2.0,"enemies":"Book of Stabbing","floor":28.0,"turns":7.0},{"damage":0.0,"enemies":"Champ","floor":33.0,"turns":10.0},{"damage":1.0,"enemies":"3 Darklings","floor":35.0,"turns":5.0},{"damage":0.0,"enemies":"3 Shapes","floor":36.0,"turns":4.0},{"damage":11.0,"enemies":"Spire Growth","floor":39.0,"turns":5.0},{"damage":9.0,"enemies":"Reptomancer","floor":41.0,"turns":7.0},{"damage":0.0,"enemies":"4 Shapes","floor":42.0,"turns":4.0},{"damage":0.0,"enemies":"Transient","floor":44.0,"turns":5.0},{"damage":0.0,"enemies":"Maw","floor":48.0,"turns":6.0},{"damage":0,"enemies":"Donu and Deca","floor":50,"turns":6},{"damage":0,"enemies":"Shield and Spear","floor":54,"turns":5},{"damage":39,"enemies":"The Heart","floor":55,"turns":9}],"seed_played":"-5752257844725343727","potions_obtained":[{"floor":2.0,"key":"Energy Potion"},{"floor":8.0,"key":"FearPotion"},{"floor":18.0,"key":"LiquidBronze"},{"floor":24.0,"key":"EssenceOfSteel"},{"floor":33.0,"key":"Energy Potion"},{"floor":36.0,"key":"EntropicBrew"},{"floor":39.0,"key":"GamblersBrew"},{"floor":54,"key":"Dexterity Potion"}],"is_trial":false,"path_per_floor":["M","M","?","$","M","R","M","E","T","?","R","M","?","T","R","B",null,"M","?","?","?","?","E","M","$","T","M","E","R","?","$","R","B",null,"M","M","T","$","M","R","E","M","T","M","R","$","?","M","R","B",null,"R","$","E","B",null],"character_chosen":"THE_SILENT","items_purchased":["Tiny Chest","Noxious Fumes","Well Laid Plans","Kunai","Purity"],"campfire_rested":0,"item_purchase_floors":[4,4,31,38,46],"current_hp_per_floor":[70,70,70,70,70,70,70,46,46,39,39,37,42,42,42,23,75,62,62,62,62,41,36,36,36,36,36,34,34,34,34,34,34,75,74,74,74,74,63,63,54,54,54,54,54,54,54,54,54,54,75,75,75,75,36],"gold":73,"neow_bonus":"ONE_RARE_RELIC","is_prod":false,"is_daily":false,"chose_seed":false,"campfire_upgraded":8,"win_rate":0,"timestamp":1563036690,"path_taken":["M","M","?","$","?","R","M","E","T","?","R","M","?","?","R","BOSS","M","?","?","?","?","E","?","?","T","?","E","R","?","$","R","BOSS","M","M","?","$","M","R","E","M","T","M","R","$","?","M","R","BOSS","R","$","E","BOSS"],"build_version":"2019-07-05","purchased_purges":4,"victory":true,"max_hp_per_floor":[70,70,70,70,70,70,70,70,70,70,70,70,75,75,75,75,75,75,75,75,75,75,75,75,75,75,75,75,75,75,75,75,75,75,75,75,75,75,75,75,75,75,75,75,75,75,75,75,75,75,75,75,75,75,75],"card_choices":[{"not_picked":["Outmaneuver","Sucker Punch"],"picked":"Prepared","floor":1.0},{"not_picked":["Quick Slash","Masterful Stab","Deflect"],"picked":"SKIP","floor":1.0},{"not_picked":["Sucker Punch","Riddle With Holes"],"picked":"Predator","floor":2.0},{"not_picked":["Prepared","Crippling Poison"],"picked":"Backflip","floor":2.0},{"not_picked":["Slice","Riddle With Holes"],"picked":"Footwork","floor":5.0},{"not_picked":["Crippling Poison","Dagger Throw"],"picked":"Endless Agony","floor":5.0},{"not_picked":["Caltrops","Venomology"],"picked":"Setup","floor":7.0},{"not_picked":["Flying Knee","Prepared","Bane"],"picked":"SKIP","floor":7.0},{"not_picked":["Dash","PiercingWail"],"picked":"Venomology","floor":8.0},{"not_picked":["Prepared","Deflect"],"picked":"Underhanded Strike","floor":12.0},{"not_picked":["Bane","Endless Agony"],"picked":"Concentrate","floor":12.0},{"not_picked":["Envenom","Die Die Die"],"picked":"Doppelganger","floor":16.0},{"not_picked":["Concentrate"],"picked":"SKIP","floor":18.0},{"not_picked":["Deadly Poison"],"picked":"SKIP","floor":18.0},{"not_picked":["Flying Knee"],"picked":"SKIP","floor":23.0},{"not_picked":[],"picked":"Backflip","floor":24.0},{"not_picked":["Deflect"],"picked":"SKIP","floor":24.0},{"not_picked":["Concentrate"],"picked":"SKIP","floor":27.0},{"not_picked":["Poisoned Stab"],"picked":"SKIP","floor":27.0},{"not_picked":["Catalyst"],"picked":"SKIP","floor":28.0},{"not_picked":[],"picked":"Backflip+1","floor":35.0},{"not_picked":[],"picked":"Acrobatics+1","floor":35.0},{"not_picked":["Flying Knee+1"],"picked":"SKIP","floor":36.0},{"not_picked":["Bane+1"],"picked":"SKIP","floor":36.0},{"not_picked":["Bane+1"],"picked":"SKIP","floor":39.0},{"not_picked":["Dagger Spray+1"],"picked":"SKIP","floor":39.0},{"not_picked":["Cloak And Dagger+1"],"picked":"SKIP","floor":41.0},{"not_picked":["Catalyst+1"],"picked":"SKIP","floor":42.0},{"not_picked":["Dagger Spray+1"],"picked":"SKIP","floor":42.0},{"not_picked":["Catalyst+1"],"picked":"SKIP","floor":44.0},{"not_picked":["Deadly Poison+1"],"picked":"SKIP","floor":44.0},{"not_picked":[],"picked":"Reflex+1","floor":48.0},{"not_picked":["Setup"],"picked":"SKIP","floor":48.0},{"not_picked":["Bane+1"],"picked":"SKIP","floor":54}],"player_experience":112038,"relics_obtained":[{"floor":8.0,"key":"Happy Flower"},{"floor":9.0,"key":"Mercury Hourglass"},{"floor":23.0,"key":"Gambling Chip"},{"floor":26.0,"key":"Regal Pillow"},{"floor":28.0,"key":"Molten Egg 2"},{"floor":37.0,"key":"Bottled Lightning"},{"floor":41.0,"key":"Art of War"},{"floor":43.0,"key":"Bottled Tornado"},{"floor":54,"key":"Bag of Preparation"}],"event_choices":[{"damage_healed":0.0,"max_hp_gain":0.0,"max_hp_loss":0.0,"gold_gain":275.0,"event_name":"Golden Shrine","player_choice":"Desecrate","floor":3.0,"gold_loss":0.0,"damage_taken":0.0,"cards_obtained":["Regret"]},{"cards_removed":["Strike_G"],"damage_healed":0.0,"max_hp_gain":0.0,"max_hp_loss":0.0,"gold_gain":0.0,"event_name":"Golden Wing","player_choice":"Card Removal","floor":10.0,"gold_loss":0.0,"damage_taken":7.0},{"damage_healed":0.0,"max_hp_gain":5.0,"max_hp_loss":0.0,"gold_gain":0.0,"event_name":"Big Fish","player_choice":"Donut","floor":13.0,"gold_loss":0.0,"damage_taken":0.0},{"cards_removed":["Strike_G"],"damage_healed":0.0,"max_hp_gain":0.0,"max_hp_loss":0.0,"gold_gain":0.0,"event_name":"Back to Basics","player_choice":"Elegance","floor":19.0,"gold_loss":0.0,"damage_taken":0.0},{"damage_healed":0.0,"max_hp_gain":0.0,"max_hp_loss":0.0,"gold_gain":0.0,"event_name":"The Library","player_choice":"Read","floor":20.0,"gold_loss":0.0,"damage_taken":0.0,"cards_obtained":["Reflex"]},{"damage_healed":0.0,"max_hp_gain":0.0,"max_hp_loss":0.0,"gold_gain":0.0,"event_name":"Vampires","player_choice":"Ignored","floor":21.0,"gold_loss":0.0,"damage_taken":0.0},{"damage_healed":0.0,"max_hp_gain":0.0,"max_hp_loss":0.0,"gold_gain":180.0,"event_name":"Knowing Skull","player_choice":"GOLD GOLD ","floor":22.0,"potions_obtained":[],"gold_loss":0.0,"damage_taken":21.0,"cards_obtained":[]},{"damage_healed":0.0,"max_hp_gain":0.0,"max_hp_loss":0.0,"gold_gain":0.0,"cards_transformed":["Strike_G"],"event_name":"Transmorgrifier","player_choice":"Transformed","floor":30.0,"gold_loss":0.0,"damage_taken":0.0,"cards_obtained":["Skewer"]},{"cards_removed":["Endless Agony"],"damage_healed":0.0,"max_hp_gain":0.0,"max_hp_loss":0.0,"gold_gain":0.0,"event_name":"Falling","player_choice":"Removed Attack","floor":47.0,"gold_loss":0.0,"damage_taken":0.0}],"is_beta":false,"boss_relics":[{"not_picked":["Empty Cage","WristBlade"],"picked":"Busted Crown"},{"not_picked":["Runic Dome","Velvet Choker"],"picked":"Philosopher\u0027s Stone"}],"items_purged_floors":[4,25,31,38],"is_endless":false,"potions_floor_spawned":[2,8,12,18,24,33,36,39,44,54],"ascension_level":0}