{"gold_per_floor":[113,130,130,130,110,148,163,188,188,188],"floor_reached":10,"playtime":179,"items_purged":[],"score":153,"play_id":"e05b8275-e456-46ef-8e81-c5205ca0f10e","local_time":"20190414214812","is_ascension_mode":true,"campfire_choices":[],"neow_cost":"NONE","seed_source_timestamp":49913773325400,"circlet_count":0,"master_deck":["AscendersBane","Strike_R","Strike_R","Strike_R","Strike_R","Strike_R+1","Defend_R","Defend_R","Defend_R","Defend_R","Bash","Havoc","Thunderclap+1","Feel No Pain","Pommel Strike","Evolve"],"relics":["Burning Blood","NeowsBlessing","Golden Idol","Meat on the Bone"],"potions_floor_usage":[8,10],"damage_taken":[{"damage":0,"enemies":"2 Louse","floor":1,"turns":1},{"damage":0,"enemies":"Small Slimes","floor":2,"turns":1},{"damage":0,"enemies":"Gremlin Nob","floor":6,"turns":1},{"damage":0,"enemies":"Cultist","floor":7,"turns":3},{"damage":0,"enemies":"2 Fungi Beasts","floor":8,"turns":2},{"damage":80,"enemies":"Lagavulin","floor":10,"turns":8}],"seed_played":"-6866777674462323994","potions_obtained":[{"floor":2,"key":"BloodPotion"},{"floor":5,"key":"Fire Potion"}],"is_trial":false,"path_per_floor":["M","M","?","?","?","E","M","M","T","E"],"character_chosen":"IRONCLAD","items_purchased":[],"campfire_rested":0,"item_purchase_floors":[],"current_hp_per_floor":[78,80,64,44,44,50,56,62,62,0],"gold":188,"neow_bonus":"THREE_ENEMY_KILL","is_prod":false,"is_daily":false,"chose_seed":false,"campfire_upgraded":0,"win_rate":0,"timestamp":1555267692,"path_taken":["M","M","?","?","?","E","M","?","T","E"],"build_version":"2019-01-23","purchased_purges":0,"victory":false,"max_hp_per_floor":[80,80,80,80,80,80,80,80,80,80],"card_choices":[{"not_picked":["Cleave","Sword Boomerang"],"picked":"Havoc","floor":1},{"not_picked":["Body Slam","Reckless Charge"],"picked":"Thunderclap","floor":2},{"not_picked":["Limit Break","Armaments"],"picked":"Feel No Pain","floor":6},{"not_picked":["Thunderclap","Armaments"],"picked":"Pommel Strike","floor":7},{"not_picked":["Headbutt","Perfected Strike"],"picked":"Evolve","floor":8}],"player_experience":546846,"relics_obtained":[{"floor":6,"key":"Meat on the Bone"}],"event_choices":[{"damage_healed":0,"gold_gain":0,"player_choice":"Entered Light","damage_taken":16,"max_hp_gain":0,"max_hp_loss":0,"event_name":"Shining Light","floor":3,"gold_loss":0,"cards_upgraded":["Strike_R","Thunderclap"]},{"damage_healed":0,"gold_gain":0,"player_choice":"Take Damage","damage_taken":20,"relics_obtained":["Golden Idol"],"max_hp_gain":0,"max_hp_loss":0,"event_name":"Golden Idol","floor":4,"gold_loss":0},{"damage_healed":0,"gold_gain":0,"player_choice":"Bought 1 Potion","damage_taken":0,"max_hp_gain":0,"max_hp_loss":0,"event_name":"The Woman in Blue","floor":5,"gold_loss":0}],"is_beta":false,"boss_relics":[],"items_purged_floors":[],"is_endless":false,"potions_floor_spawned":[2],"killed_by":"Lagavulin","ascension_level":13}