{"gold_per_floor":[117,42,42,42,60,92,105,139,139,139,173,18,36,54,54,153,153,171,171,21,43,68,80,92,120,157,169,206,218],"floor_reached":29,"playtime":976,"items_purged":["Defend_B"],"score":389,"play_id":"6455372e-4c7b-4513-8e73-37e112896add","local_time":"20180727225617","is_ascension_mode":true,"campfire_choices":[{"data":"Doom and Gloom","floor":10,"key":"SMITH"},{"floor":15,"key":"REST"},{"floor":23,"key":"REST"}],"neow_cost":"NONE","seed_source_timestamp":53031099011769,"circlet_count":0,"master_deck":["Strike_B","Strike_B+1","Strike_B","Strike_B+1","Defend_B","Defend_B","Defend_B+1","Zap","Dualcast+1","Doom and Gloom+1","White Noise","BootSequence","Steam+1","Sunder","Leap","Echo Form","Fission+1","Writhe","Steam"],"relics":["Cracked Core","NeowsBlessing","Question Card","Strawberry","Bottled Flame","Anchor","Lantern","Philosopher\u0027s Stone","MawBank","Whetstone","War Paint","Matryoshka"],"potions_floor_usage":[11,11,14,16,28,29],"damage_taken":[{"damage":0,"enemies":"Cultist","floor":1,"turns":1},{"damage":0,"enemies":"Small Slimes","floor":5,"turns":1},{"damage":0,"enemies":"Gremlin Nob","floor":6,"turns":1},{"damage":2,"enemies":"Jaw Worm","floor":7,"turns":2},{"damage":13,"enemies":"3 Sentries","floor":8,"turns":4},{"damage":32,"enemies":"Lagavulin","floor":11,"turns":4},{"damage":4,"enemies":"Exordium Wildlife","floor":13,"turns":3},{"damage":0,"enemies":"3 Louse","floor":14,"turns":1},{"damage":0,"enemies":"Slime Boss","floor":16,"turns":7},{"damage":8,"enemies":"Chosen","floor":18,"turns":4},{"damage":24,"enemies":"2 Thieves","floor":21,"turns":4},{"damage":25,"enemies":"Centurion and Healer","floor":22,"turns":6},{"damage":39,"enemies":"Snake Plant","floor":25,"turns":5},{"damage":29,"enemies":"Slavers","floor":28,"turns":6},{"damage":19,"enemies":"3 Cultists","floor":29,"turns":5}],"seed_played":"7243796819983139788","potions_obtained":[{"floor":1,"key":"Poison Potion"},{"floor":5,"key":"FearPotion"},{"floor":11,"key":"FocusPotion"},{"floor":13,"key":"PowerPotion"},{"floor":25,"key":"Poison Potion"},{"floor":28,"key":"EssenceOfSteel"}],"is_trial":false,"path_per_floor":["M","$","$","?","M","E","M","E","T","R","E","$","M","M","R","B",null,"M","?","$","M","M","R","?","M","T","?","E"],"character_chosen":"DEFECT","items_purchased":["Lantern","MawBank"],"campfire_rested":2,"item_purchase_floors":[12,20],"current_hp_per_floor":[75,75,75,60,60,60,58,52,52,52,20,20,23,23,47,47,82,74,74,74,50,25,49,76,44,44,44,15,0],"gold":218,"neow_bonus":"THREE_ENEMY_KILL","is_prod":false,"is_daily":false,"chose_seed":false,"campfire_upgraded":1,"win_rate":0,"timestamp":1532721377,"path_taken":["M","?","$","?","M","E","M","E","T","R","E","?","M","M","R","BOSS","M","?","$","M","M","R","?","?","T","?","E","M"],"build_version":"2018-07-26","purchased_purges":1,"victory":false,"max_hp_per_floor":[75,75,75,75,75,75,75,82,82,82,82,82,82,82,82,82,82,82,82,82,82,82,82,82,82,82,82,82,82],"card_choices":[{"not_picked":["Consume","FTL"],"picked":"Doom and Gloom","floor":1},{"not_picked":["Auto Shields","Beam Cell"],"picked":"White Noise","floor":5},{"not_picked":["Heatsinks","Sweeping Beam"],"picked":"BootSequence","floor":6},{"not_picked":["Skim","Self Repair","Force Field"],"picked":"Steam","floor":7},{"not_picked":["Multi-Cast","Hologram","Conserve Battery"],"picked":"Sunder","floor":8},{"not_picked":["Ball Lightning","Undo","Gash"],"picked":"Leap","floor":11},{"not_picked":["Rebound","Ball Lightning","Redo","Go for the Eyes"],"picked":"SKIP","floor":13},{"not_picked":["Gash","Redo","Tempest"],"picked":"Echo Form","floor":14},{"not_picked":["Meteor Strike","Multi-Cast","Machine Learning"],"picked":"Fission","floor":16},{"not_picked":["Steam Power","Stack+1","Go for the Eyes","Turbo"],"picked":"SKIP","floor":18},{"not_picked":["Compile Driver","Beam Cell","Cold Snap","Sweeping Beam"],"picked":"SKIP","floor":21},{"not_picked":["Compile Driver+1","Cold Snap+1","Coolheaded","Go for the Eyes"],"picked":"SKIP","floor":22},{"not_picked":["Rainbow","Stack","Turbo+1","Steam"],"picked":"SKIP","floor":25},{"not_picked":["Barrage","Force Field","Coolheaded+1"],"picked":"Steam","floor":28}],"player_experience":312781,"relics_obtained":[{"floor":6,"key":"Question Card"},{"floor":8,"key":"Strawberry"},{"floor":9,"key":"Bottled Flame"},{"floor":11,"key":"Anchor"},{"floor":26,"key":"Whetstone"},{"floor":28,"key":"Matryoshka"}],"event_choices":[{"event_name":"Shining Light","player_choice":"Entered Light","floor":4,"damage_taken":0},{"event_name":"Beggar","player_choice":"Ignored","floor":19,"damage_taken":0},{"event_name":"The Library","player_choice":"Heal","floor":24,"damage_taken":0},{"event_name":"The Mausoleum","player_choice":"Yes","floor":27,"damage_taken":0}],"is_beta":false,"boss_relics":[{"not_picked":["Cursed Key","Fusion Hammer"],"picked":"Philosopher\u0027s Stone"}],"items_purged_floors":[2],"is_endless":false,"potions_floor_spawned":[1,5,11,13,25,28],"killed_by":"3 Cultists","ascension_level":3}