{"gold_per_floor":[117,117,42,60,60,60,89,108,108,108,127,127,90,40,40,135,135,149,162,162,20,40,40],"floor_reached":23,"playtime":789,"items_purged":["Regret"],"score":260,"play_id":"1b25403f-abc1-4d78-8838-997e5de2bfb4","local_time":"20190707200514","is_ascension_mode":true,"campfire_choices":[{"data":"Neutralize","floor":6,"key":"SMITH"},{"floor":12,"key":"REST"},{"floor":15,"key":"REST"}],"neow_cost":"NONE","seed_source_timestamp":0,"circlet_count":0,"master_deck":["Strike_G","Strike_G+1","Strike_G","Strike_G","Strike_G","Defend_G","Defend_G","Defend_G","Defend_G","Defend_G","Survivor","Neutralize+1","Infinite Blades+1","Dodge and Roll+1","Infinite Blades+1","Envenom+1","Leg Sweep","Infinite Blades+1"],"special_seed":0,"relics":["Calling Bell","Du-Vu Doll","Frozen Egg 2","Centennial Puzzle","Calipers","Singing Bowl","Pear","WristBlade","Spirit Poop"],"potions_floor_usage":[7,11,18,22,23],"damage_taken":[{"damage":6,"enemies":"Cultist","floor":1,"turns":4},{"damage":9,"enemies":"Jaw Worm","floor":4,"turns":3},{"damage":24,"enemies":"Lagavulin","floor":7,"turns":6},{"damage":7,"enemies":"Small Slimes","floor":8,"turns":4},{"damage":0,"enemies":"Blue Slaver","floor":11,"turns":2},{"damage":26,"enemies":"Slime Boss","floor":16,"turns":13},{"damage":5,"enemies":"Spheric Guardian","floor":18,"turns":5},{"damage":24,"enemies":"2 Thieves","floor":19,"turns":5},{"damage":34,"enemies":"Cultist and Chosen","floor":22,"turns":6},{"damage":20,"enemies":"Book of Stabbing","floor":23,"turns":7}],"seed_played":"-3393106103212265202","potions_obtained":[{"floor":4,"key":"Weak Potion"},{"floor":8,"key":"SkillPotion"},{"floor":16,"key":"GhostInAJar"},{"floor":22,"key":"Swift Potion"}],"is_trial":false,"path_per_floor":["M","?","$","M","?","R","E","M","T","?","M","R","$","?","R","B",null,"M","M","?","$","M","E"],"character_chosen":"THE_SILENT","items_purchased":["Infinite Blades+1","Infinite Blades+1","GhostInAJar"],"campfire_rested":2,"item_purchase_floors":[13,21,21],"current_hp_per_floor":[64,64,64,55,55,55,33,26,36,20,22,47,47,47,72,46,75,72,48,48,48,16,0],"gold":40,"neow_bonus":"BOSS_RELIC","is_prod":false,"is_daily":false,"chose_seed":false,"campfire_upgraded":1,"win_rate":0,"timestamp":1562519114,"path_taken":["M","?","?","M","?","R","E","M","T","?","?","R","$","?","R","BOSS","M","M","?","$","M","E"],"build_version":"2019-07-05","purchased_purges":1,"victory":false,"max_hp_per_floor":[70,70,70,70,70,70,72,72,82,82,84,84,84,84,84,84,84,86,86,86,86,88,88],"card_choices":[{"not_picked":["Expertise","All Out Attack"],"picked":"Infinite Blades+1","floor":1},{"not_picked":["Underhanded Strike","Quick Slash","Masterful Stab"],"picked":"SKIP","floor":4},{"not_picked":["Burst","Well Laid Plans+1","Setup"],"picked":"Singing Bowl","floor":7},{"not_picked":["Bane","Eviscerate"],"picked":"Dodge and Roll","floor":8},{"not_picked":["Crippling Poison","Acrobatics","Prepared"],"picked":"Singing Bowl","floor":11},{"not_picked":["Storm of Steel","After Image+1"],"picked":"Envenom+1","floor":16},{"not_picked":["Sucker Punch","Outmaneuver","Quick Slash"],"picked":"Singing Bowl","floor":18},{"not_picked":["Setup","Masterful Stab+1"],"picked":"Leg Sweep","floor":19},{"not_picked":["Flying Knee+1","Deflect","Predator+1"],"picked":"Singing Bowl","floor":22}],"player_experience":650492,"relics_obtained":[{"floor":0.0,"key":"Du-Vu Doll"},{"floor":0.0,"key":"Frozen Egg 2"},{"floor":0.0,"key":"Centennial Puzzle"},{"floor":7,"key":"Singing Bowl"},{"floor":9,"key":"Pear"}],"event_choices":[{"damage_healed":0,"gold_gain":0,"player_choice":"Box","damage_taken":0,"relics_obtained":["Calipers"],"max_hp_gain":0,"max_hp_loss":0,"event_name":"Big Fish","floor":2,"gold_loss":0,"cards_obtained":["Regret"]},{"cards_removed":["Regret"],"damage_healed":0,"gold_gain":0,"player_choice":"Forget","damage_taken":0,"max_hp_gain":0,"max_hp_loss":0,"event_name":"Living Wall","floor":5,"gold_loss":0},{"damage_healed":0,"gold_gain":0,"player_choice":"Entered Light","damage_taken":16,"max_hp_gain":0,"max_hp_loss":0,"event_name":"Shining Light","floor":10,"gold_loss":0,"cards_upgraded":["Dodge and Roll","Strike_G"]},{"cards_removed":["Decay"],"damage_healed":0,"gold_gain":0,"player_choice":"Card Removal","damage_taken":0,"max_hp_gain":0,"max_hp_loss":0,"event_name":"The Cleric","floor":14,"gold_loss":50},{"cards_removed":["Writhe"],"damage_healed":0,"gold_gain":0,"player_choice":"Offered Curse","damage_taken":0,"relics_obtained":["Spirit Poop"],"max_hp_gain":0,"max_hp_loss":0,"event_name":"Bonfire Elementals","floor":20,"gold_loss":0}],"is_beta":false,"boss_relics":[{"not_picked":["Snecko Eye","Tiny House"],"picked":"WristBlade"}],"items_purged_floors":[3],"is_endless":false,"potions_floor_spawned":[4,8,16,22],"killed_by":"Book of Stabbing","ascension_level":5}