{"gold_per_floor":[111,186,19,19,38,65,65,98,98,98,109,209,6,16,16,118,118,136,11,11,11,23,35,47,69,81,113,125,37,47,58,58,154,154,174,192,102,114,114,114,114,114,114,127,6,6,6,24,24,24],"floor_reached":50,"playtime":2965,"items_purged":["Strike_B","Strike_B","Defend_B"],"score":495,"play_id":"76a657a4-0cc1-4fa6-9aec-a4780e80bd27","local_time":"20190718114445","is_ascension_mode":true,"campfire_choices":[{"floor":7,"key":"REST"},{"floor":15,"key":"REST"},{"data":"Dualcast","floor":23,"key":"SMITH"},{"data":"Hologram","floor":28,"key":"SMITH"},{"floor":32,"key":"REST"},{"floor":40,"key":"REST"},{"data":"White Noise","floor":47,"key":"SMITH"},{"floor":49,"key":"REST"}],"neow_cost":"PERCENT_DAMAGE","seed_source_timestamp":51150274039076,"circlet_count":0,"master_deck":["Defend_B","Zap+1","Dualcast+1","Hello World","Loop","Leap","Hologram+1","Self Repair","Streamline","Cold Snap+1","Genetic Algorithm","Heatsinks","Streamline+1","Core Surge+1","Glacier+1","Hello World+1","Hologram","Loop","Sunder+1","Double Energy","Meteor Strike+1","Self Repair+1","Parasite","Madness","Madness","White Noise+1","Turbo","PanicButton","Doom and Gloom+1"],"relics":["Cracked Core","StoneCalendar","Orichalcum","Molten Egg 2","Runic Pyramid","MawBank","Pantograph","Sozu","Mercury Hourglass"],"potions_floor_usage":[6,16,33,38],"damage_taken":[{"damage":2,"enemies":"2 Louse","floor":1,"turns":2},{"damage":0,"enemies":"Small Slimes","floor":5,"turns":3},{"damage":41,"enemies":"Gremlin Nob","floor":6,"turns":5},{"damage":18,"enemies":"Lagavulin","floor":8,"turns":7},{"damage":4,"enemies":"Cultist","floor":11,"turns":4},{"damage":5,"enemies":"Looter","floor":14,"turns":3},{"damage":33,"enemies":"Hexaghost","floor":16,"turns":7},{"damage":12,"enemies":"Chosen","floor":18,"turns":4},{"damage":10,"enemies":"Spheric Guardian","floor":25,"turns":4},{"damage":34,"enemies":"3 Cultists","floor":27,"turns":7},{"damage":14,"enemies":"Snake Plant","floor":30,"turns":4},{"damage":16,"enemies":"Centurion and Healer","floor":31,"turns":7},{"damage":66,"enemies":"Collector","floor":33,"turns":10},{"damage":51,"enemies":"3 Darklings","floor":35,"turns":5},{"damage":0,"enemies":"3 Shapes","floor":36,"turns":3},{"damage":27,"enemies":"Writhing Mass","floor":38,"turns":6},{"damage":16,"enemies":"Transient","floor":44,"turns":5},{"damage":8,"enemies":"4 Shapes","floor":48,"turns":4},{"damage":81,"enemies":"Awakened One","floor":50,"turns":10}],"seed_played":"669344621850976072","potions_obtained":[{"floor":1,"key":"Swift Potion"},{"floor":14,"key":"Fire Potion"},{"floor":25,"key":"Strength Potion"},{"floor":33,"key":"Energy Potion"}],"is_trial":false,"path_per_floor":["M","?","$","?","M","E","R","E","T","?","M","?","$","M","R","B",null,"M","$","?","?","?","R","?","M","T","M","R","$","M","M","R","B",null,"M","M","?","M","?","R","$","?","T","M","$","?","R","M","R","B"],"character_chosen":"DEFECT","items_purchased":["Loop","Leap","Genetic Algorithm","Heatsinks","Hologram","Loop","White Noise","Turbo"],"campfire_rested":5,"item_purchase_floors":[3,3,13,13,29,29,45,45],"current_hp_per_floor":[52,41,41,66,66,25,47,36,36,36,39,39,39,41,63,37,75,70,70,70,70,70,70,70,67,67,40,40,40,33,24,46,12,75,24,31,31,21,12,34,34,34,34,35,35,35,35,27,49,0],"gold":24,"neow_bonus":"REMOVE_TWO","is_prod":false,"is_daily":false,"chose_seed":false,"campfire_upgraded":3,"win_rate":0,"timestamp":1563468285,"path_taken":["M","?","$","?","M","E","R","E","T","?","?","?","$","M","R","BOSS","M","$","?","?","?","R","?","?","T","M","R","$","?","M","R","BOSS","M","M","?","?","?","R","$","?","T","?","$","?","R","M","R","BOSS"],"build_version":"2019-07-17","purchased_purges":3,"victory":false,"max_hp_per_floor":[75,75,75,75,75,75,75,75,75,75,75,75,75,75,75,75,75,75,75,75,75,75,75,75,75,75,75,75,75,75,75,75,75,75,75,75,75,75,75,75,75,75,75,75,75,75,75,75,75,75],"card_choices":[{"not_picked":["Heatsinks","Consume"],"picked":"Hello World","floor":1},{"not_picked":["Stack","Defragment"],"picked":"Hologram","floor":5},{"not_picked":["Hello World","Stack"],"picked":"Self Repair","floor":6},{"not_picked":["Barrage","Turbo"],"picked":"Streamline","floor":8},{"not_picked":["Glacier","Conserve Battery"],"picked":"Cold Snap+1","floor":11},{"not_picked":["Ball Lightning+1","Sweeping Beam+1"],"picked":"Streamline+1","floor":14},{"not_picked":["Buffer","All For One+1"],"picked":"Core Surge+1","floor":16},{"not_picked":["Stack","Streamline+1"],"picked":"Glacier","floor":18},{"not_picked":["Beam Cell+1","Heatsinks+1","Go for the Eyes+1"],"picked":"SKIP","floor":25},{"not_picked":["Steam","Leap"],"picked":"Hello World+1","floor":27},{"not_picked":["Cold Snap+1","Scrape+1"],"picked":"Sunder+1","floor":30},{"not_picked":["Steam","Gash+1"],"picked":"Double Energy","floor":31},{"not_picked":["Buffer","Seek"],"picked":"Meteor Strike+1","floor":33},{"not_picked":["Cold Snap+1","Blizzard+1","Steam+1"],"picked":"SKIP","floor":35},{"not_picked":["Blizzard+1","Stack"],"picked":"Self Repair+1","floor":36},{"not_picked":["Leap+1","Conserve Battery","Scrape+1"],"picked":"SKIP","floor":38},{"not_picked":["Chaos+1","Rebound+1","Ball Lightning+1"],"picked":"SKIP","floor":44},{"not_picked":["Bandage Up","Trip"],"picked":"PanicButton","floor":46},{"not_picked":["Melter+1","Turbo"],"picked":"Doom and Gloom+1","floor":48}],"player_experience":354755,"relics_obtained":[{"floor":6,"key":"StoneCalendar"},{"floor":8,"key":"Orichalcum"},{"floor":9,"key":"Molten Egg 2"},{"floor":26,"key":"Pantograph"},{"floor":43,"key":"Mercury Hourglass"}],"event_choices":[{"damage_healed":0,"gold_gain":75,"player_choice":"Gather Gold","damage_taken":11,"max_hp_gain":0,"max_hp_loss":0,"event_name":"World of Goop","floor":2,"gold_loss":0},{"damage_healed":25,"gold_gain":0,"player_choice":"Banana","damage_taken":0,"max_hp_gain":0,"max_hp_loss":0,"event_name":"Big Fish","floor":4,"gold_loss":0},{"damage_healed":0,"gold_gain":0,"player_choice":"Forge","damage_taken":0,"max_hp_gain":0,"max_hp_loss":0,"event_name":"Accursed Blacksmith","floor":10,"gold_loss":0,"cards_upgraded":["Zap"]},{"damage_healed":0,"gold_gain":100,"player_choice":"Pray","damage_taken":0,"max_hp_gain":0,"max_hp_loss":0,"event_name":"Golden Shrine","floor":12,"gold_loss":0},{"damage_healed":0,"gold_gain":0,"player_choice":"Opened","damage_taken":0,"relics_obtained":["MawBank"],"max_hp_gain":0,"max_hp_loss":0,"event_name":"The Mausoleum","floor":21,"gold_loss":0},{"damage_healed":0,"gold_gain":0,"player_choice":"Ignored","damage_taken":0,"max_hp_gain":0,"max_hp_loss":0,"event_name":"Ghosts","floor":22,"gold_loss":0},{"cards_removed":["Defend_B"],"damage_healed":0,"gold_gain":0,"player_choice":"Elegance","damage_taken":0,"max_hp_gain":0,"max_hp_loss":0,"event_name":"Back to Basics","floor":24,"gold_loss":0},{"cards_removed":["Defend_B"],"damage_healed":0,"gold_gain":0,"player_choice":"Upgrade and Remove","damage_taken":0,"max_hp_gain":0,"max_hp_loss":0,"event_name":"Designer","floor":37,"gold_loss":90,"cards_upgraded":["Glacier"]},{"damage_healed":0,"gold_gain":0,"player_choice":"Embrace Madness","damage_taken":9,"max_hp_gain":0,"max_hp_loss":0,"event_name":"Winding Halls","floor":39,"gold_loss":0,"cards_obtained":["Madness","Madness"]},{"damage_healed":0,"gold_gain":0,"player_choice":"Ignored","damage_taken":0,"max_hp_gain":0,"max_hp_loss":0,"event_name":"SecretPortal","floor":42,"gold_loss":0},{"damage_healed":0,"gold_gain":0,"player_choice":"Memory 1","damage_taken":0,"max_hp_gain":0,"max_hp_loss":0,"event_name":"SensoryStone","floor":46,"gold_loss":0}],"is_beta":false,"boss_relics":[{"not_picked":["Black Star","Runic Dome"],"picked":"Runic Pyramid"},{"not_picked":["Orrery","Lizard Tail"],"picked":"Sozu"}],"items_purged_floors":[3,13,19],"is_endless":false,"potions_floor_spawned":[1,14,25,33,35,44],"killed_by":"Awakened One","ascension_level":1}