{"path_per_floor":["M","M","M","M","M","E","R","M","T","?","R","?","$","?","R"],"character_chosen":"THE_SILENT","items_purchased":["Dodecahedron"],"gold_per_floor":[114,129,144,159,174,204,204,219,219,266,266,516,191,191,191],"floor_reached":16,"campfire_rested":1,"playtime":1210,"current_hp_per_floor":[70,70,68,62,58,34,34,34,34,32,32,32,32,25,65],"items_purged":["Regret"],"gold":191,"score":102,"play_id":"41f86ca3-16a2-4b21-a72f-753f73e816ab","local_time":"20180321091627","daily_mods":["Shiny","Uncertain Future","Night Terrors"],"is_prod":false,"is_daily":true,"is_ascension_mode":false,"campfire_upgraded":2,"timestamp":1521616587,"path_taken":["M","M","M","M","M","E","R","M","T","?","R","?","$","?","R","BOSS"],"build_version":"2018-03-15v3","purchased_purges":1,"victory":false,"master_deck":["Defend_G","Defend_G","Defend_G","Defend_G","Defend_G","Strike_G","Strike_G","Strike_G","Strike_G","Strike_G","Survivor","Neutralize","Grand Finale","Dagger Spray","Backstab","PiercingWail","Dash+1","Predator","Dagger Spray","Dodge and Roll+1","Dodge and Roll"],"max_hp_per_floor":[70,70,70,70,70,70,70,70,70,70,70,70,70,70,65],"relics":["Ring of the Snake","Juzu Bracelet","Blue Candle","Happy Flower","Dodecahedron","Meat on the Bone"],"card_choices":[{"not_picked":["Dodge and Roll","Backflip"],"picked":"Dagger Spray"},{"not_picked":["Dash","Slice"],"picked":"Backstab"},{"not_picked":["Calculated Gamble","Expertise"],"picked":"PiercingWail"},{"not_picked":["Cloak And Dagger","Sucker Punch"],"picked":"Dash"},{"not_picked":["Accuracy","Bane"],"picked":"Predator"},{"not_picked":["Wraith Form","Acrobatics"],"picked":"Dagger Spray"},{"not_picked":["Sucker Punch","Quick Slash"],"picked":"Dodge and Roll"},{"not_picked":["Eviscerate","Bane"],"picked":"Dodge and Roll"}],"player_experience":110283,"potions_floor_usage":[5,6,10,16],"damage_taken":[{"damage":0,"enemies":"Small Slimes","floor":1,"turns":3},{"damage":0,"enemies":"Jaw Worm","floor":2,"turns":3},{"damage":2,"enemies":"2 Louse","floor":3,"turns":3},{"damage":6,"enemies":"Gremlin Gang","floor":4,"turns":5},{"damage":4,"enemies":"Exordium Thugs","floor":5,"turns":4},{"damage":24,"enemies":"Gremlin Nob","floor":6,"turns":5},{"damage":0,"enemies":"2 Fungi Beasts","floor":8,"turns":3},{"damage":2,"enemies":"3 Sentries","floor":10,"turns":5},{"damage":65,"enemies":"The Guardian","floor":16,"turns":19}],"event_choices":[{"event_name":"Dead Adventurer","player_choice":"Searched \u00273\u0027 times","floor":10,"damage_taken":0},{"event_name":"Golden Shrine","player_choice":"Desecrate","floor":12,"damage_taken":0},{"event_name":"Scrap Ooze","player_choice":"success","floor":14,"damage_taken":7}],"boss_relics":[],"potions_floor_spawned":[2,4,8,10],"seed_played":"-5866523525083390548","killed_by":"The Guardian","ascension_level":0,"is_trial":false}