{"gold_per_floor":[119,119,119,119,119,119,157,82,132,132,207,16,16,30,30,30],"floor_reached":16,"playtime":409,"items_purged":[],"score":132,"play_id":"084ba07a-360e-4997-b51f-77554f04704e","local_time":"20180820184523","is_ascension_mode":true,"campfire_choices":[{"floor":6,"key":"REST"},{"floor":10,"key":"REST"},{"data":"Barricade","floor":15,"key":"SMITH"}],"neow_cost":"","seed_source_timestamp":381963587359404,"circlet_count":0,"master_deck":["Strike_R+1","Strike_R","Strike_R+1","Strike_R","Strike_R","Defend_R","Defend_R","Defend_R","Bash","Feel No Pain+1","Barricade+1","Immolate","Disarm"],"relics":["Burning Blood","Golden Idol","Oddly Smooth Stone","Lantern","Lee\u0027s Waffle","Anchor"],"potions_floor_usage":[7,16],"damage_taken":[{"damage":5,"enemies":"Small Slimes","floor":1,"turns":3},{"damage":22,"enemies":"3 Sentries","floor":7,"turns":13},{"damage":0,"enemies":"2 Louse","floor":14,"turns":1},{"damage":89,"enemies":"Slime Boss","floor":16,"turns":10}],"seed_played":"-6824326980435235825","potions_obtained":[{"floor":1,"key":"Block Potion"},{"floor":7,"key":"EssenceOfSteel"}],"is_trial":false,"path_per_floor":["M","?","?","?","?","R","E","$","T","R","?","$","T","M","R"],"character_chosen":"IRONCLAD","items_purchased":["Immolate","Lee\u0027s Waffle"],"campfire_rested":2,"item_purchase_floors":[8,12],"current_hp_per_floor":[73,53,46,46,30,54,38,38,38,62,54,87,87,87,87,0],"gold":30,"neow_bonus":"","is_prod":false,"is_daily":false,"chose_seed":false,"campfire_upgraded":1,"win_rate":0,"timestamp":1534779923,"path_taken":["M","?","?","?","?","R","E","?","T","R","?","$","?","M","R","BOSS"],"build_version":"2018-08-16","purchased_purges":0,"victory":false,"max_hp_per_floor":[80,80,80,80,80,80,80,80,80,80,80,87,87,87,87,87],"card_choices":[{"not_picked":["Perfected Strike","True Grit"],"picked":"Feel No Pain","floor":1},{"not_picked":["Body Slam","Shrug It Off"],"picked":"Barricade","floor":7},{"not_picked":["Clothesline","Power Through"],"picked":"Disarm","floor":14}],"player_experience":342508,"relics_obtained":[{"floor":7,"key":"Oddly Smooth Stone"},{"floor":9,"key":"Lantern"},{"floor":13,"key":"Anchor"}],"event_choices":[{"event_name":"Golden Idol","player_choice":"Take Damage","floor":2,"damage_taken":0},{"event_name":"Golden Wing","player_choice":"Card Removal","floor":3,"damage_taken":0},{"event_name":"Upgrade Shrine","player_choice":"Upgraded","floor":4,"damage_taken":0},{"event_name":"Shining Light","player_choice":"Entered Light","floor":5,"damage_taken":0},{"event_name":"FaceTrader","player_choice":"Touch","floor":11,"damage_taken":0}],"is_beta":false,"boss_relics":[],"items_purged_floors":[],"is_endless":false,"potions_floor_spawned":[1,7],"killed_by":"Slime Boss","ascension_level":8}