{"gold_per_floor":[116,129,204,204,218,218,231,231,257,257,290,290,307,407,407,504,504,519,533,553,323,333,333,368,368,368,368,368,703,703],"floor_reached":30,"playtime":1562,"items_purged":["Decay"],"score":268,"play_id":"3f7c331b-94b9-418a-8105-e2a4b6e8579a","local_time":"20190710105321","is_ascension_mode":false,"campfire_choices":[{"data":"Rampage","floor":6,"key":"SMITH"},{"data":"Shrug It Off","floor":8,"key":"SMITH"},{"data":"Pommel Strike","floor":10,"key":"SMITH"},{"data":"Armaments","floor":15,"key":"SMITH"},{"floor":23,"key":"REST"},{"data":"True Grit","floor":25,"key":"SMITH"}],"neow_cost":"NONE","seed_source_timestamp":74445136472880,"circlet_count":0,"master_deck":["Bash+1","Rampage+1","Pommel Strike+1","Seeing Red","Shrug It Off+1","Armaments+1","Reaper","Juggernaut","Clash","Clothesline","Inflame","Demon Form","Evolve","Shrug It Off","Armaments","Warcry","True Grit+1","Impervious"],"relics":["Burning Blood","Strawberry","Regal Pillow","Pandora\u0027s Box","Happy Flower","Blood Vial","Incense Burner","Old Coin"],"potions_floor_usage":[20,20,24,24,30,30],"damage_taken":[{"damage":1,"enemies":"Cultist","floor":1,"turns":3},{"damage":11,"enemies":"Jaw Worm","floor":2,"turns":3},{"damage":4,"enemies":"Small Slimes","floor":5,"turns":4},{"damage":9,"enemies":"3 Louse","floor":7,"turns":3},{"damage":19,"enemies":"Gremlin Nob","floor":11,"turns":4},{"damage":0,"enemies":"Gremlin Gang","floor":13,"turns":5},{"damage":66,"enemies":"The Guardian","floor":16,"turns":15},{"damage":49,"enemies":"3 Byrds","floor":18,"turns":9},{"damage":25,"enemies":"Shell Parasite","floor":19,"turns":7},{"damage":22,"enemies":"Cultist and Chosen","floor":20,"turns":6},{"damage":44,"enemies":"Centurion and Healer","floor":22,"turns":7},{"damage":66,"enemies":"Slavers","floor":24,"turns":7},{"damage":25,"enemies":"Book of Stabbing","floor":29,"turns":7},{"damage":48,"enemies":"3 Cultists","floor":30,"turns":7}],"seed_played":"3337788089213791351","potions_obtained":[{"floor":1,"key":"SkillPotion"},{"floor":5,"key":"Regen Potion"},{"floor":16,"key":"Swift Potion"},{"floor":20,"key":"Poison Potion"},{"floor":22,"key":"Swift Potion"},{"floor":29,"key":"LiquidBronze"}],"is_trial":false,"path_per_floor":["M","M","?","?","M","R","M","R","T","R","E","?","M","?","R","B",null,"M","M","M","$","M","R","E","R","T","?","?","E","M"],"character_chosen":"IRONCLAD","items_purchased":["Happy Flower"],"campfire_rested":1,"item_purchase_floors":[21],"current_hp_per_floor":[80,75,64,64,66,66,63,63,70,70,57,62,68,68,68,8,92,55,36,55,55,27,69,39,39,39,39,39,22,0],"gold":703,"neow_bonus":"UPGRADE_CARD","is_prod":false,"is_daily":false,"chose_seed":false,"campfire_upgraded":5,"win_rate":0,"timestamp":1562748801,"path_taken":["M","M","?","?","M","R","?","R","T","R","E","?","M","?","R","BOSS","M","?","M","$","M","R","E","R","T","?","?","E","?"],"build_version":"2019-07-05","purchased_purges":1,"victory":false,"max_hp_per_floor":[80,80,80,80,80,80,80,80,87,87,87,92,92,92,92,92,92,92,92,92,92,92,92,92,92,92,92,92,92,92],"card_choices":[{"not_picked":["Battle Trance","Anger"],"picked":"Rampage","floor":1},{"not_picked":["Clash","Sword Boomerang"],"picked":"Pommel Strike","floor":2},{"not_picked":["Perfected Strike","Warcry"],"picked":"Seeing Red","floor":5},{"not_picked":["Inflame","Dropkick"],"picked":"Shrug It Off","floor":7},{"not_picked":["Ghostly Armor","Spot Weakness"],"picked":"Armaments","floor":11},{"not_picked":["Clothesline","Sword Boomerang","Fire Breathing"],"picked":"SKIP","floor":13},{"not_picked":["Offering","Impervious"],"picked":"Reaper","floor":16},{"not_picked":["Heavy Blade","Sever Soul+1","Reckless Charge"],"picked":"SKIP","floor":18},{"not_picked":["Iron Wave","Perfected Strike+1","Heavy Blade+1"],"picked":"SKIP","floor":19},{"not_picked":["Second Wind","Heavy Blade+1","Anger"],"picked":"SKIP","floor":20},{"not_picked":["Rupture","Power Through+1"],"picked":"Warcry","floor":22},{"not_picked":["Entrench","Blood for Blood"],"picked":"True Grit","floor":24},{"not_picked":["Clash","Heavy Blade"],"picked":"Impervious","floor":29}],"player_experience":50210,"relics_obtained":[{"floor":9,"key":"Strawberry"},{"floor":11,"key":"Regal Pillow"},{"floor":24,"key":"Blood Vial"},{"floor":26,"key":"Incense Burner"},{"floor":29,"key":"Old Coin"}],"event_choices":[{"damage_healed":0,"gold_gain":75,"player_choice":"Gather Gold","damage_taken":11,"max_hp_gain":0,"max_hp_loss":0,"event_name":"World of Goop","floor":3,"gold_loss":0},{"damage_healed":0,"gold_gain":0,"player_choice":"Cursed","damage_taken":0,"max_hp_gain":0,"max_hp_loss":0,"event_name":"Wheel of Change","floor":4,"gold_loss":0,"cards_obtained":["Decay"]},{"damage_healed":0,"gold_gain":0,"player_choice":"Donut","damage_taken":0,"max_hp_gain":5,"max_hp_loss":0,"event_name":"Big Fish","floor":12,"gold_loss":0},{"damage_healed":0,"gold_gain":100,"player_choice":"Pray","damage_taken":0,"max_hp_gain":0,"max_hp_loss":0,"event_name":"Golden Shrine","floor":14,"gold_loss":0},{"cards_removed":["Rampage"],"damage_healed":0,"gold_gain":0,"player_choice":"Elegance","damage_taken":0,"max_hp_gain":0,"max_hp_loss":0,"event_name":"Back to Basics","floor":27,"gold_loss":0},{"damage_healed":0,"gold_gain":0,"player_choice":"Ignored","damage_taken":0,"max_hp_gain":0,"max_hp_loss":0,"event_name":"NoteForYourself","floor":28,"gold_loss":0}],"is_beta":false,"boss_relics":[{"not_picked":["Runic Pyramid","Runic Cube"],"picked":"Pandora\u0027s Box"}],"items_purged_floors":[21],"is_endless":false,"potions_floor_spawned":[1,5,16,20,22,29],"killed_by":"3 Cultists","ascension_level":0}