{"gold_per_floor":[364,364,364,364,58,101,101,101,126,150,150,150,166,181,181,312,312,328,328,344,269,269,269],"floor_reached":23,"playtime":1186,"items_purged":["Normality"],"score":271,"play_id":"d76937e2-150a-4b27-bee3-00301d8c84a2","local_time":"20180929185848","is_ascension_mode":true,"campfire_choices":[{"floor":7,"key":"REST"},{"floor":12,"key":"REST"},{"data":"Bash","floor":15,"key":"SMITH"}],"neow_cost":"CURSE","seed_source_timestamp":725219201562541,"circlet_count":0,"master_deck":["Strike_R","Strike_R","Strike_R+1","Strike_R","Strike_R","Defend_R","Defend_R","Defend_R","Defend_R","Bash+1","Shrug It Off+1","Seeing Red+1","Iron Wave+1","Berserk","Shockwave+1","Pain"],"relics":["Burning Blood","Golden Idol","Centennial Puzzle","Ice Cream","Oddly Smooth Stone","Blood Vial","Fusion Hammer","WarpedTongs","Bag of Marbles"],"potions_floor_usage":[6,14,16,20],"damage_taken":[{"damage":16,"enemies":"Cultist","floor":1,"turns":4},{"damage":32,"enemies":"3 Sentries","floor":6,"turns":13},{"damage":0,"enemies":"Jaw Worm","floor":10,"turns":2},{"damage":0,"enemies":"2 Louse","floor":13,"turns":2},{"damage":9,"enemies":"Exordium Wildlife","floor":14,"turns":7},{"damage":47,"enemies":"The Guardian","floor":16,"turns":15},{"damage":21,"enemies":"2 Thieves","floor":18,"turns":5},{"damage":6,"enemies":"Chosen","floor":20,"turns":3},{"damage":58,"enemies":"Book of Stabbing","floor":23,"turns":5}],"seed_played":"8977351019587908244","potions_obtained":[{"floor":1,"key":"Dexterity Potion"},{"floor":13,"key":"Dexterity Potion"},{"floor":14,"key":"Explosive Potion"},{"floor":18,"key":"AttackPotion"}],"is_trial":false,"path_per_floor":["M","?","?","?","$","E","R","?","T","M","?","R","M","M","R","B",null,"M","?","M","$","T"],"character_chosen":"IRONCLAD","items_purchased":["Ice Cream"],"campfire_rested":2,"item_purchase_floors":[5],"current_hp_per_floor":[62,42,39,39,39,13,37,21,21,29,29,53,61,60,60,21,65,52,52,54,54,54,0],"gold":269,"neow_bonus":"TWO_FIFTY_GOLD","is_prod":false,"is_daily":false,"chose_seed":false,"campfire_upgraded":1,"win_rate":0,"timestamp":1538236728,"path_taken":["M","?","?","?","$","E","R","?","T","M","?","R","M","?","R","BOSS","M","?","M","$","?","E"],"build_version":"2018-09-27","purchased_purges":1,"victory":false,"max_hp_per_floor":[80,80,80,80,80,80,80,80,80,80,80,80,80,80,80,80,80,80,80,80,80,80,80],"card_choices":[{"not_picked":["True Grit","Dropkick"],"picked":"Shrug It Off","floor":1},{"not_picked":["Thunderclap","Clothesline"],"picked":"Seeing Red","floor":6},{"not_picked":["Anger","Perfected Strike"],"picked":"Iron Wave","floor":10},{"not_picked":["Rupture","Clash","Perfected Strike"],"picked":"SKIP","floor":13},{"not_picked":["Carnage","Armaments","Perfected Strike"],"picked":"SKIP","floor":14},{"not_picked":["Fiend Fire","Limit Break"],"picked":"Berserk","floor":16},{"not_picked":["True Grit","Shrug It Off"],"picked":"Shockwave+1","floor":18},{"not_picked":["True Grit","Sentinel","Combust"],"picked":"SKIP","floor":20}],"player_experience":396044,"relics_obtained":[{"floor":6,"key":"Oddly Smooth Stone"},{"floor":9,"key":"Blood Vial"},{"floor":22,"key":"Bag of Marbles"}],"event_choices":[{"event_name":"Golden Idol","player_choice":"Take Damage","floor":2,"damage_taken":0},{"event_name":"Scrap Ooze","player_choice":"success","floor":3,"damage_taken":3},{"event_name":"Upgrade Shrine","player_choice":"Upgraded","floor":4,"damage_taken":0},{"event_name":"Shining Light","player_choice":"Entered Light","floor":8,"damage_taken":0},{"event_name":"Living Wall","player_choice":"Grow","floor":11,"damage_taken":0},{"event_name":"Accursed Blacksmith","player_choice":"Rummage","floor":19,"damage_taken":0}],"is_beta":false,"boss_relics":[{"not_picked":["Lizard Tail","Velvet Choker"],"picked":"Fusion Hammer"}],"items_purged_floors":[21],"is_endless":false,"potions_floor_spawned":[1,13,14,18],"killed_by":"Book of Stabbing","ascension_level":9}