{"gold_per_floor":[116,134,134,147,165,165,182,214,264,264],"floor_reached":10,"playtime":482,"items_purged":[],"score":126,"play_id":"fc608f94-0314-4882-821a-1937d32d3ba9","local_time":"20190718175323","is_ascension_mode":true,"campfire_choices":[{"data":"Bash","floor":6,"key":"SMITH"}],"neow_cost":"NONE","seed_source_timestamp":32767547409700,"circlet_count":0,"master_deck":["AscendersBane","Strike_R","Strike_R","Strike_R","Strike_R","Strike_R","Defend_R","Defend_R","Defend_R","Defend_R","Bash+1","Battle Trance+1","Feel No Pain","Havoc","Shrug It Off","Pommel Strike"],"relics":["Burning Blood","Shovel","PreservedInsect"],"potions_floor_usage":[8,10],"damage_taken":[{"damage":8,"enemies":"Jaw Worm","floor":1,"turns":6},{"damage":6,"enemies":"Cultist","floor":2,"turns":4},{"damage":11,"enemies":"Small Slimes","floor":4,"turns":3},{"damage":20,"enemies":"3 Louse","floor":5,"turns":5},{"damage":14,"enemies":"Blue Slaver","floor":7,"turns":4},{"damage":33,"enemies":"Gremlin Nob","floor":8,"turns":5},{"damage":20,"enemies":"Lagavulin","floor":10,"turns":5}],"seed_played":"-7487291310774627032","potions_obtained":[{"floor":1,"key":"LiquidBronze"},{"floor":2,"key":"SmokeBomb"},{"floor":5,"key":"Dexterity Potion"},{"floor":7,"key":"Fire Potion"}],"is_trial":false,"path_per_floor":["M","M","?","M","M","R","M","E","T","E"],"character_chosen":"IRONCLAD","items_purchased":[],"campfire_rested":0,"item_purchase_floors":[],"current_hp_per_floor":[73,73,73,68,54,54,46,19,19,0],"gold":264,"neow_bonus":"TEN_PERCENT_HP_BONUS","is_prod":false,"is_daily":false,"chose_seed":false,"campfire_upgraded":1,"win_rate":0,"timestamp":1563461603,"path_taken":["M","M","?","M","M","R","M","E","T","E"],"build_version":"2019-07-17","purchased_purges":0,"victory":false,"max_hp_per_floor":[82,82,82,82,82,82,82,82,82,82],"card_choices":[{"not_picked":["Rupture","Clash","Headbutt"],"picked":"SKIP","floor":1},{"not_picked":["Dropkick","Clothesline"],"picked":"Battle Trance","floor":2},{"not_picked":["Clash","Armaments"],"picked":"Feel No Pain","floor":4},{"not_picked":["Heavy Blade","Twin Strike"],"picked":"Havoc","floor":5},{"not_picked":["Clothesline","Hemokinesis"],"picked":"Shrug It Off","floor":7},{"not_picked":["Searing Blow","Body Slam"],"picked":"Pommel Strike","floor":8}],"player_experience":674392,"relics_obtained":[{"floor":8,"key":"Shovel"},{"floor":9,"key":"PreservedInsect"}],"event_choices":[{"damage_healed":0,"gold_gain":0,"player_choice":"Forge","damage_taken":0,"max_hp_gain":0,"max_hp_loss":0,"event_name":"Accursed Blacksmith","floor":3,"gold_loss":0,"cards_upgraded":["Battle Trance"]}],"is_beta":false,"boss_relics":[],"items_purged_floors":[],"is_endless":false,"potions_floor_spawned":[1,2,5,7],"killed_by":"Lagavulin","ascension_level":16}