{"gold_per_floor":[115,115,115,40,63,63,106,131,131,131,171,195,216,235,235,360,360,375,290,306,103,202,202],"floor_reached":23,"playtime":635,"items_purged":["Injury"],"score":241,"play_id":"282ddfc4-c49b-4aae-ada9-576341b58d48","local_time":"20180817124153","is_ascension_mode":true,"campfire_choices":[{"data":"Loop","floor":6,"key":"SMITH"},{"floor":10,"key":"REST"},{"floor":15,"key":"REST"}],"neow_cost":"","seed_source_timestamp":100738742647403,"circlet_count":0,"master_deck":["Strike_B","Strike_B","Strike_B","Strike_B","Defend_B","Defend_B","Defend_B","Defend_B","Zap","Dualcast","Loop+1","Sweeping Beam","Double Energy","Conserve Battery","Core Surge","Melter","Beam Cell","Conserve Battery","Self Repair","Rip and Tear","Multi-Cast","Gash+1","Self Repair+1"],"relics":["Cracked Core","Golden Idol","Prayer Wheel","Symbiotic Virus","Omamori","Busted Crown","Bag of Preparation","Runic Capacitor"],"potions_floor_usage":[7,11,16],"damage_taken":[{"damage":7,"enemies":"Small Slimes","floor":1,"turns":3},{"damage":5,"enemies":"Cultist","floor":5,"turns":4},{"damage":25,"enemies":"3 Sentries","floor":7,"turns":4},{"damage":11,"enemies":"2 Louse","floor":8,"turns":2},{"damage":3,"enemies":"Gremlin Nob","floor":11,"turns":3},{"damage":7,"enemies":"Exordium Wildlife","floor":12,"turns":3},{"damage":10,"enemies":"Gremlin Gang","floor":13,"turns":3},{"damage":21,"enemies":"Lots of Slimes","floor":14,"turns":2},{"damage":23,"enemies":"The Guardian","floor":16,"turns":6},{"damage":18,"enemies":"Shell Parasite","floor":18,"turns":4},{"damage":33,"enemies":"2 Thieves","floor":20,"turns":4},{"damage":60,"enemies":"Gremlin Leader","floor":23,"turns":5}],"seed_played":"4625183898712466769","potions_obtained":[{"floor":5,"key":"Explosive Potion"},{"floor":7,"key":"PowerPotion"},{"floor":14,"key":"Poison Potion"}],"is_trial":false,"path_per_floor":["M","?","?","$","M","R","E","M","T","R","E","M","M","M","R","B",null,"M","?","M","$","?"],"character_chosen":"DEFECT","items_purchased":["Runic Capacitor"],"campfire_rested":2,"item_purchase_floors":[21],"current_hp_per_floor":[68,68,68,68,63,63,38,27,27,49,46,39,29,15,37,14,75,64,64,48,48,48,0],"gold":202,"neow_bonus":"","is_prod":false,"is_daily":false,"chose_seed":false,"campfire_upgraded":1,"win_rate":0,"timestamp":1534498913,"path_taken":["M","?","?","$","M","R","E","M","T","R","E","?","?","?","R","BOSS","M","?","?","$","?","E"],"build_version":"2018-08-16","purchased_purges":1,"victory":false,"max_hp_per_floor":[75,75,75,75,75,75,75,75,75,75,75,75,75,75,75,75,75,75,75,75,75,75,75],"card_choices":[{"not_picked":["Compile Driver","Streamline"],"picked":"Loop","floor":1},{"not_picked":["Leap","Lockon"],"picked":"Sweeping Beam","floor":5},{"not_picked":["Hologram","Cold Snap","Streamline"],"picked":"SKIP","floor":7},{"not_picked":["Tempest","Heatsinks"],"picked":"Double Energy","floor":8},{"not_picked":["Go for the Eyes","Sweeping Beam"],"picked":"Conserve Battery","floor":8},{"not_picked":["Compile Driver","Force Field"],"picked":"Core Surge","floor":11},{"not_picked":["Barrage","Storm"],"picked":"Melter","floor":12},{"not_picked":["Steam","Streamline"],"picked":"Beam Cell","floor":12},{"not_picked":["Barrage","Undo"],"picked":"Conserve Battery","floor":13},{"not_picked":["Scrape","Streamline"],"picked":"Self Repair","floor":13},{"not_picked":["Cold Snap","Barrage"],"picked":"Rip and Tear","floor":14},{"not_picked":["Ball Lightning","Coolheaded","Turbo"],"picked":"SKIP","floor":14},{"not_picked":["All For One","Reboot"],"picked":"Multi-Cast","floor":16},{"not_picked":[],"picked":"Gash+1","floor":18},{"not_picked":[],"picked":"Self Repair+1","floor":18},{"not_picked":["Streamline"],"picked":"SKIP","floor":20},{"not_picked":["Consume"],"picked":"SKIP","floor":20}],"player_experience":337752,"relics_obtained":[{"floor":7,"key":"Prayer Wheel"},{"floor":9,"key":"Symbiotic Virus"},{"floor":11,"key":"Omamori"}],"event_choices":[{"event_name":"The Woman in Blue","player_choice":"Bought 0 Potions","floor":2,"damage_taken":0},{"event_name":"Golden Idol","player_choice":"Take Wound","floor":3,"damage_taken":0},{"event_name":"Addict","player_choice":"Obtained Relic","floor":19,"damage_taken":0},{"event_name":"Nest","player_choice":"Stole From Cult","floor":22,"damage_taken":0}],"is_beta":false,"boss_relics":[{"not_picked":["Black Star","Pandora\u0027s Box"],"picked":"Busted Crown"}],"items_purged_floors":[4],"is_endless":false,"potions_floor_spawned":[5,7,14],"killed_by":"Gremlin Leader","ascension_level":4}