{"gold_per_floor":[111,111,286,286,17,17,17,17,42,65,106,120,20,33,33,157,157,180,180,198,198,50,50,68,68,68,68,89,142,142,142],"floor_reached":31,"playtime":893,"items_purged":["Regret","Doubt"],"score":332,"play_id":"3ccb589a-972f-4989-8cb9-dddde3ad287c","local_time":"20190307134826","is_ascension_mode":true,"campfire_choices":[{"data":"Crippling Poison","floor":6,"key":"SMITH"},{"data":"Storm of Steel","floor":8,"key":"SMITH"},{"floor":15,"key":"REST"},{"data":"Doppelganger","floor":23,"key":"SMITH"},{"data":"Acrobatics","floor":25,"key":"SMITH"},{"data":"Ghostly","floor":30,"key":"SMITH"}],"neow_cost":"NONE","seed_source_timestamp":21444367403100,"circlet_count":0,"master_deck":["Defend_G","Defend_G","Defend_G","Defend_G","Defend_G","Strike_G","Strike_G","Strike_G","Strike_G","Survivor","Neutralize","Crippling Poison+1","Storm of Steel+1","Terror","PiercingWail","Well Laid Plans","Doppelganger+1","Noxious Fumes","Ghostly+1","Ghostly","Ghostly","Ghostly","Ghostly","Deflect+1","Acrobatics+1","Parasite","Shame"],"relics":["Ring of the Snake","NeowsBlessing","Golden Idol","Happy Flower","Chemical X","Ancient Tea Set","Boot","Cursed Key","Lantern","Kunai","Nilry\u0027s Codex","Omamori"],"potions_floor_usage":[16,16,18,20,28],"damage_taken":[{"damage":0,"enemies":"Small Slimes","floor":1,"turns":1},{"damage":0,"enemies":"Jaw Worm","floor":10,"turns":1},{"damage":0,"enemies":"3 Sentries","floor":11,"turns":1},{"damage":0,"enemies":"2 Louse","floor":12,"turns":2},{"damage":13,"enemies":"Blue Slaver","floor":14,"turns":2},{"damage":47,"enemies":"Hexaghost","floor":16,"turns":8},{"damage":17,"enemies":"2 Thieves","floor":18,"turns":4},{"damage":3,"enemies":"Chosen","floor":20,"turns":5},{"damage":3,"enemies":"3 Cultists","floor":24,"turns":5},{"damage":0,"enemies":"Snake Plant","floor":28,"turns":4},{"damage":14,"enemies":"Snecko","floor":31,"turns":6}],"seed_played":"-2474339716086536406","potions_obtained":[{"floor":1,"key":"SteroidPotion"},{"floor":11,"key":"SteroidPotion"},{"floor":14,"key":"FearPotion"},{"floor":18,"key":"GamblersBrew"},{"floor":24,"key":"LiquidBronze"}],"is_trial":false,"path_per_floor":["M","?","?","?","$","R","?","R","T","M","E","M","$","M","R","B",null,"M","?","M","?","$","R","M","R","T","?","M","T","R","M"],"character_chosen":"THE_SILENT","items_purchased":["Chemical X","Lantern"],"campfire_rested":1,"item_purchase_floors":[5,22],"current_hp_per_floor":[70,53,53,53,53,53,53,53,53,53,53,53,53,40,61,14,70,53,35,32,32,32,32,29,29,29,13,13,13,13,0],"gold":142,"neow_bonus":"THREE_ENEMY_KILL","is_prod":false,"is_daily":false,"chose_seed":false,"campfire_upgraded":5,"win_rate":0,"timestamp":1551959306,"path_taken":["M","?","?","?","?","R","?","R","T","M","E","M","$","?","R","BOSS","M","?","M","?","$","R","M","R","T","?","M","?","R","?"],"build_version":"2019-01-23","purchased_purges":2,"victory":false,"max_hp_per_floor":[70,70,70,70,70,70,70,70,70,70,70,70,70,70,70,70,70,70,35,35,35,35,35,35,35,35,35,35,35,35,35],"card_choices":[{"not_picked":["Masterful Stab","Dagger Spray"],"picked":"Crippling Poison","floor":1},{"not_picked":["Flechettes","Poisoned Stab"],"picked":"Terror","floor":10},{"not_picked":["Bane","Skewer"],"picked":"PiercingWail","floor":11},{"not_picked":["Cloak And Dagger","Deflect","Prepared"],"picked":"SKIP","floor":12},{"not_picked":["Poisoned Stab","Infinite Blades"],"picked":"Well Laid Plans","floor":14},{"not_picked":["Wraith Form v2","Bullet Time"],"picked":"Doppelganger","floor":16},{"not_picked":["Deflect","Poisoned Stab"],"picked":"Noxious Fumes","floor":18},{"not_picked":["Concentrate","Flechettes"],"picked":"Deflect+1","floor":20},{"not_picked":["Underhanded Strike+1","Flying Knee"],"picked":"Acrobatics","floor":24},{"not_picked":["Bouncing Flask","Underhanded Strike","Heel Hook"],"picked":"SKIP","floor":28}],"player_experience":489198,"relics_obtained":[{"floor":9,"key":"Ancient Tea Set"},{"floor":11,"key":"Boot"},{"floor":26,"key":"Kunai"},{"floor":27,"key":"Nilry\u0027s Codex"},{"floor":29,"key":"Omamori"}],"event_choices":[{"damage_healed":0,"gold_gain":0,"player_choice":"Take Damage","damage_taken":17,"relics_obtained":["Golden Idol"],"max_hp_gain":0,"max_hp_loss":0,"event_name":"Golden Idol","floor":2,"gold_loss":0},{"damage_healed":0,"gold_gain":175,"player_choice":"AGREE","damage_taken":0,"max_hp_gain":0,"max_hp_loss":0,"event_name":"Liars Game","floor":3,"gold_loss":0,"cards_obtained":["Doubt"]},{"damage_healed":0,"gold_gain":0,"player_choice":"Box","damage_taken":0,"relics_obtained":["Happy Flower"],"max_hp_gain":0,"max_hp_loss":0,"event_name":"Big Fish","floor":4,"gold_loss":0,"cards_obtained":["Regret"]},{"damage_healed":0,"gold_gain":0,"cards_transformed":["Strike_G"],"player_choice":"Transformed","damage_taken":0,"max_hp_gain":0,"max_hp_loss":0,"event_name":"Transmorgrifier","floor":7,"gold_loss":0,"cards_obtained":["Storm of Steel"]},{"damage_healed":0,"gold_gain":0,"player_choice":"Became a Ghost","damage_taken":0,"max_hp_gain":0,"max_hp_loss":35,"event_name":"Ghosts","floor":19,"gold_loss":0,"cards_obtained":["Ghostly","Ghostly","Ghostly","Ghostly","Ghostly"]},{"damage_healed":0,"gold_gain":0,"player_choice":"Ignored","damage_taken":0,"max_hp_gain":0,"max_hp_loss":0,"event_name":"Vampires","floor":21,"gold_loss":0},{"damage_healed":0,"gold_gain":0,"player_choice":"Obtained Book","damage_taken":16,"max_hp_gain":0,"max_hp_loss":0,"event_name":"Cursed Tome","floor":27,"gold_loss":0}],"is_beta":false,"boss_relics":[{"not_picked":["Runic Pyramid","Ectoplasm"],"picked":"Cursed Key"}],"items_purged_floors":[5,13],"is_endless":false,"potions_floor_spawned":[1,11,14,18,24],"killed_by":"Snecko","ascension_level":4}