{"path_per_floor":["M","?","?","M","M","M","M","?","T","M","E","R","E","M","R","B",null,"M","$","M","?","?","E","R","M","T","R","M"],"character_chosen":"IRONCLAD","items_purchased":["Pear","Blood Vial"],"gold_per_floor":[114,114,114,129,144,159,174,174,199,214,244,244,274,289,289,389,389,404,4,19,19,19,49,49,64,64,64,79],"floor_reached":29,"campfire_rested":1,"playtime":2143,"current_hp_per_floor":[78,77,76,75,74,73,72,58,58,64,68,67,66,65,64,34,62,46,56,45,45,45,20,54,38,38,38,23],"items_purged":[],"gold":79,"score":332,"play_id":"f04e90da-ec0b-4f56-b664-d6b0d75c6632","local_time":"20180322085956","daily_mods":["Diverse","Terminal","Hoarder"],"is_prod":false,"is_daily":true,"is_ascension_mode":false,"campfire_upgraded":2,"timestamp":1521701996,"path_taken":["M","?","?","?","M","M","M","?","T","M","E","R","E","M","R","BOSS","M","$","M","?","?","E","R","M","T","R","M","E"],"build_version":"2018-03-15v3","purchased_purges":0,"victory":false,"master_deck":["Strike_R","Strike_R","Strike_R","Strike_R","Strike_R","Defend_R","Defend_R","Defend_R+1","Defend_R","Bash","Noxious Fumes+1","Noxious Fumes+1","Noxious Fumes+1","Dash","Dash+1","Dash+1","Warcry","Warcry","Warcry+1","Whirlwind","Whirlwind","Whirlwind","Inflame","Inflame","Inflame","Cleave","Cleave","Cleave","Limit Break","Limit Break","Limit Break","Heavy Blade","Heavy Blade","Heavy Blade","Feed","Feed","Feed"],"max_hp_per_floor":[78,77,76,75,74,73,72,71,70,69,68,67,66,65,64,63,62,61,70,69,68,67,66,65,64,63,62,64],"relics":["Black Blood","Juzu Bracelet","Vajra","Regal Pillow","Pear","Blood Vial","War Paint","Omamori","Shovel","Bottled Flame"],"card_choices":[{"not_picked":["Sword Boomerang","Entrench"],"picked":"Warcry"},{"not_picked":["Shrug It Off","Thunderclap"],"picked":"Whirlwind"},{"not_picked":["Heavy Blade","Bloodletting"],"picked":"Inflame"},{"not_picked":["Dark Embrace","Clash"],"picked":"Cleave"},{"not_picked":["Fiend Fire","Double Tap"],"picked":"Limit Break"},{"not_picked":["Searing Blow","Fire Breathing"],"picked":"Heavy Blade"},{"not_picked":["Inflame","Hemokinesis"],"picked":"Feed"}],"player_experience":117767,"potions_floor_usage":[13,14,16,20,29],"damage_taken":[{"damage":2,"enemies":"2 Louse","floor":1,"turns":3},{"damage":6,"enemies":"Jaw Worm","floor":4,"turns":4},{"damage":0,"enemies":"Cultist","floor":5,"turns":4},{"damage":0,"enemies":"Blue Slaver","floor":6,"turns":5},{"damage":0,"enemies":"3 Louse","floor":7,"turns":2},{"damage":0,"enemies":"Looter","floor":10,"turns":4},{"damage":0,"enemies":"3 Sentries","floor":11,"turns":6},{"damage":0,"enemies":"Gremlin Nob","floor":13,"turns":4},{"damage":0,"enemies":"Exordium Thugs","floor":14,"turns":3},{"damage":36,"enemies":"Hexaghost","floor":16,"turns":9},{"damage":26,"enemies":"2 Thieves","floor":18,"turns":4},{"damage":29,"enemies":"Spheric Guardian","floor":20,"turns":5},{"damage":37,"enemies":"Book of Stabbing","floor":23,"turns":6},{"damage":28,"enemies":"3 Cultists","floor":25,"turns":4},{"damage":30,"enemies":"Centurion and Healer","floor":28,"turns":6},{"damage":27,"enemies":"Slavers","floor":29,"turns":2}],"event_choices":[{"event_name":"Living Wall","player_choice":"Grow","floor":2,"damage_taken":0},{"event_name":"The Cleric","player_choice":"Leave","floor":3,"damage_taken":0},{"event_name":"Shining Light","player_choice":"Entered Light","floor":8,"damage_taken":0},{"event_name":"Addict","player_choice":"Ignored","floor":21,"damage_taken":0},{"event_name":"The Mausoleum","player_choice":"Yes","floor":22,"damage_taken":0}],"boss_relics":[{"not_picked":["Runic Pyramid","Cursed Key"],"picked":"Black Blood"}],"potions_floor_spawned":[4,6,7,10,16,28],"seed_played":"7321977595555922760","killed_by":"Slavers","ascension_level":0,"is_trial":false}