{"gold_per_floor":[112,112,130,55,55,81,81,47,47,47,67,67,67,94,94,191,191,206,226,243,243,243],"floor_reached":22,"playtime":762,"items_purged":["Defend_R"],"score":269,"play_id":"19ee4703-8d64-485f-bbf4-6cb06db49dc5","local_time":"20180830111152","is_ascension_mode":true,"campfire_choices":[{"floor":10,"key":"REST"},{"floor":15,"key":"REST"}],"neow_cost":"NONE","seed_source_timestamp":275115525480858,"circlet_count":0,"master_deck":["Strike_R","Strike_R","Strike_R","Strike_R","Defend_R","Defend_R","Bash+1","Impervious","Disarm+1","Flex+1","Seeing Red+1","Barricade","Ghostly Armor","Double Tap","Inflame","Rampage","Inflame","Cleave+1","Uppercut"],"relics":["Burning Blood","Blood Vial","Mummified Hand","Blue Candle","Orrery"],"potions_floor_usage":[3,11,14,20,22],"damage_taken":[{"damage":9,"enemies":"2 Louse","floor":1,"turns":4},{"damage":1,"enemies":"Small Slimes","floor":3,"turns":3},{"damage":39,"enemies":"Gremlin Nob","floor":6,"turns":5},{"damage":3,"enemies":"Jaw Worm","floor":11,"turns":3},{"damage":45,"enemies":"3 Sentries","floor":14,"turns":11},{"damage":22,"enemies":"Hexaghost","floor":16,"turns":14},{"damage":28,"enemies":"Spheric Guardian","floor":18,"turns":4},{"damage":0,"enemies":"Chosen","floor":19,"turns":6},{"damage":43,"enemies":"Snake Plant","floor":20,"turns":3},{"damage":22,"enemies":"3 Cultists","floor":22,"turns":3}],"seed_played":"7343471183456190433","potions_obtained":[{"floor":1,"key":"Fire Potion"},{"floor":3,"key":"EssenceOfSteel"},{"floor":6,"key":"Fire Potion"},{"floor":19,"key":"LiquidBronze"},{"floor":20,"key":"SteroidPotion"}],"is_trial":false,"path_per_floor":["M","?","M","$","?","E","?","$","T","R","M","?","?","E","R","B",null,"M","M","M","?"],"character_chosen":"IRONCLAD","items_purchased":["Seeing Red"],"campfire_rested":2,"item_purchase_floors":[8],"current_hp_per_floor":[69,62,67,67,67,34,18,18,18,42,47,47,47,10,34,20,65,45,53,18,18,0],"gold":243,"neow_bonus":"ONE_RANDOM_RARE_CARD","is_prod":false,"is_daily":false,"chose_seed":false,"campfire_upgraded":0,"win_rate":0,"timestamp":1535616712,"path_taken":["M","?","?","$","?","E","?","$","T","R","?","?","?","E","R","BOSS","M","M","?","?","M"],"build_version":"2018-08-23v2","purchased_purges":1,"victory":false,"max_hp_per_floor":[80,80,80,80,80,80,80,80,80,80,80,80,80,80,80,80,80,80,80,80,80,80],"card_choices":[{"not_picked":["Clash","Pommel Strike"],"picked":"Disarm","floor":1},{"not_picked":["Sword Boomerang","Warcry","Clothesline"],"picked":"SKIP","floor":3},{"not_picked":["Blood for Blood","Twin Strike"],"picked":"Flex","floor":6},{"not_picked":["Exhume","Havoc","Second Wind"],"picked":"SKIP","floor":11},{"not_picked":["Power Through","Clash"],"picked":"Ghostly Armor","floor":14},{"not_picked":["Offering","Immolate"],"picked":"Double Tap","floor":16},{"not_picked":["Iron Wave","Clothesline"],"picked":"Inflame","floor":17},{"not_picked":["Armaments","Body Slam"],"picked":"Rampage","floor":17},{"not_picked":["Iron Wave+1","Flex"],"picked":"Inflame","floor":18},{"not_picked":["Dropkick","Warcry+1","Carnage"],"picked":"SKIP","floor":19},{"not_picked":["Anger","Sword Boomerang"],"picked":"Cleave+1","floor":20}],"player_experience":351561,"relics_obtained":[{"floor":6,"key":"Blood Vial"},{"floor":9,"key":"Mummified Hand"},{"floor":14,"key":"Blue Candle"}],"event_choices":[{"event_name":"Golden Wing","player_choice":"Card Removal","floor":2,"damage_taken":0},{"event_name":"Upgrade Shrine","player_choice":"Upgraded","floor":5,"damage_taken":0},{"event_name":"Shining Light","player_choice":"Entered Light","floor":7,"damage_taken":0},{"event_name":"Living Wall","player_choice":"Grow","floor":12,"damage_taken":0},{"event_name":"Match and Keep!","player_choice":"1 cards matched","floor":13,"damage_taken":0},{"event_name":"Transmorgrifier","player_choice":"Transform","floor":21,"damage_taken":0}],"is_beta":false,"boss_relics":[{"not_picked":["Cursed Key","Tiny House"],"picked":"Orrery"}],"items_purged_floors":[4],"is_endless":false,"potions_floor_spawned":[1,3,6,19,20],"killed_by":"3 Cultists","ascension_level":8}