{"path_per_floor":["M","M","M","$","M","E","R","$","T","M","M","R","$","E","R","B",null,"M","?","$","?","$","E","M","E","T","$","R","M","M","M","R"],"character_chosen":"IRONCLAD","items_purchased":["Feed","Fruit Juice"],"gold_per_floor":[114,129,144,7,22,52,52,52,52,67,82,82,7,37,37,137,137,152,152,52,52,52,82,97,127,127,27,27,42,57,72,72,72],"floor_reached":33,"campfire_rested":1,"playtime":1823,"item_purchase_floors":[4,27],"current_hp_per_floor":[78,77,76,75,74,56,56,56,56,68,76,76,75,77,76,67,74,72,56,56,56,56,50,52,58,58,63,63,55,45,54,79,0],"items_purged":["Strike_R","Defend_R"],"gold":72,"score":322,"play_id":"ce2345ed-d904-4c4f-9deb-24081dbc5639","local_time":"20180620212043","daily_mods":["Brewmaster","Time Dilation","Terminal"],"is_prod":false,"is_daily":true,"chose_seed":false,"is_ascension_mode":false,"campfire_upgraded":4,"win_rate":0,"timestamp":1529518843,"campfire_choices":[{"data":"Fire Breathing","floor":7,"key":"SMITH"},{"data":"Offering","floor":12,"key":"SMITH"},{"data":"Bash","floor":15,"key":"SMITH"},{"data":"Searing Blow+1","floor":28,"key":"SMITH"},{"floor":32,"key":"REST"}],"path_taken":["M","?","M","$","M","E","R","$","T","M","M","R","$","E","R","BOSS","M","?","$","?","$","E","M","E","T","?","R","M","M","M","R","BOSS"],"build_version":"2018-06-14v2","seed_source_timestamp":481718115862068,"purchased_purges":2,"victory":false,"master_deck":["Strike_R","Strike_R","Strike_R","Strike_R","Defend_R","Defend_R","Defend_R","Bash+1","Venomology","Venomology","Venomology","Venomology","Venomology","Fire Breathing+1","Bloodletting","Feed","Flex","Offering+1","Thunderclap","Exhume","Spot Weakness","Flex","Searing Blow+2"],"max_hp_per_floor":[78,77,76,75,74,76,75,74,73,75,77,76,75,77,76,75,74,73,72,71,70,69,68,67,80,79,83,82,84,83,85,84,84],"special_seed":17702,"relics":["Burning Blood","White Beast Statue","Turnip","Bottled Flame","Kunai","Philosopher\u0027s Stone","Nilry\u0027s Codex","Bag of Marbles","Mango","Pantograph"],"card_choices":[{"not_picked":["Shrug It Off","Sword Boomerang"],"picked":"Fire Breathing","floor":1},{"not_picked":["Battle Trance","Dual Wield","Twin Strike"],"picked":"SKIP","floor":2},{"not_picked":["Clothesline","Thunderclap"],"picked":"Bloodletting","floor":3},{"not_picked":["Warcry","Heavy Blade","True Grit"],"picked":"SKIP","floor":5},{"not_picked":["Shrug It Off","Thunderclap"],"picked":"Flex","floor":6},{"not_picked":["Perfected Strike","Twin Strike"],"picked":"Offering","floor":10},{"not_picked":["Anger","Twin Strike","Clash"],"picked":"SKIP","floor":11},{"not_picked":["Shockwave","Power Through"],"picked":"Thunderclap","floor":14},{"not_picked":["Reaper","Juggernaut"],"picked":"Exhume","floor":16},{"not_picked":["Burning Pact","Headbutt+1"],"picked":"Spot Weakness","floor":18},{"not_picked":["Dark Embrace","Entrench+1","Anger+1"],"picked":"SKIP","floor":23},{"not_picked":["Havoc","Feed"],"picked":"Flex","floor":24},{"not_picked":["Clothesline+1","Anger"],"picked":"Searing Blow+1","floor":25},{"not_picked":["Pommel Strike","Twin Strike","True Grit"],"picked":"SKIP","floor":29},{"not_picked":["Heavy Blade+1","Clothesline+1","Body Slam"],"picked":"SKIP","floor":30},{"not_picked":["Burning Pact","Heavy Blade","Havoc"],"picked":"SKIP","floor":31}],"player_experience":281974,"potions_floor_usage":[1,1,1,1,1,1,2,2,2,2,2,3,3,3,3,5,5,5,5,6,6,6,6,6,6,10,10,10,10,10,10,11,11,11,11,14,14,14,14,16,16,16,16,16,16,18,18,18,18,18,18,18,18,23,23,23,23,23,24,24,24,24,25,25,25,25,25,27,29,29,29,29,29,30,30,30,30,30,31,33,33,33,33,33,33,33,33],"damage_taken":[{"damage":0,"enemies":"Cultist","floor":1,"turns":4},{"damage":1,"enemies":"Jaw Worm","floor":2,"turns":6},{"damage":5,"enemies":"Small Slimes","floor":3,"turns":4},{"damage":4,"enemies":"Looter","floor":5,"turns":3},{"damage":27,"enemies":"Lagavulin","floor":6,"turns":7},{"damage":4,"enemies":"2 Fungi Beasts","floor":10,"turns":3},{"damage":15,"enemies":"Exordium Thugs","floor":11,"turns":2},{"damage":3,"enemies":"3 Sentries","floor":14,"turns":4},{"damage":15,"enemies":"Hexaghost","floor":16,"turns":8},{"damage":26,"enemies":"Spheric Guardian","floor":18,"turns":4},{"damage":12,"enemies":"Gremlin Leader","floor":23,"turns":4},{"damage":4,"enemies":"2 Thieves","floor":24,"turns":2},{"damage":14,"enemies":"Book of Stabbing","floor":25,"turns":3},{"damage":17,"enemies":"Cultist and Chosen","floor":29,"turns":4},{"damage":25,"enemies":"Sentry and Sphere","floor":30,"turns":4},{"damage":0,"enemies":"Snake Plant","floor":31,"turns":1},{"damage":137,"enemies":"Collector","floor":33,"turns":8}],"relics_obtained":[{"floor":6,"key":"Turnip"},{"floor":9,"key":"Bottled Flame"},{"floor":14,"key":"Kunai"},{"floor":19,"key":"Nilry\u0027s Codex"},{"floor":23,"key":"Bag of Marbles"},{"floor":25,"key":"Mango"},{"floor":26,"key":"Pantograph"}],"event_choices":[{"event_name":"Cursed Tome","player_choice":"Obtained Book","floor":19,"damage_taken":0},{"event_name":"Addict","player_choice":"Ignored","floor":21,"damage_taken":0}],"boss_relics":[{"not_picked":["Snecko Eye","Orrery"],"picked":"Philosopher\u0027s Stone"}],"items_purged_floors":[13,20],"is_endless":false,"potions_floor_spawned":[1,2,3,5,6,10,11,14,16,18,23,24,25,29,30,31],"seed_played":"-8028192087519691","killed_by":"Collector","ascension_level":0,"potions_obtained":[{"floor":1,"key":"GamblersBrew"},{"floor":2,"key":"Weak Potion"},{"floor":3,"key":"LiquidBronze"},{"floor":6,"key":"FearPotion"},{"floor":10,"key":"SpeedPotion"},{"floor":16,"key":"Dexterity Potion"},{"floor":18,"key":"PowerPotion"},{"floor":23,"key":"FairyPotion"},{"floor":24,"key":"PowerPotion"},{"floor":25,"key":"PowerPotion"},{"floor":29,"key":"SteroidPotion"},{"floor":30,"key":"AttackPotion"},{"floor":31,"key":"Energy Potion"}],"is_trial":false}