{"gold_per_floor":[117,134,134,134,153,180,180,207,207,237,252,0,12,32,32,32],"floor_reached":16,"playtime":402,"items_purged":[],"score":201,"play_id":"b517130f-aa06-4549-9c24-cbd6e3ed366c","local_time":"20190405175639","is_ascension_mode":true,"campfire_choices":[{"floor":7,"key":"RECALL"},{"floor":15,"key":"REST"}],"neow_cost":"NONE","seed_source_timestamp":36803779157400,"circlet_count":0,"master_deck":["AscendersBane","Strike_R","Strike_R","Strike_R","Strike_R","Strike_R","Defend_R+1","Defend_R+1","Defend_R","Defend_R","Bash","Seeing Red","Heavy Blade","Double Tap","Flex"],"relics":["Burning Blood","NeowsBlessing","PreservedInsect","Kunai","War Paint","Bronze Scales","Strange Spoon"],"potions_floor_usage":[6,8,13,14,16],"damage_taken":[{"damage":0,"enemies":"2 Louse","floor":1,"turns":1},{"damage":0,"enemies":"Cultist","floor":2,"turns":1},{"damage":0,"enemies":"Jaw Worm","floor":5,"turns":1},{"damage":30,"enemies":"3 Sentries","floor":6,"turns":6},{"damage":28,"enemies":"Lagavulin","floor":8,"turns":6},{"damage":16,"enemies":"Gremlin Nob","floor":10,"turns":4},{"damage":9,"enemies":"Looter","floor":11,"turns":3},{"damage":6,"enemies":"2 Fungi Beasts","floor":13,"turns":3},{"damage":2,"enemies":"Red Slaver","floor":14,"turns":2},{"damage":49,"enemies":"The Guardian","floor":16,"turns":6}],"seed_played":"2214972583795931733","potions_obtained":[{"floor":2,"key":"Strength Potion"},{"floor":6,"key":"Block Potion"},{"floor":10,"key":"LiquidBronze"},{"floor":13,"key":"Block Potion"}],"is_trial":false,"path_per_floor":["M","M","?","?","M","E","R","E","T","E","M","$","M","M","R","B"],"character_chosen":"IRONCLAD","items_purchased":["Strange Spoon","PowerPotion"],"campfire_rested":1,"item_purchase_floors":[12,12],"current_hp_per_floor":[78,80,80,80,80,56,56,34,34,24,21,21,21,25,49,0],"gold":32,"neow_bonus":"THREE_ENEMY_KILL","is_prod":false,"is_daily":false,"chose_seed":false,"campfire_upgraded":0,"win_rate":0,"timestamp":1554476199,"path_taken":["M","M","?","?","?","E","R","E","T","E","M","$","M","M","R","BOSS"],"build_version":"2019-01-23","purchased_purges":0,"victory":false,"max_hp_per_floor":[80,80,80,80,80,80,80,80,80,80,80,80,80,80,80,80],"card_choices":[{"not_picked":["Wild Strike","Anger"],"picked":"Seeing Red","floor":1},{"not_picked":["Wild Strike","Hemokinesis","Twin Strike"],"picked":"SKIP","floor":2},{"not_picked":["Shrug It Off","Burning Pact"],"picked":"Heavy Blade","floor":5},{"not_picked":["Clash","Uppercut"],"picked":"Double Tap","floor":6},{"not_picked":["Rage","Evolve","Warcry"],"picked":"SKIP","floor":8},{"not_picked":["Headbutt","Burning Pact","Barricade"],"picked":"SKIP","floor":10},{"not_picked":["True Grit","Burning Pact","Reckless Charge"],"picked":"SKIP","floor":11},{"not_picked":["Reckless Charge","Wild Strike"],"picked":"Flex","floor":13},{"not_picked":["Body Slam","Wild Strike","Power Through"],"picked":"SKIP","floor":14}],"player_experience":526022,"relics_obtained":[{"floor":6,"key":"Kunai"},{"floor":8,"key":"War Paint"},{"floor":10,"key":"Bronze Scales"}],"event_choices":[{"damage_healed":0,"gold_gain":0,"player_choice":"Box","damage_taken":0,"relics_obtained":["PreservedInsect"],"max_hp_gain":0,"max_hp_loss":0,"event_name":"Big Fish","floor":3,"gold_loss":0,"cards_obtained":["Regret"]},{"cards_removed":["Regret"],"damage_healed":0,"gold_gain":0,"player_choice":"Purged","damage_taken":0,"max_hp_gain":0,"max_hp_loss":0,"event_name":"Purifier","floor":4,"gold_loss":0}],"is_beta":false,"boss_relics":[],"items_purged_floors":[],"is_endless":false,"potions_floor_spawned":[2,6,10,13],"killed_by":"The Guardian","ascension_level":13}