{"path_per_floor":["M","M","?","?","M","E","R","?","T","E","?","R","M","M","R","B",null,"M","?","M","$","M","R","M","M","T","R"],"character_chosen":"IRONCLAD","items_purchased":["Bag of Preparation","Ancient Tea Set","Regen Potion"],"gold_per_floor":[110,122,297,297,311,342,342,342,342,375,375,375,394,410,410,506,506,518,518,532,99,115,115,125,135,213,213,213],"floor_reached":28,"campfire_rested":3,"playtime":1269,"current_hp_per_floor":[80,80,80,80,80,39,39,39,39,33,17,41,55,62,62,49,80,61,61,36,36,10,34,26,18,18,42,0],"items_purged":["Writhe"],"gold":213,"score":242,"play_id":"3fe7492d-4d87-4ee9-9d93-2feda728fc41","local_time":"20180324235536","is_prod":false,"is_daily":false,"is_ascension_mode":true,"campfire_upgraded":2,"timestamp":1521928536,"path_taken":["M","M","?","?","M","E","R","?","T","E","?","R","M","M","R","BOSS","M","?","M","$","M","R","M","M","T","R","M"],"build_version":"2018-03-22v2","purchased_purges":1,"victory":false,"master_deck":["Strike_R","Strike_R","Strike_R+1","Strike_R+1","Strike_R","Defend_R","Defend_R","Defend_R","Bash","Body Slam","Berserk","Flex+1","Bloodletting+1","Reaper","Infernal Blade","Exhume","Infernal Blade","Pummel","Fire Breathing","Intimidate+1"],"max_hp_per_floor":[80,80,80,80,80,80,80,80,80,80,80,80,80,80,80,80,80,80,80,80,80,80,80,80,80,80,80,80],"relics":["Burning Blood","Unceasing Top","Thread and Needle","Charon\u0027s Ashes","White Beast Statue","Juzu Bracelet","Bag of Preparation","Ancient Tea Set","Tiny Chest"],"card_choices":[{"not_picked":["Perfected Strike","Iron Wave"],"picked":"Berserk","floor":1},{"not_picked":["Perfected Strike","Shrug It Off"],"picked":"Flex","floor":2},{"not_picked":["Intimidate","Sword Boomerang"],"picked":"Bloodletting","floor":5},{"not_picked":["Twin Strike","Iron Wave"],"picked":"Reaper","floor":6},{"not_picked":["Evolve","Perfected Strike"],"picked":"Infernal Blade","floor":13},{"not_picked":["Berserk","Immolate"],"picked":"Exhume","floor":16},{"not_picked":["Anger","Armaments"],"picked":"Infernal Blade","floor":18},{"not_picked":["Wild Strike","Flex"],"picked":"Pummel","floor":22},{"not_picked":["Body Slam","Reckless Charge"],"picked":"Fire Breathing","floor":24},{"not_picked":["Havoc","Warcry"],"picked":"Intimidate","floor":25}],"player_experience":127730,"potions_floor_usage":[10,16,20,22,24,24,24,25],"damage_taken":[{"damage":1,"enemies":"Jaw Worm","floor":1,"turns":3},{"damage":0,"enemies":"Small Slimes","floor":2,"turns":3},{"damage":1,"enemies":"Cultist","floor":5,"turns":4},{"damage":47,"enemies":"Gremlin Nob","floor":6,"turns":5},{"damage":18,"enemies":"Lagavulin","floor":10,"turns":4},{"damage":7,"enemies":"3 Louse","floor":13,"turns":3},{"damage":5,"enemies":"Blue Slaver","floor":14,"turns":3},{"damage":27,"enemies":"Slime Boss","floor":16,"turns":8},{"damage":25,"enemies":"Spheric Guardian","floor":18,"turns":5},{"damage":31,"enemies":"Shell Parasite","floor":20,"turns":6},{"damage":32,"enemies":"Chosen and Byrds","floor":22,"turns":7},{"damage":30,"enemies":"Centurion and Healer","floor":24,"turns":5},{"damage":14,"enemies":"Snecko","floor":25,"turns":5},{"damage":48,"enemies":"Snake Plant","floor":28,"turns":5}],"event_choices":[{"event_name":"Liars Game","player_choice":"agreed","floor":3,"damage_taken":0},{"event_name":"Living Wall","player_choice":"Forget","floor":4,"damage_taken":0},{"event_name":"Dead Adventurer","player_choice":"Searched \u00270\u0027 times","floor":8,"damage_taken":0},{"event_name":"Shining Light","player_choice":"Entered Light","floor":11,"damage_taken":0},{"event_name":"The Mausoleum","player_choice":"Yes","floor":19,"damage_taken":0}],"boss_relics":[{"not_picked":["Cursed Key","Lizard Tail"],"picked":"White Beast Statue"}],"potions_floor_spawned":[6,14,16,18,20,22,24,25],"seed_played":"7075569643067093594","killed_by":"Snake Plant","ascension_level":1,"is_trial":false}