{"path_per_floor":["M","?","M","?","M","E","R","$","T","R","M","E","$","?","R","B",null,"M","M","$","?","?","R","M","M","T","M","R","E","$","M","R"],"character_chosen":"THE_SILENT","items_purchased":["Bag of Marbles","Oddly Smooth Stone"],"gold_per_floor":[118,118,138,103,124,164,164,164,164,164,177,218,63,63,63,191,191,216,230,76,76,76,76,92,110,110,126,126,162,162,187,187],"floor_reached":33,"campfire_rested":3,"playtime":2982,"current_hp_per_floor":[70,53,53,70,70,67,67,67,67,67,67,32,32,18,39,13,70,56,47,47,47,47,47,47,20,20,22,43,34,34,24,45],"items_purged":[],"gold":187,"score":275,"play_id":"afa2f50f-3e91-4bb8-acc1-f7b54150e0b7","local_time":"20180318215311","is_prod":false,"is_daily":false,"is_ascension_mode":false,"campfire_upgraded":3,"timestamp":1521402791,"path_taken":["M","?","?","?","M","E","R","?","T","R","M","E","$","?","R","BOSS","M","M","$","?","?","R","M","M","T","?","R","E","?","M","R","BOSS"],"build_version":"2018-03-15v3","purchased_purges":0,"victory":false,"master_deck":["Defend_G","Defend_G","Defend_G","Defend_G","Defend_G","Strike_G","Strike_G","Strike_G","Strike_G","Strike_G","Survivor","Neutralize","Blur+1","Venomology+1","Leg Sweep+1","Deadly Poison+1","PiercingWail","Dash+1","After Image+1","Dagger Spray+1","Predator","Crippling Poison+1","Caltrops+1","Outmaneuver","Flying Knee","Catalyst+1"],"max_hp_per_floor":[70,70,70,70,70,70,70,70,70,70,70,70,70,70,70,70,70,70,70,70,70,70,70,70,70,70,70,70,70,70,70,70],"relics":["Ring of the Snake","NeowsBlessing","Golden Idol","Frozen Egg 2","Frozen Eye","Unceasing Top","Bag of Marbles","White Beast Statue","Oddly Smooth Stone","Bird Faced Urn","Snake Skull"],"card_choices":[{"not_picked":["Backflip","Poisoned Stab"],"picked":"Blur"},{"not_picked":["Escape Plan","Prepared"],"picked":"Venomology"},{"not_picked":["Predator","Acrobatics"],"picked":"Leg Sweep"},{"not_picked":["Bane","Sucker Punch"],"picked":"Deadly Poison"},{"not_picked":["Eviscerate","Dagger Throw"],"picked":"PiercingWail"},{"not_picked":["Infinite Blades","PiercingWail"],"picked":"Dash"},{"not_picked":["Corpse Explosion","Tools of the Trade"],"picked":"After Image"},{"not_picked":["Accuracy","Cloak And Dagger"],"picked":"Dagger Spray"},{"not_picked":["PiercingWail","Finisher"],"picked":"Predator"},{"not_picked":["Deadly Poison","Dagger Spray"],"picked":"Crippling Poison"},{"not_picked":["Sucker Punch","Slice"],"picked":"Caltrops"},{"not_picked":["Cloak And Dagger","Finisher"],"picked":"Outmaneuver"},{"not_picked":["Expertise","Night Terror"],"picked":"Flying Knee"},{"not_picked":["Eviscerate","Dagger Spray"],"picked":"Catalyst"}],"player_experience":96185,"potions_floor_usage":[6,11,11,12,16,19,19,24,24,24,25,25,25,27,29,29,31,31,33,33,33],"damage_taken":[{"damage":0,"enemies":"Small Slimes","floor":1,"turns":1},{"damage":0,"enemies":"Jaw Worm","floor":3,"turns":1},{"damage":0,"enemies":"2 Louse","floor":5,"turns":1},{"damage":3,"enemies":"3 Sentries","floor":6,"turns":14},{"damage":0,"enemies":"Gremlin Gang","floor":11,"turns":6},{"damage":35,"enemies":"Gremlin Nob","floor":12,"turns":6},{"damage":26,"enemies":"The Guardian","floor":16,"turns":14},{"damage":14,"enemies":"Chosen","floor":18,"turns":7},{"damage":9,"enemies":"Shell Parasite","floor":19,"turns":6},{"damage":0,"enemies":"Chosen and Byrds","floor":24,"turns":8},{"damage":27,"enemies":"Slaver and Parasite","floor":25,"turns":7},{"damage":2,"enemies":"Centurion and Healer","floor":27,"turns":9},{"damage":13,"enemies":"Book of Stabbing","floor":29,"turns":6},{"damage":27,"enemies":"Cultist and Chosen","floor":31,"turns":7},{"damage":56,"enemies":"Champ","floor":33,"turns":16}],"event_choices":[{"event_name":"Golden Idol","player_choice":"Take Damage","floor":2,"damage_taken":0},{"event_name":"The Cleric","player_choice":"Healed","floor":4,"damage_taken":0},{"event_name":"Shining Light","player_choice":"Entered Light","floor":14,"damage_taken":0},{"event_name":"Vampires","player_choice":"Ignored","floor":21,"damage_taken":0},{"event_name":"Addict","player_choice":"Ignored","floor":22,"damage_taken":0}],"boss_relics":[{"not_picked":["Snecko Eye","Eternal Feather"],"picked":"White Beast Statue"}],"potions_floor_spawned":[5,16,18,19,24,25,27,29,31],"seed_played":"5145934549436642039","killed_by":"Champ","ascension_level":0,"is_trial":false}