{"gold_per_floor":[113,132,132,207,207,207,242,242,267,280,298,308,308,318,318,421,421,438,457,473,131,143,68,68,68,68,86,1,29,29,59,59,155,155,173,190,190,204,304,304,331,331,382,94,119,119,142,152,152,152],"floor_reached":51,"playtime":2444,"items_purged":["Strike_G"],"score":870,"play_id":"eee17224-b5dd-4c20-8ca4-8df1ad5922ce","local_time":"20190711202028","is_ascension_mode":false,"campfire_choices":[{"data":"Neutralize","floor":6,"key":"SMITH"},{"floor":8,"key":"RECALL"},{"data":"Skewer","floor":13,"key":"SMITH"},{"data":"Dagger Spray","floor":15,"key":"SMITH"},{"data":"Acrobatics","floor":24,"key":"SMITH"},{"data":"Noxious Fumes","floor":30,"key":"SMITH"},{"floor":32,"key":"REST"},{"data":"Calculated Gamble","floor":40,"key":"SMITH"},{"floor":42,"key":"REST"},{"data":"Tactician","floor":49,"key":"SMITH"}],"neow_cost":"NONE","seed_source_timestamp":21066919563121,"circlet_count":0,"master_deck":["Strike_G","Strike_G","Strike_G","Strike_G","Defend_G","Defend_G","Defend_G+1","Defend_G+1","Survivor","Neutralize+1","Slice","Dagger Spray+1","Skewer+1","PiercingWail","Corpse Explosion","Well Laid Plans+1","Backflip","Footwork","Escape Plan","Acrobatics+1","Noxious Fumes+1","Deflect+1","Concentrate+1","Calculated Gamble+1","Envenom+1","Deflect+1","Tactician+1","Madness","Madness","Backflip","Terror+1","Backflip+1","Bouncing Flask","Prepared","Deflect"],"relics":["Ring of the Snake","War Paint","Strawberry","Blood Vial","Philosopher\u0027s Stone","Tingsha","Darkstone Periapt","Bag of Marbles","Frozen Egg 2","Runic Pyramid","Unceasing Top","Thread and Needle","Regal Pillow","Pen Nib","Bronze Scales","Snake Skull"],"potions_floor_usage":[7,7,7,7,7,16,16,27,29,29,31,36],"damage_taken":[{"damage":0,"enemies":"2 Louse","floor":1,"turns":4},{"damage":0,"enemies":"Jaw Worm","floor":2,"turns":4},{"damage":0,"enemies":"3 Sentries","floor":7,"turns":7},{"damage":0,"enemies":"Cultist","floor":10,"turns":5},{"damage":0,"enemies":"Looter","floor":11,"turns":3},{"damage":0,"enemies":"Large Slime","floor":12,"turns":5},{"damage":0,"enemies":"3 Louse","floor":14,"turns":2},{"damage":0,"enemies":"Slime Boss","floor":16,"turns":10},{"damage":2,"enemies":"Chosen","floor":18,"turns":4},{"damage":9,"enemies":"Spheric Guardian","floor":19,"turns":5},{"damage":17,"enemies":"Snecko","floor":20,"turns":6},{"damage":6,"enemies":"Shelled Parasite and Fungi","floor":22,"turns":8},{"damage":0,"enemies":"Cultist and Chosen","floor":27,"turns":3},{"damage":29,"enemies":"Gremlin Leader","floor":29,"turns":5},{"damage":8,"enemies":"Slavers","floor":31,"turns":4},{"damage":18,"enemies":"Collector","floor":33,"turns":9},{"damage":0,"enemies":"Orb Walker","floor":35,"turns":4},{"damage":10,"enemies":"3 Darklings","floor":36,"turns":2},{"damage":30,"enemies":"Writhing Mass","floor":38,"turns":6},{"damage":8,"enemies":"Mind Bloom Boss Battle","floor":39,"turns":7},{"damage":13,"enemies":"Giant Head","floor":41,"turns":9},{"damage":4,"enemies":"Nemesis","floor":45,"turns":7},{"damage":0,"enemies":"Sphere and 2 Shapes","floor":48,"turns":4},{"damage":32,"enemies":"Donu and Deca","floor":50,"turns":6}],"seed_played":"679950741249444468","potions_obtained":[{"floor":0,"key":"LiquidBronze"},{"floor":0,"key":"EssenceOfSteel"},{"floor":0,"key":"EntropicBrew"},{"floor":11,"key":"EssenceOfSteel"},{"floor":14,"key":"GhostInAJar"},{"floor":16,"key":"Strength Potion"},{"floor":19,"key":"Energy Potion"},{"floor":29,"key":"LiquidBronze"},{"floor":36,"key":"Fruit Juice"},{"floor":39,"key":"SteroidPotion"},{"floor":45,"key":"GamblersBrew"},{"floor":48,"key":"GhostInAJar"}],"is_trial":false,"path_per_floor":["M","M","?","?","?","R","E","R","T","M","M","M","R","M","R","B",null,"M","M","M","$","M","?","R","?","T","M","?","E","R","E","R","B",null,"M","M","?","M","?","R","E","R","T","$","E","?","T","M","R","B",null],"character_chosen":"THE_SILENT","items_purchased":["Escape Plan","Tingsha","Bouncing Flask","Pen Nib"],"campfire_rested":2,"item_purchase_floors":[21,21,44,44],"current_hp_per_floor":[70,70,58,47,47,47,54,54,54,56,58,60,60,62,62,64,77,75,68,53,53,49,49,49,49,49,51,51,24,24,18,41,25,77,77,72,62,34,28,28,17,41,41,41,39,72,72,72,72,40],"gold":152,"neow_bonus":"THREE_SMALL_POTIONS","is_prod":false,"is_daily":false,"chose_seed":false,"campfire_upgraded":7,"win_rate":0,"timestamp":1562869228,"path_taken":["M","M","?","?","?","R","E","R","T","M","M","?","R","M","R","BOSS","M","M","M","$","M","?","R","?","T","M","?","E","R","E","R","BOSS","M","M","?","M","?","R","E","R","T","$","E","?","?","M","R","BOSS"],"build_version":"2019-07-05","purchased_purges":1,"victory":true,"max_hp_per_floor":[70,70,70,70,70,70,77,77,77,77,77,77,77,77,77,77,77,77,77,77,77,77,77,77,77,77,77,77,77,77,77,77,77,77,77,82,82,82,82,82,82,82,82,82,82,72,72,72,72,72],"card_choices":[{"not_picked":["Dodge and Roll","Accuracy","Deflect"],"picked":"SKIP","floor":1},{"not_picked":["Cloak And Dagger","Flechettes","Dagger Spray"],"picked":"SKIP","floor":2},{"not_picked":["Storm of Steel","Dagger Throw","Dodge and Roll"],"picked":"SKIP","floor":7},{"not_picked":["Bane","Setup"],"picked":"Slice","floor":10},{"not_picked":["Acrobatics","Well Laid Plans"],"picked":"Dagger Spray","floor":11},{"not_picked":["Riddle With Holes","Setup"],"picked":"Skewer","floor":12},{"not_picked":["Masterful Stab","Flying Knee"],"picked":"PiercingWail","floor":14},{"not_picked":["After Image","Bullet Time"],"picked":"Corpse Explosion","floor":16},{"not_picked":["Prepared","Quick Slash"],"picked":"Well Laid Plans+1","floor":18},{"not_picked":["Finisher+1","Slice"],"picked":"Backflip","floor":19},{"not_picked":["Dagger Spray","Bane"],"picked":"Footwork","floor":20},{"not_picked":["Cloak And Dagger","Deadly Poison+1"],"picked":"Acrobatics","floor":22},{"not_picked":["Deadly Poison","Bane"],"picked":"Deflect+1","floor":27},{"not_picked":["PiercingWail","Leg Sweep"],"picked":"Concentrate+1","floor":29},{"not_picked":["Blade Dance","Glass Knife"],"picked":"Calculated Gamble","floor":31},{"not_picked":["Night Terror","Grand Finale"],"picked":"Envenom+1","floor":33},{"not_picked":["Poisoned Stab+1","Dagger Throw+1"],"picked":"Deflect+1","floor":35},{"not_picked":["Choke+1","Noxious Fumes+1"],"picked":"Tactician","floor":36},{"not_picked":["Poisoned Stab","Bane+1"],"picked":"Backflip","floor":38},{"not_picked":["Underhanded Strike","Finisher+1"],"picked":"Terror+1","floor":39},{"not_picked":["Envenom+1","Dodge and Roll"],"picked":"Backflip+1","floor":41},{"not_picked":["Deflect","Dagger Spray+1"],"picked":"Prepared","floor":45},{"not_picked":["Eviscerate+1","Malaise"],"picked":"Deflect","floor":48}],"player_experience":87010,"relics_obtained":[{"floor":7,"key":"Strawberry"},{"floor":9,"key":"Blood Vial"},{"floor":29,"key":"Bag of Marbles"},{"floor":31,"key":"Frozen Egg 2"},{"floor":39,"key":"Unceasing Top"},{"floor":41,"key":"Thread and Needle"},{"floor":43,"key":"Regal Pillow"},{"floor":45,"key":"Bronze Scales"},{"floor":47,"key":"Snake Skull"}],"event_choices":[{"damage_healed":0,"gold_gain":0,"player_choice":"Success","damage_taken":12,"relics_obtained":["War Paint"],"max_hp_gain":0,"max_hp_loss":0,"event_name":"Scrap Ooze","floor":3,"gold_loss":0},{"damage_healed":0,"gold_gain":75,"player_choice":"Gather Gold","damage_taken":11,"max_hp_gain":0,"max_hp_loss":0,"event_name":"World of Goop","floor":4,"gold_loss":0},{"damage_healed":0,"gold_gain":0,"player_choice":"Bought 0 Potions","damage_taken":0,"max_hp_gain":0,"max_hp_loss":0,"event_name":"The Woman in Blue","floor":5,"gold_loss":0},{"cards_removed":["Defend_G"],"damage_healed":0,"gold_gain":0,"player_choice":"Gave Gold","damage_taken":0,"max_hp_gain":0,"max_hp_loss":0,"event_name":"Beggar","floor":23,"gold_loss":75},{"damage_healed":0,"gold_gain":0,"player_choice":"Read","damage_taken":0,"max_hp_gain":0,"max_hp_loss":0,"event_name":"The Library","floor":25,"gold_loss":0,"cards_obtained":["Noxious Fumes"]},{"damage_healed":0,"gold_gain":0,"player_choice":"Obtained Relic","damage_taken":0,"relics_obtained":["Darkstone Periapt"],"max_hp_gain":0,"max_hp_loss":0,"event_name":"Addict","floor":28,"gold_loss":85},{"damage_healed":0,"gold_gain":0,"player_choice":"Embrace Madness","damage_taken":10,"max_hp_gain":0,"max_hp_loss":0,"event_name":"Winding Halls","floor":37,"gold_loss":0,"cards_obtained":["Madness","Madness"]},{"damage_healed":0,"gold_gain":0,"player_choice":"Fight","damage_taken":0,"max_hp_gain":0,"max_hp_loss":0,"event_name":"MindBloom","floor":39,"gold_loss":0},{"damage_healed":72,"gold_gain":0,"player_choice":"Heal","damage_taken":0,"max_hp_gain":0,"max_hp_loss":10,"event_name":"The Moai Head","floor":46,"gold_loss":0}],"is_beta":false,"boss_relics":[{"not_picked":["Fusion Hammer","Ectoplasm"],"picked":"Philosopher\u0027s Stone"},{"not_picked":["Snecko Eye","Cursed Key"],"picked":"Runic Pyramid"}],"items_purged_floors":[44],"is_endless":false,"potions_floor_spawned":[1,11,14,16,19,20,29,36,39,45,48],"ascension_level":0}