{"path_per_floor":["M","?","$","M","?","E","?","M","T","M","M","E","M","M","R","B",null,"M","?","?","M","M","R","M","M","T","E","R","M","M"],"character_chosen":"THE_SILENT","items_purchased":["Deadly Poison"],"gold_per_floor":[118,118,66,91,91,125,200,219,244,264,284,324,345,363,363,488,488,506,506,431,456,477,477,496,516,567,598,598,617,632,632],"floor_reached":31,"campfire_rested":2,"playtime":2969,"current_hp_per_floor":[70,53,53,53,46,56,45,45,45,54,43,12,12,10,34,34,80,78,40,40,38,38,38,29,27,27,15,27,25,22,0],"items_purged":[],"gold":632,"score":417,"play_id":"c07cb5cb-3591-493d-a117-99e857026cab","local_time":"20180416151923","is_prod":false,"is_daily":false,"chose_seed":false,"is_ascension_mode":true,"campfire_upgraded":1,"timestamp":1523881163,"path_taken":["M","?","$","M","?","E","?","M","T","M","M","E","?","M","R","BOSS","M","?","?","M","M","R","M","M","T","E","R","M","M","E"],"build_version":"2018-04-12","seed_source_timestamp":340719081557124,"purchased_purges":0,"victory":false,"master_deck":["Survivor","Neutralize+1","Deadly Poison","Deadly Poison","Backflip","Deadly Poison","Tactician","Flying Knee","Reflex","Dodge and Roll","Acrobatics","Deflect","Backstab","Flying Knee","Quick Slash","Poisoned Stab","Ghostly","Ghostly","Ghostly","Ghostly","Ghostly","Catalyst","Catalyst+1","Crippling Poison+1"],"max_hp_per_floor":[70,70,70,70,70,80,80,80,80,80,80,80,80,80,80,80,80,80,40,40,40,40,40,40,40,40,40,40,40,40,40],"relics":["Ring of the Snake","NeowsBlessing","Golden Idol","Pear","Bag of Marbles","Whetstone","Pandora\u0027s Box","Ancient Tea Set","Toolbox"],"card_choices":[{"not_picked":["Deflect","Prepared"],"picked":"Deadly Poison","floor":1},{"not_picked":["Leg Sweep","Dagger Spray"],"picked":"Backflip","floor":4},{"not_picked":["Caltrops","Underhanded Strike"],"picked":"Deadly Poison","floor":14},{"not_picked":["Unload","Glass Knife"],"picked":"Tactician","floor":16},{"not_picked":["Deflect","Distraction"],"picked":"Poisoned Stab","floor":18},{"not_picked":["Slice","Deadly Poison"],"picked":"Catalyst","floor":21},{"not_picked":["Well Laid Plans","Sucker Punch"],"picked":"Catalyst","floor":22},{"not_picked":["Masterful Stab","Poisoned Stab"],"picked":"Crippling Poison","floor":25}],"player_experience":205710,"potions_floor_usage":[10,11,11,24,24],"damage_taken":[{"damage":0,"enemies":"Cultist","floor":1,"turns":1},{"damage":0,"enemies":"Jaw Worm","floor":4,"turns":1},{"damage":0,"enemies":"Lagavulin","floor":6,"turns":1},{"damage":0,"enemies":"Small Slimes","floor":8,"turns":3},{"damage":0,"enemies":"Blue Slaver","floor":10,"turns":4},{"damage":11,"enemies":"Exordium Thugs","floor":11,"turns":6},{"damage":31,"enemies":"3 Sentries","floor":12,"turns":9},{"damage":0,"enemies":"Large Slime","floor":13,"turns":5},{"damage":2,"enemies":"Looter","floor":14,"turns":3},{"damage":0,"enemies":"Hexaghost","floor":16,"turns":8},{"damage":2,"enemies":"Spheric Guardian","floor":18,"turns":3},{"damage":2,"enemies":"Chosen","floor":21,"turns":5},{"damage":0,"enemies":"Snake Plant","floor":22,"turns":4},{"damage":9,"enemies":"Chosen and Byrds","floor":24,"turns":5},{"damage":2,"enemies":"Sentry and Sphere","floor":25,"turns":5},{"damage":12,"enemies":"Gremlin Leader","floor":27,"turns":5},{"damage":2,"enemies":"Snecko","floor":29,"turns":4},{"damage":3,"enemies":"Snake Plant","floor":30,"turns":3},{"damage":25,"enemies":"Book of Stabbing","floor":31,"turns":7}],"event_choices":[{"event_name":"Golden Idol","player_choice":"Take Damage","floor":2,"damage_taken":0},{"event_name":"Golden Wing","player_choice":"Card Removal","floor":5,"damage_taken":0},{"event_name":"World of Goop","player_choice":"Gather Gold","floor":7,"damage_taken":0},{"event_name":"Ghosts","player_choice":"Became a Ghost","floor":19,"damage_taken":0},{"event_name":"Beggar","player_choice":"Gave Gold","floor":20,"damage_taken":0}],"boss_relics":[{"not_picked":["Cursed Key","Orrery"],"picked":"Pandora\u0027s Box"}],"potions_floor_spawned":[1,6,8,12,21,22],"seed_played":"6743852438600075762","killed_by":"Book of Stabbing","ascension_level":1,"is_trial":false}