{"gold_per_floor":[117,192,192,207,1,13,42,42,42,57,70,83,83,95,95,95],"floor_reached":16,"playtime":450,"items_purged":[],"score":166,"play_id":"3df30871-3140-48e6-9d6d-131afedb43eb","local_time":"20190309221857","is_ascension_mode":true,"campfire_choices":[{"data":"Fire Breathing","floor":8,"key":"SMITH"},{"data":"Dodge and Roll","floor":13,"key":"SMITH"},{"data":"Dramatic Entrance","floor":15,"key":"SMITH"}],"neow_cost":"NONE","seed_source_timestamp":52517109333300,"circlet_count":0,"master_deck":["AscendersBane","Strike_R","Strike_R","Strike_R","Strike_R","Strike_R","Defend_R","Defend_R","Defend_R","Bash","Flex","Perfected Strike","Dramatic Entrance+1","Fire Breathing+1","Backstab","PiercingWail","Dodge and Roll+1","Quick Slash"],"relics":["Burning Blood","NeowsBlessing","PrismaticShard","Ornamental Fan","Meat on the Bone"],"potions_floor_usage":[7,11],"damage_taken":[{"damage":0,"enemies":"Small Slimes","floor":1,"turns":1},{"damage":0,"enemies":"2 Louse","floor":4,"turns":1},{"damage":0,"enemies":"Cultist","floor":6,"turns":1},{"damage":55,"enemies":"Lagavulin","floor":7,"turns":6},{"damage":5,"enemies":"2 Fungi Beasts","floor":10,"turns":3},{"damage":0,"enemies":"3 Louse","floor":11,"turns":2},{"damage":9,"enemies":"Blue Slaver","floor":12,"turns":2},{"damage":0,"enemies":"2 Fungi Beasts","floor":14,"turns":3},{"damage":70,"enemies":"Slime Boss","floor":16,"turns":12}],"seed_played":"1132920628850591167","potions_obtained":[{"floor":4,"key":"Regen Potion"},{"floor":10,"key":"Explosive Potion"},{"floor":12,"key":"Dexterity Potion"},{"floor":14,"key":"Dexterity Potion"}],"is_trial":false,"path_per_floor":["M","?","?","M","$","M","E","R","T","M","M","M","R","M","R","B"],"character_chosen":"IRONCLAD","items_purchased":["PrismaticShard"],"campfire_rested":0,"item_purchase_floors":[5],"current_hp_per_floor":[78,67,67,73,73,79,42,42,42,55,61,58,58,64,64,0],"gold":95,"neow_bonus":"THREE_ENEMY_KILL","is_prod":false,"is_daily":false,"chose_seed":false,"campfire_upgraded":3,"win_rate":0,"timestamp":1552162737,"path_taken":["M","?","?","M","$","M","E","R","T","M","?","M","R","M","R","BOSS"],"build_version":"2019-01-23","purchased_purges":0,"victory":false,"max_hp_per_floor":[80,80,80,80,80,80,80,80,80,80,80,80,80,80,80,80],"card_choices":[{"not_picked":["Armaments","Warcry"],"picked":"Flex","floor":1},{"not_picked":["Burning Pact","Iron Wave"],"picked":"Perfected Strike","floor":4},{"not_picked":["All Out Attack","Conserve Battery"],"picked":"Dramatic Entrance","floor":6},{"not_picked":["Power Through","Seek"],"picked":"Fire Breathing","floor":7},{"not_picked":["Jack Of All Trades","Deadly Poison"],"picked":"Backstab","floor":10},{"not_picked":["Masterful Stab","Outmaneuver"],"picked":"PiercingWail","floor":11},{"not_picked":["Purity","Clash"],"picked":"Dodge and Roll","floor":12},{"not_picked":["Tempest","Reprogram"],"picked":"Quick Slash","floor":14}],"player_experience":490269,"relics_obtained":[{"floor":7,"key":"Ornamental Fan"},{"floor":9,"key":"Meat on the Bone"}],"event_choices":[{"damage_healed":0,"gold_gain":75,"player_choice":"Gather Gold","damage_taken":11,"max_hp_gain":0,"max_hp_loss":0,"event_name":"World of Goop","floor":2,"gold_loss":0},{"cards_removed":["Defend_R"],"damage_healed":0,"gold_gain":0,"player_choice":"Offered Basic","damage_taken":0,"max_hp_gain":0,"max_hp_loss":0,"event_name":"Bonfire Elementals","floor":3,"gold_loss":0}],"is_beta":false,"boss_relics":[],"items_purged_floors":[],"is_endless":false,"potions_floor_spawned":[4,10,12,14],"killed_by":"Slime Boss","ascension_level":12}