{"gold_per_floor":[112,62,134,134,134,174,189,32,32,46,125,125,139,152,152,271,271,292,207,220,220,245,245,245],"floor_reached":24,"playtime":784,"items_purged":[],"score":304,"play_id":"b07c74b9-c56d-4611-8081-6231c57aca52","local_time":"20181006170714","is_ascension_mode":true,"campfire_choices":[{"data":"Infernal Blade","floor":12,"key":"SMITH"},{"floor":15,"key":"REST"},{"floor":23,"key":"REST"}],"neow_cost":"NONE","seed_source_timestamp":115057689129000,"circlet_count":0,"master_deck":["Strike_R","Strike_R","Strike_R","Strike_R","Defend_R","Defend_R","Defend_R","Bash","AscendersBane","Infernal Blade+1","Heavy Blade","Seeing Red","Cleave","Pommel Strike","Juggernaut","Pommel Strike+1","Whirlwind+1","Necronomicurse","Pommel Strike+1"],"relics":["Black Blood","Matryoshka","Golden Idol","Torii","Red Skull","Blood Vial","Boot","Molten Egg 2","Necronomicon"],"potions_floor_usage":[13,14,18,22,24],"damage_taken":[{"damage":10,"enemies":"Cultist","floor":1,"turns":4},{"damage":20,"enemies":"Gremlin Nob","floor":6,"turns":4},{"damage":7,"enemies":"Jaw Worm","floor":7,"turns":5},{"damage":0,"enemies":"Small Slimes","floor":10,"turns":1},{"damage":14,"enemies":"Exordium Wildlife","floor":13,"turns":3},{"damage":32,"enemies":"Exordium Thugs","floor":14,"turns":4},{"damage":58,"enemies":"Slime Boss","floor":16,"turns":8},{"damage":37,"enemies":"Shell Parasite","floor":18,"turns":4},{"damage":14,"enemies":"Chosen","floor":20,"turns":4},{"damage":19,"enemies":"Centurion and Healer","floor":22,"turns":3},{"damage":41,"enemies":"Gremlin Leader","floor":24,"turns":3}],"seed_played":"2480952386083803068","potions_obtained":[{"floor":7,"key":"BloodPotion"},{"floor":10,"key":"Energy Potion"},{"floor":13,"key":"Swift Potion"},{"floor":16,"key":"Fire Potion"},{"floor":20,"key":"Weak Potion"},{"floor":22,"key":"PowerPotion"}],"is_trial":false,"path_per_floor":["M","?","T","?","?","E","M","$","T","M","?","R","M","M","R","B",null,"M","?","M","?","M","R"],"character_chosen":"IRONCLAD","items_purchased":["Red Skull"],"campfire_rested":2,"item_purchase_floors":[8],"current_hp_per_floor":[76,76,76,76,76,62,61,61,61,69,69,69,63,39,63,13,64,39,39,37,21,14,38,0],"gold":245,"neow_bonus":"TEN_PERCENT_HP_BONUS","is_prod":false,"is_daily":false,"chose_seed":false,"campfire_upgraded":1,"win_rate":0,"timestamp":1538834834,"path_taken":["M","?","?","?","?","E","M","$","T","?","?","R","M","?","R","BOSS","M","?","?","?","M","R","E"],"build_version":"2018-10-04v2","purchased_purges":0,"victory":false,"max_hp_per_floor":[88,88,88,81,81,81,81,81,81,81,81,81,81,81,81,81,81,81,81,81,81,81,81,81],"card_choices":[{"not_picked":["Clothesline","Inflame"],"picked":"Infernal Blade","floor":1},{"not_picked":["Clothesline","Sentinel"],"picked":"Heavy Blade","floor":6},{"not_picked":["Pommel Strike","Evolve"],"picked":"Seeing Red","floor":7},{"not_picked":["Armaments","Second Wind"],"picked":"Cleave","floor":10},{"not_picked":["Brutality","Warcry"],"picked":"Pommel Strike","floor":13},{"not_picked":["True Grit","Clash","Iron Wave"],"picked":"SKIP","floor":14},{"not_picked":["Exhume","Barricade"],"picked":"Juggernaut","floor":16},{"not_picked":["Clash","Headbutt"],"picked":"Pommel Strike+1","floor":18},{"not_picked":["Power Through+1","Cleave+1"],"picked":"Whirlwind+1","floor":20},{"not_picked":["Anger+1","Whirlwind+1"],"picked":"Pommel Strike+1","floor":22}],"player_experience":422630,"relics_obtained":[{"floor":3,"key":"Matryoshka"},{"floor":6,"key":"Torii"},{"floor":9,"key":"Blood Vial"},{"floor":9,"key":"Boot"},{"floor":21,"key":"Necronomicon"}],"event_choices":[{"event_name":"The Cleric","player_choice":"Card Removal","floor":2,"damage_taken":0},{"event_name":"Golden Idol","player_choice":"Lose Max HP","floor":4,"damage_taken":0},{"event_name":"Living Wall","player_choice":"Forget","floor":5,"damage_taken":0},{"event_name":"Golden Wing","player_choice":"Gained Gold","floor":11,"damage_taken":0},{"event_name":"Addict","player_choice":"Obtained Relic","floor":19,"damage_taken":0},{"event_name":"Cursed Tome","player_choice":"Obtained Book","floor":21,"damage_taken":0}],"is_beta":false,"boss_relics":[{"not_picked":["Runic Cube","Black Star"],"picked":"Black Blood"}],"items_purged_floors":[],"is_endless":false,"potions_floor_spawned":[7,10,13,16,20,22],"killed_by":"Gremlin Leader","ascension_level":11}