{"path_per_floor":["M","M","M","M","M","E","M","E","T","M","M","E","?","M","R","B",null,"M","M","M","M","$","E","?","M","T","E","M","$","?","?","R","B",null,"M","M","?","M","M","R","$","?","T","E","R","?","M","M","R","B"],"character_chosen":"IRONCLAD","items_purchased":["Pen Nib","Prayer Wheel","Art of War","Ancient Tea Set"],"gold_per_floor":[114,129,144,159,174,234,249,279,354,369,384,414,414,429,429,529,529,544,559,574,589,139,169,169,184,184,214,229,79,29,29,29,129,129,144,159,164,179,194,194,194,194,219,249,249,249,264,279,279,279],"floor_reached":51,"campfire_rested":5,"playtime":3631,"current_hp_per_floor":[77,77,74,58,58,67,58,54,60,60,57,57,57,57,84,37,99,85,83,77,73,73,28,61,50,56,39,39,39,39,39,70,64,111,78,65,47,39,6,39,39,39,45,15,50,50,50,38,73,41],"items_purged":[],"gold":279,"score":924,"play_id":"479ed032-c48f-4bb8-beed-268afd810508","local_time":"20180324104037","daily_mods":["Allstar","Cursed Run","Insanity"],"is_prod":false,"is_daily":true,"is_ascension_mode":false,"campfire_upgraded":0,"timestamp":1521880837,"path_taken":["M","M","M","M","M","E","M","E","T","M","M","E","?","M","R","BOSS","M","M","M","?","$","E","?","M","T","E","?","$","?","?","R","BOSS","M","M","?","M","M","R","$","?","T","E","R","?","M","M","R","BOSS"],"build_version":"2018-03-22v2","purchased_purges":0,"victory":true,"master_deck":["Impervious","Power Through","Warcry","Warcry","Flame Barrier+1","Sever Soul","Headbutt","Shrug It Off","Flame Barrier+1","Impervious","Entrench","Pommel Strike","Clash","Strike_R","Sentinel","Rampage","Corruption","Infernal Blade","Clothesline","Seeing Red","Twin Strike","Second Wind","Iron Wave","Brutality","Bash","Disarm","Flame Barrier","Sever Soul","Uppercut","Bloodletting","Dual Wield","Searing Blow","Shockwave","Headbutt","Double Tap","Wild Strike","Rage","Armaments","Shockwave","Anger","Sever Soul","Flex","Power Through","Corruption","Rampage","Bludgeon","Headbutt","Uppercut","True Grit","Blind+1","Transmutation","Whirlwind","Sword Boomerang","Flex","Fiend Fire","Cleave","Ghostly Armor","Combust","Rage","Regret","Exhume","Shockwave","Twin Strike","Twin Strike","Injury","Barricade","Iron Wave+1","Infernal Blade","Fire Breathing+1","Flame Barrier+1","Seeing Red","Iron Wave","Dark Embrace","Sword Boomerang","Inflame+1","Decay","Juggernaut","Flex","Rupture","Warcry+1","Thunderclap+1","Uppercut","Injury","Flex+1","Whirlwind+1","Thunderclap+1","Searing Blow+1","Pain"],"max_hp_per_floor":[80,80,80,80,80,80,80,80,86,86,86,93,93,93,93,99,99,99,99,99,99,99,99,99,99,105,105,105,105,105,105,105,111,111,111,111,111,111,111,111,111,111,117,117,117,117,117,117,117,123],"relics":["Cursed Key","Darkstone Periapt","Du-Vu Doll","Tiny Chest","War Paint","Letter Opener","Strawberry","Runic Cube","Pen Nib","Prayer Wheel","Art of War","Ornamental Fan","Orichalcum","Bottled Tornado","Ancient Tea Set","Sozu","Gambling Chip","Juzu Bracelet","Paper Frog"],"card_choices":[{"not_picked":["Rupture","Sever Soul"],"picked":"Whirlwind","floor":1},{"not_picked":["Havoc","Perfected Strike"],"picked":"Sword Boomerang","floor":2},{"not_picked":["Second Wind","Headbutt"],"picked":"Flex","floor":3},{"not_picked":["Clash","Feel No Pain"],"picked":"Fiend Fire","floor":4},{"not_picked":["Headbutt","Body Slam"],"picked":"Cleave","floor":5},{"not_picked":["Flex","Headbutt"],"picked":"Ghostly Armor","floor":6},{"not_picked":["Ghostly Armor","Pommel Strike"],"picked":"Combust","floor":7},{"not_picked":["Dropkick","Shrug It Off"],"picked":"Rage","floor":8},{"not_picked":["Thunderclap","Anger"],"picked":"Exhume","floor":10},{"not_picked":["Sword Boomerang","Headbutt"],"picked":"Shockwave","floor":11},{"not_picked":["Second Wind","Pommel Strike"],"picked":"Twin Strike","floor":12},{"not_picked":["Armaments","Clothesline"],"picked":"Twin Strike","floor":14},{"not_picked":["Fiend Fire","Dark Embrace"],"picked":"Barricade","floor":16},{"not_picked":["Hemokinesis","Armaments"],"picked":"Iron Wave","floor":18},{"not_picked":["Anger","Perfected Strike"],"picked":"Infernal Blade","floor":19},{"not_picked":["Blood for Blood","Searing Blow"],"picked":"Fire Breathing","floor":20},{"not_picked":["True Grit","Hemokinesis"],"picked":"Flame Barrier","floor":21},{"not_picked":["Berserk","Pommel Strike"],"picked":"Seeing Red","floor":23},{"not_picked":["Pommel Strike","Clash"],"picked":"Iron Wave","floor":25},{"not_picked":["Perfected Strike","Clash"],"picked":"Dark Embrace","floor":26},{"not_picked":["True Grit","Burning Pact"],"picked":"Sword Boomerang","floor":27},{"not_picked":["True Grit","Rampage"],"picked":"Inflame","floor":28},{"not_picked":["Impervious","Barricade"],"picked":"Juggernaut","floor":33},{"not_picked":["Feel No Pain","Heavy Blade"],"picked":"Flex","floor":35},{"not_picked":["Second Wind","Body Slam"],"picked":"Rupture","floor":36},{"not_picked":["Hemokinesis","Armaments"],"picked":"Warcry","floor":37},{"not_picked":["Entrench","Clash"],"picked":"Thunderclap","floor":38},{"not_picked":["Hemokinesis","Dual Wield"],"picked":"Uppercut","floor":39},{"not_picked":["Iron Wave","Metallicize"],"picked":"Flex","floor":43},{"not_picked":["Rage","Carnage"],"picked":"Whirlwind","floor":44},{"not_picked":["Wild Strike","Hemokinesis"],"picked":"Thunderclap","floor":47},{"not_picked":["Twin Strike","Immolate"],"picked":"Searing Blow","floor":48}],"player_experience":122326,"potions_floor_usage":[6,6,19,20,21,27,27,33,33,33],"damage_taken":[{"damage":3,"enemies":"Jaw Worm","floor":1,"turns":2},{"damage":0,"enemies":"2 Louse","floor":2,"turns":1},{"damage":3,"enemies":"Small Slimes","floor":3,"turns":1},{"damage":16,"enemies":"Gremlin Gang","floor":4,"turns":4},{"damage":0,"enemies":"3 Louse","floor":5,"turns":3},{"damage":6,"enemies":"Lagavulin","floor":6,"turns":6},{"damage":9,"enemies":"Exordium Wildlife","floor":7,"turns":3},{"damage":4,"enemies":"Gremlin Nob","floor":8,"turns":3},{"damage":0,"enemies":"Lots of Slimes","floor":10,"turns":4},{"damage":3,"enemies":"Large Slime","floor":11,"turns":3},{"damage":7,"enemies":"Lagavulin","floor":12,"turns":4},{"damage":0,"enemies":"Gremlin Gang","floor":14,"turns":1},{"damage":53,"enemies":"The Guardian","floor":16,"turns":8},{"damage":14,"enemies":"2 Thieves","floor":18,"turns":2},{"damage":2,"enemies":"Spheric Guardian","floor":19,"turns":3},{"damage":15,"enemies":"Slaver and Parasite","floor":20,"turns":5},{"damage":4,"enemies":"Snecko","floor":21,"turns":5},{"damage":45,"enemies":"Book of Stabbing","floor":23,"turns":5},{"damage":11,"enemies":"Chosen and Byrds","floor":25,"turns":6},{"damage":26,"enemies":"Slavers","floor":27,"turns":5},{"damage":0,"enemies":"Centurion and Healer","floor":28,"turns":3},{"damage":12,"enemies":"Champ","floor":33,"turns":9},{"damage":33,"enemies":"3 Shapes","floor":35,"turns":6},{"damage":13,"enemies":"3 Darklings","floor":36,"turns":3},{"damage":18,"enemies":"Mysterious Sphere","floor":37,"turns":5},{"damage":8,"enemies":"Maw","floor":38,"turns":9},{"damage":41,"enemies":"Sphere and 2 Shapes","floor":39,"turns":9},{"damage":30,"enemies":"2 Orb Walkers","floor":44,"turns":4},{"damage":0,"enemies":"3 Darklings","floor":47,"turns":2},{"damage":12,"enemies":"4 Shapes","floor":48,"turns":3},{"damage":38,"enemies":"Time Eater","floor":50,"turns":10}],"event_choices":[{"event_name":"Living Wall","player_choice":"Grow","floor":13,"damage_taken":0},{"event_name":"The Library","player_choice":"Heal","floor":24,"damage_taken":0},{"event_name":"The Joust","player_choice":"Bet on Owner","floor":30,"damage_taken":0},{"event_name":"Back to Basics","player_choice":"Elegance","floor":31,"damage_taken":0},{"event_name":"Mysterious Sphere","player_choice":"Fight","floor":37,"damage_taken":0},{"event_name":"The Moai Head","player_choice":"Ignored","floor":46,"damage_taken":0}],"boss_relics":[{"not_picked":["Snecko Eye","Philosopher\u0027s Stone"],"picked":"Runic Cube"},{"not_picked":["Runic Pyramid","Black Star"],"picked":"Sozu"}],"potions_floor_spawned":[2,4,5,11,12,16,19,20,23,27,28,39,44,48],"seed_played":"-8935585720801490496","ascension_level":0,"is_trial":false}