{"gold_per_floor":[117,128,203,35,35,63,63,74,74,104,119,119],"floor_reached":12,"playtime":799,"items_purged":["Strike_G"],"score":88,"play_id":"4d116901-dace-4fde-80e5-6f2bd6bcd217","local_time":"20181120230915","is_ascension_mode":false,"campfire_choices":[{"floor":7,"key":"REST"}],"neow_cost":"NONE","seed_source_timestamp":7152486287529,"circlet_count":0,"master_deck":["Defend_G","Defend_G","Defend_G","Defend_G+1","Defend_G","Strike_G","Strike_G","Strike_G","Strike_G","Survivor","Neutralize+1","Outmaneuver","Caltrops","Flash of Steel","Bullet Time","Infinite Blades","Die Die Die","Accuracy"],"relics":["Cursed Key","Blood Vial","Omamori"],"potions_floor_usage":[6,10,12,12],"damage_taken":[{"damage":0,"enemies":"Small Slimes","floor":1,"turns":4},{"damage":0,"enemies":"2 Louse","floor":2,"turns":3},{"damage":15,"enemies":"Lagavulin","floor":6,"turns":11},{"damage":0,"enemies":"Cultist","floor":8,"turns":4},{"damage":36,"enemies":"Gremlin Nob","floor":10,"turns":6},{"damage":2,"enemies":"Large Slime","floor":11,"turns":6},{"damage":24,"enemies":"Gremlin Nob","floor":12,"turns":4}],"seed_played":"-4127868732416261832","potions_obtained":[{"floor":2,"key":"SpeedPotion"},{"floor":8,"key":"Dexterity Potion"},{"floor":10,"key":"Swift Potion"},{"floor":11,"key":"Ancient Potion"}],"is_trial":false,"path_per_floor":["M","M","?","$","?","E","R","M","T","E","M","?"],"character_chosen":"THE_SILENT","items_purchased":["Flash of Steel"],"campfire_rested":1,"item_purchase_floors":[4],"current_hp_per_floor":[70,70,59,59,45,30,51,53,53,19,19,0],"gold":119,"neow_bonus":"BOSS_RELIC","is_prod":false,"is_daily":false,"chose_seed":false,"campfire_upgraded":0,"win_rate":0,"timestamp":1542776955,"path_taken":["M","M","?","$","?","E","R","M","T","E","M","?"],"build_version":"2018-11-15","purchased_purges":1,"victory":false,"max_hp_per_floor":[70,70,70,70,70,70,70,70,70,70,70,70],"card_choices":[{"not_picked":["Deflect","Cloak And Dagger"],"picked":"Outmaneuver","floor":1},{"not_picked":["Eviscerate","Sucker Punch"],"picked":"Caltrops","floor":2},{"not_picked":["Escape Plan","Heel Hook"],"picked":"Bullet Time","floor":6},{"not_picked":["Prepared","Backflip"],"picked":"Infinite Blades","floor":8},{"not_picked":["Quick Slash","Masterful Stab"],"picked":"Die Die Die","floor":10},{"not_picked":["Cloak And Dagger","Backflip"],"picked":"Accuracy","floor":11}],"player_experience":148759,"relics_obtained":[{"floor":6,"key":"Blood Vial"},{"floor":10,"key":"Omamori"}],"event_choices":[{"damage_healed":0,"gold_gain":75,"player_choice":"Gather Gold","damage_taken":11,"max_hp_gain":0,"max_hp_loss":0,"event_name":"World of Goop","floor":3,"gold_loss":0},{"damage_healed":0,"gold_gain":0,"player_choice":"Entered Light","damage_taken":14,"max_hp_gain":0,"max_hp_loss":0,"event_name":"Shining Light","floor":5,"gold_loss":0,"cards_upgraded":["Defend_G","Neutralize"]},{"damage_healed":0,"gold_gain":0,"player_choice":"Searched \u00271\u0027 times","damage_taken":0,"max_hp_gain":0,"max_hp_loss":0,"event_name":"Dead Adventurer","floor":12,"gold_loss":0}],"is_beta":false,"boss_relics":[],"items_purged_floors":[4],"is_endless":false,"potions_floor_spawned":[2,8,10,11],"killed_by":"Gremlin Nob","ascension_level":0}