{"path_per_floor":["M","?","M","$","?","R","E","?","T","M","E","R","M","T","R","B",null,"M","$","?","M","?","$","M"],"character_chosen":"IRONCLAD","items_purchased":["War Paint","Bag of Marbles"],"gold_per_floor":[109,59,71,71,71,71,100,100,150,161,190,190,210,259,259,356,356,369,137,137,147,147,4,24,24],"floor_reached":25,"campfire_rested":1,"playtime":880,"current_hp_per_floor":[74,74,80,80,64,64,55,55,55,61,30,69,65,65,65,23,78,54,54,54,33,33,33,49,0],"items_purged":["Strike_R"],"gold":24,"score":297,"play_id":"a2c3c373-bb5f-4d1f-a0b3-b289e362fcb7","local_time":"20180420084306","is_prod":false,"is_daily":false,"chose_seed":false,"is_ascension_mode":true,"campfire_upgraded":2,"timestamp":1524202986,"path_taken":["M","?","M","$","?","R","E","?","T","?","E","R","M","?","R","BOSS","M","$","?","M","?","?","?","E"],"build_version":"2018-04-19","seed_source_timestamp":302973256218725,"purchased_purges":1,"victory":false,"master_deck":["Defend_R","Defend_R+1","Defend_R+1","Defend_R+1","Bash","Pommel Strike+1","Shrug It Off","Thunderclap","Uppercut+1","Whirlwind+1","Disarm","Seeing Red","Bite","Bite","Bite","Bite","Bite"],"max_hp_per_floor":[80,80,80,80,80,80,80,80,80,80,82,82,84,84,84,86,94,94,94,94,96,67,67,69,69],"relics":["Burning Blood","Oddly Smooth Stone","Dream Catcher","Regal Pillow","Singing Bowl","Whetstone","Orrery","War Paint","Bag of Marbles"],"card_choices":[{"not_picked":["True Grit","Reckless Charge"],"picked":"Pommel Strike","floor":1},{"not_picked":["Flex","Cleave"],"picked":"Shrug It Off","floor":3},{"not_picked":["Anger","Body Slam"],"picked":"Thunderclap","floor":7},{"not_picked":["Blood for Blood","True Grit"],"picked":"Uppercut","floor":10},{"not_picked":["Armaments","Blood for Blood"],"picked":"Whirlwind","floor":12},{"not_picked":["Ghostly Armor","Havoc"],"picked":"Disarm","floor":17},{"not_picked":["Impervious","Thunderclap"],"picked":"Seeing Red","floor":18}],"player_experience":214603,"potions_floor_usage":[7,16,16,18,24],"damage_taken":[{"damage":4,"enemies":"Small Slimes","floor":1,"turns":4},{"damage":0,"enemies":"2 Louse","floor":3,"turns":2},{"damage":15,"enemies":"3 Sentries","floor":7,"turns":6},{"damage":0,"enemies":"Cultist","floor":10,"turns":3},{"damage":39,"enemies":"Gremlin Nob","floor":11,"turns":5},{"damage":12,"enemies":"Exordium Wildlife","floor":13,"turns":3},{"damage":50,"enemies":"Hexaghost","floor":16,"turns":11},{"damage":30,"enemies":"Spheric Guardian","floor":18,"turns":6},{"damage":29,"enemies":"Chosen","floor":21,"turns":7},{"damage":6,"enemies":"Snake Plant","floor":24,"turns":5},{"damage":73,"enemies":"Gremlin Leader","floor":25,"turns":8}],"event_choices":[{"event_name":"The Cleric","player_choice":"Card Removal","floor":2,"damage_taken":0},{"event_name":"Shining Light","player_choice":"Entered Light","floor":5,"damage_taken":0},{"event_name":"Bonfire Elementals","player_choice":"BASIC","floor":8,"damage_taken":0},{"event_name":"Ghosts","player_choice":"Ignored","floor":20,"damage_taken":0},{"event_name":"Vampires","player_choice":"Became a vampire","floor":22,"damage_taken":0}],"boss_relics":[{"not_picked":["Pandora\u0027s Box","Runic Dome"],"picked":"Orrery"}],"potions_floor_spawned":[3,7,13,16,21],"seed_played":"-8337167566901000111","killed_by":"Gremlin Leader","ascension_level":6,"is_trial":false}