{"gold_per_floor":[116,5,17,35,35,35,11,11,64,80,106,6,6,18,18,120,120,136,211,223,243,243,243,255,56,56,73,92,92],"floor_reached":29,"playtime":1803,"items_purged":["Strike_R","Strike_R","Strike_R"],"score":250,"play_id":"c22c1fa5-d879-457e-9048-18b4de2ea69e","local_time":"20190701221724","is_ascension_mode":true,"campfire_choices":[{"data":"Cleave","floor":6,"key":"SMITH"},{"data":"Seeing Red","floor":13,"key":"SMITH"},{"floor":15,"key":"REST"},{"data":"Flame Barrier","floor":23,"key":"SMITH"}],"neow_cost":"NONE","seed_source_timestamp":363403394938483,"circlet_count":0,"master_deck":["Defend_R","Defend_R","Defend_R","Defend_R","Bash+1","Clothesline","Evolve","Cleave+1","Cleave+1","Warcry","Flame Barrier+1","Seeing Red+1","Dropkick","Double Tap","Headbutt","Metallicize","Burning Pact+1","Metallicize","Warcry+1","Exhume"],"relics":["Burning Blood","Tiny Chest","Pear","Sozu","Letter Opener"],"potions_floor_usage":[16,16,28],"damage_taken":[{"damage":3,"enemies":"Small Slimes","floor":1,"turns":3},{"damage":4,"enemies":"Cultist","floor":3,"turns":4},{"damage":7,"enemies":"Jaw Worm","floor":4,"turns":3},{"damage":10,"enemies":"Lots of Slimes","floor":10,"turns":2},{"damage":27,"enemies":"3 Sentries","floor":11,"turns":4},{"damage":8,"enemies":"Looter","floor":14,"turns":4},{"damage":8,"enemies":"Slime Boss","floor":16,"turns":8},{"damage":30,"enemies":"2 Thieves","floor":18,"turns":5},{"damage":7,"enemies":"Chosen","floor":20,"turns":4},{"damage":6,"enemies":"3 Cultists","floor":21,"turns":3},{"damage":16,"enemies":"Centurion and Healer","floor":24,"turns":6},{"damage":26,"enemies":"Sentry and Sphere","floor":27,"turns":6},{"damage":9,"enemies":"Snecko","floor":28,"turns":4},{"damage":26,"enemies":"Shelled Parasite and Fungi","floor":29,"turns":3}],"seed_played":"8432123528789272347","potions_obtained":[{"floor":10,"key":"SteroidPotion"},{"floor":14,"key":"Strength Potion"},{"floor":16,"key":"FearPotion"}],"is_trial":false,"path_per_floor":["M","$","M","M","?","R","$","?","T","M","E","$","R","M","R","B",null,"M","?","M","M","?","R","M","$","T","M","M","M"],"character_chosen":"IRONCLAD","items_purchased":["Evolve","Warcry","Metallicize"],"campfire_rested":1,"item_purchase_floors":[2,7,25],"current_hp_per_floor":[80,80,80,79,79,79,79,79,79,75,64,64,64,62,89,87,90,66,57,56,56,56,56,46,46,46,26,23,0],"gold":92,"neow_bonus":"UPGRADE_CARD","is_prod":false,"is_daily":false,"chose_seed":false,"campfire_upgraded":3,"win_rate":0,"timestamp":1562037444,"path_taken":["M","$","M","M","?","R","$","?","T","?","E","?","R","M","R","BOSS","M","?","?","M","?","R","M","$","T","M","M","?"],"build_version":"2019-07-01","purchased_purges":3,"victory":false,"max_hp_per_floor":[80,80,80,80,80,80,80,80,80,80,90,90,90,90,90,90,90,90,90,90,90,90,90,90,90,90,90,90,90],"card_choices":[{"not_picked":["Iron Wave","Body Slam"],"picked":"Clothesline","floor":1},{"not_picked":["Body Slam","Shrug It Off"],"picked":"Cleave","floor":3},{"not_picked":["Clash","Feel No Pain"],"picked":"Cleave","floor":4},{"not_picked":["Body Slam","True Grit"],"picked":"Flame Barrier","floor":10},{"not_picked":["Infernal Blade","Exhume"],"picked":"Seeing Red","floor":11},{"not_picked":["Evolve","Flex"],"picked":"Dropkick","floor":14},{"not_picked":["Impervious","Brutality"],"picked":"Double Tap","floor":16},{"not_picked":["Perfected Strike+1","Evolve"],"picked":"Headbutt","floor":18},{"not_picked":["Seeing Red","Clash"],"picked":"Metallicize","floor":20},{"not_picked":["Shrug It Off","Clothesline","Rage"],"picked":"SKIP","floor":21},{"not_picked":["Evolve+1","Combust+1"],"picked":"Burning Pact+1","floor":24},{"not_picked":["Feel No Pain+1","Armaments"],"picked":"Warcry+1","floor":27},{"not_picked":["Wild Strike","Metallicize"],"picked":"Exhume","floor":28}],"player_experience":302723,"relics_obtained":[{"floor":9,"key":"Tiny Chest"},{"floor":11,"key":"Pear"},{"floor":26,"key":"Letter Opener"}],"event_choices":[{"damage_healed":0,"gold_gain":0,"player_choice":"Grow","damage_taken":0,"max_hp_gain":0,"max_hp_loss":0,"event_name":"Living Wall","floor":5,"gold_loss":0,"cards_upgraded":["Cleave"]},{"cards_removed":["Strike_R"],"damage_healed":0,"gold_gain":0,"player_choice":"Purged","damage_taken":0,"max_hp_gain":0,"max_hp_loss":0,"event_name":"Purifier","floor":8,"gold_loss":0},{"damage_healed":0,"gold_gain":75,"player_choice":"Touch","damage_taken":9,"max_hp_gain":0,"max_hp_loss":0,"event_name":"FaceTrader","floor":19,"gold_loss":0},{"cards_removed":["Strike_R"],"damage_healed":0,"gold_gain":0,"player_choice":"Purged","damage_taken":0,"max_hp_gain":0,"max_hp_loss":0,"event_name":"Purifier","floor":22,"gold_loss":0}],"is_beta":false,"boss_relics":[{"not_picked":["Ectoplasm","Coffee Dripper"],"picked":"Sozu"}],"items_purged_floors":[2,12,25],"is_endless":false,"potions_floor_spawned":[10,14,16,20,27],"killed_by":"Shelled Parasite and Fungi","ascension_level":2}