{"gold_per_floor":[119,130,130,130,55,55,55,55,55,81,97,110,110,110,110,210,210,228,228,327,344,355,355],"floor_reached":23,"playtime":796,"items_purged":["Regret"],"score":214,"play_id":"f985c36f-0edd-4298-8f9c-ecdbe800ab92","local_time":"20190710115001","is_ascension_mode":false,"campfire_choices":[{"data":"True Grit","floor":6,"key":"SMITH"},{"data":"Bash","floor":8,"key":"SMITH"},{"data":"Berserk","floor":13,"key":"SMITH"},{"data":"Warcry","floor":15,"key":"SMITH"}],"neow_cost":"NONE","seed_source_timestamp":78611697315991,"circlet_count":0,"master_deck":["Bash+1","Warcry+1","True Grit+1","Pummel","Berserk+1","Double Tap","Body Slam","Ghostly Armor","Entrench","Exhume","Armaments","Feed","Seeing Red","Infernal Blade","Iron Wave+1","Feel No Pain"],"relics":["Burning Blood","NeowsBlessing","Bronze Scales","Letter Opener","Regal Pillow","Pandora\u0027s Box","Sundial"],"potions_floor_usage":[16,23],"damage_taken":[{"damage":0,"enemies":"Small Slimes","floor":1,"turns":1},{"damage":0,"enemies":"Cultist","floor":2,"turns":1},{"damage":0,"enemies":"Gremlin Nob","floor":10,"turns":1},{"damage":1,"enemies":"2 Louse","floor":11,"turns":3},{"damage":3,"enemies":"Exordium Wildlife","floor":12,"turns":3},{"damage":36,"enemies":"The Guardian","floor":16,"turns":12},{"damage":18,"enemies":"Shell Parasite","floor":18,"turns":9},{"damage":15,"enemies":"Spheric Guardian","floor":21,"turns":4},{"damage":22,"enemies":"Snake Plant","floor":22,"turns":4},{"damage":47,"enemies":"Book of Stabbing","floor":23,"turns":5}],"seed_played":"2421687321971480594","potions_obtained":[{"floor":2,"key":"AttackPotion"},{"floor":10,"key":"Swift Potion"},{"floor":11,"key":"GamblersBrew"},{"floor":16,"key":"Swift Potion"}],"is_trial":false,"path_per_floor":["M","M","?","?","$","R","$","R","T","E","M","M","R","?","R","B",null,"M","?","?","M","M","E"],"character_chosen":"IRONCLAD","items_purchased":[],"campfire_rested":0,"item_purchase_floors":[],"current_hp_per_floor":[80,80,80,80,80,80,80,80,80,80,80,80,80,80,80,50,80,68,68,68,59,46,0],"gold":355,"neow_bonus":"THREE_ENEMY_KILL","is_prod":false,"is_daily":false,"chose_seed":false,"campfire_upgraded":4,"win_rate":0,"timestamp":1562752201,"path_taken":["M","M","?","?","$","R","$","R","T","E","M","?","R","?","R","BOSS","M","?","?","M","M","E"],"build_version":"2019-07-05","purchased_purges":1,"victory":false,"max_hp_per_floor":[80,80,80,80,80,80,80,80,80,80,80,80,80,80,80,80,80,80,80,80,80,83,83],"card_choices":[{"not_picked":["Flex","Power Through"],"picked":"Warcry","floor":1},{"not_picked":["Twin Strike","Clash"],"picked":"True Grit","floor":2},{"not_picked":["Perfected Strike","Combust"],"picked":"Berserk","floor":10},{"not_picked":["Cleave","Clash","Havoc"],"picked":"SKIP","floor":11},{"not_picked":["Dual Wield","Anger","Havoc"],"picked":"SKIP","floor":12},{"not_picked":["Demon Form","Brutality"],"picked":"Double Tap","floor":16},{"not_picked":["Searing Blow","Rampage"],"picked":"Iron Wave+1","floor":18},{"not_picked":["Sever Soul","Clothesline","Reckless Charge"],"picked":"SKIP","floor":21},{"not_picked":["Clothesline","Clash"],"picked":"Feel No Pain","floor":22}],"player_experience":54326,"relics_obtained":[{"floor":9,"key":"Letter Opener"},{"floor":10,"key":"Regal Pillow"}],"event_choices":[{"damage_healed":0,"gold_gain":0,"player_choice":"Box","damage_taken":0,"relics_obtained":["Bronze Scales"],"max_hp_gain":0,"max_hp_loss":0,"event_name":"Big Fish","floor":3,"gold_loss":0,"cards_obtained":["Regret"]},{"damage_healed":0,"gold_gain":0,"player_choice":"1 cards matched","damage_taken":0,"max_hp_gain":0,"max_hp_loss":0,"event_name":"Match and Keep!","floor":4,"gold_loss":0,"cards_obtained":["Pummel"]},{"cards_removed":["Strike_R"],"damage_healed":0,"gold_gain":0,"player_choice":"Forget","damage_taken":0,"max_hp_gain":0,"max_hp_loss":0,"event_name":"Living Wall","floor":14,"gold_loss":0},{"damage_healed":0,"gold_gain":0,"player_choice":"Opened","damage_taken":0,"relics_obtained":["Sundial"],"max_hp_gain":0,"max_hp_loss":0,"event_name":"The Mausoleum","floor":19,"gold_loss":0},{"damage_healed":0,"gold_gain":99,"player_choice":"Stole From Cult","damage_taken":0,"max_hp_gain":0,"max_hp_loss":0,"event_name":"Nest","floor":20,"gold_loss":0}],"is_beta":false,"boss_relics":[{"not_picked":["Runic Dome","Snecko Eye"],"picked":"Pandora\u0027s Box"}],"items_purged_floors":[5],"is_endless":false,"potions_floor_spawned":[2,10,11,16,21],"killed_by":"Book of Stabbing","ascension_level":0}