{"gold_per_floor":[115,65,65,81,130,159,159,159,159,159,177,210,63,94,94,196,196,212,230,21,21,21,52,52,52,97,131,131,131,163,179,179,278,278,289,289,289,301,350,350,377,389,414,414,414,424,424,436,436,436],"floor_reached":50,"playtime":1926,"items_purged":[],"score":650,"play_id":"7b3cf67e-0830-49be-ac28-f9caf877f11d","local_time":"20180801191218","is_ascension_mode":true,"campfire_choices":[{"floor":7,"key":"REST"},{"floor":15,"key":"REST"},{"data":"Scrape","floor":24,"key":"SMITH"},{"floor":28,"key":"REST"},{"floor":32,"key":"REST"},{"floor":40,"key":"DIG"},{"floor":44,"key":"REST"},{"floor":49,"key":"DIG"}],"neow_cost":"NONE","seed_source_timestamp":345537592230193,"circlet_count":0,"master_deck":["Strike_B+1","Strike_B+1","Strike_B+1","Defend_B+1","Defend_B+1","Defend_B+1","Zap","Dualcast","Gash+1","Beam Cell","Gash","Beam Cell","White Noise","Buffer+1","Scrape+1","Go for the Eyes","Beam Cell","Creative AI+1","Gash","Gash+1","Madness","Madness","Gash","Panacea","Blind","Thinking Ahead"],"relics":["Cracked Core","Regal Pillow","Vajra","Singing Bowl","Dodecahedron","Kunai","Orichalcum","Frozen Egg 2","Black Star","Medical Kit","Torii","Incense Burner","Lantern","Happy Flower","Bag of Marbles","Enchiridion","Red Mask","Nuclear Battery","Shovel","Art of War","Potion Belt","Anchor","Ancient Tea Set","Symbiotic Virus"],"potions_floor_usage":[4,23,23,27,33,41,42,48],"damage_taken":[{"damage":9,"enemies":"Jaw Worm","floor":1,"turns":4},{"damage":8,"enemies":"2 Louse","floor":4,"turns":2},{"damage":30,"enemies":"Lagavulin","floor":6,"turns":5},{"damage":0,"enemies":"Cultist","floor":11,"turns":3},{"damage":17,"enemies":"Gremlin Nob","floor":12,"turns":3},{"damage":11,"enemies":"3 Sentries","floor":14,"turns":6},{"damage":6,"enemies":"Slime Boss","floor":16,"turns":6},{"damage":3,"enemies":"3 Byrds","floor":18,"turns":6},{"damage":6,"enemies":"Chosen","floor":19,"turns":4},{"damage":33,"enemies":"Book of Stabbing","floor":23,"turns":4},{"damage":30,"enemies":"Slavers","floor":27,"turns":5},{"damage":11,"floor":30,"turns":5},{"damage":11,"enemies":"Sentry and Sphere","floor":31,"turns":4},{"damage":1,"enemies":"Collector","floor":33,"turns":9},{"damage":0,"enemies":"Flame Bruiser 1 Orb","floor":35,"turns":4},{"damage":4,"enemies":"3 Shapes","floor":38,"turns":4},{"damage":0,"floor":39,"turns":3},{"damage":41,"enemies":"Giant Head","floor":41,"turns":6},{"damage":20,"enemies":"Maw","floor":42,"turns":6},{"damage":0,"enemies":"4 Shapes","floor":46,"turns":6},{"damage":0,"enemies":"Transient","floor":48,"turns":5},{"damage":56,"enemies":"Awakened One","floor":50,"turns":4}],"seed_played":"455008411528539337","potions_obtained":[{"floor":1,"key":"Strength Potion"},{"floor":14,"key":"FocusPotion"},{"floor":16,"key":"GamblersBrew"},{"floor":19,"key":"Swift Potion"},{"floor":31,"key":"Regen Potion"},{"floor":33,"key":"Strength Potion"},{"floor":35,"key":"EssenceOfSteel"},{"floor":46,"key":"Explosive Potion"}],"is_trial":false,"path_per_floor":["M","?","?","M","T","E","R","?","T","?","M","E","$","E","R","B",null,"M","M","$","?","$","E","R","?","T","E","R","?","?","M","R","B",null,"M","?","$","M","?","R","E","M","T","R","?","M","?","M","R"],"character_chosen":"DEFECT","items_purchased":["Orichalcum","Medical Kit"],"campfire_rested":5,"item_purchase_floors":[13,20],"current_hp_per_floor":[66,66,59,51,51,21,58,58,58,58,60,43,43,32,70,64,77,74,75,75,75,75,44,44,44,44,16,55,39,28,17,56,70,81,83,83,83,79,81,81,42,22,22,63,52,52,42,51,51,0],"gold":436,"neow_bonus":"RANDOM_COMMON_RELIC","is_prod":false,"is_daily":false,"chose_seed":false,"campfire_upgraded":1,"win_rate":0,"timestamp":1533139938,"path_taken":["M","?","?","?","?","E","R","?","T","?","?","E","$","E","R","BOSS","M","?","$","?","?","E","R","?","T","E","R","?","?","M","R","BOSS","M","?","$","?","?","R","E","M","T","R","?","M","?","M","R","BOSS"],"build_version":"2018-07-26","purchased_purges":0,"victory":false,"max_hp_per_floor":[75,75,75,75,75,75,75,75,75,75,77,77,77,77,77,77,77,77,77,77,77,77,79,79,79,79,81,81,81,81,81,81,81,81,83,83,83,83,85,85,87,87,87,87,87,87,87,89,89,89],"card_choices":[{"not_picked":["Glacier","Stack"],"picked":"Gash","floor":1},{"not_picked":["Chaos","FTL"],"picked":"Beam Cell","floor":4},{"not_picked":["Consume","Rebound"],"picked":"Gash","floor":6},{"not_picked":["Consume","Reinforced Body","Streamline"],"picked":"Singing Bowl","floor":11},{"not_picked":["Hello World","Doom and Gloom"],"picked":"Beam Cell","floor":12},{"not_picked":["Consume","Turbo"],"picked":"White Noise","floor":14},{"not_picked":["Seek","Multi-Cast"],"picked":"Buffer+1","floor":16},{"not_picked":["Streamline","Coolheaded"],"picked":"Scrape","floor":18},{"not_picked":["Sunder","Turbo"],"picked":"Double Energy","floor":19},{"not_picked":["Consume+1","Seek","Stack"],"picked":"Singing Bowl","floor":23},{"not_picked":["Tempest","Compile Driver","Core Surge"],"picked":"Singing Bowl","floor":27},{"not_picked":["Barrage","Stack"],"picked":"Go for the Eyes","floor":30},{"not_picked":["Hologram+1","Core Surge"],"picked":"Beam Cell","floor":31},{"not_picked":["Hyperbeam","Rainbow"],"picked":"Creative AI+1","floor":33},{"not_picked":["Reprogram","Rebound+1","Heatsinks+1"],"picked":"Singing Bowl","floor":35},{"not_picked":["Coolheaded+1","Turbo"],"picked":"Gash","floor":38},{"not_picked":["Fusion+1","Glacier+1","Hello World+1"],"picked":"Singing Bowl","floor":39},{"not_picked":["Tempest","Stack+1","Redo"],"picked":"Singing Bowl","floor":41},{"not_picked":["Turbo","Hologram"],"picked":"Gash+1","floor":42},{"not_picked":["Stack+1","Hologram"],"picked":"Gash","floor":46},{"not_picked":["Mind Blast","Magnetism+1"],"picked":"Panacea","floor":47},{"not_picked":["Panacea","Enlightenment"],"picked":"Blind","floor":47},{"not_picked":["Dark Shackles","Deep Breath"],"picked":"Thinking Ahead","floor":47},{"not_picked":["Stack","Ball Lightning+1","Conserve Battery+1"],"picked":"Singing Bowl","floor":48}],"player_experience":321870,"relics_obtained":[{"floor":5,"key":"Vajra"},{"floor":6,"key":"Singing Bowl"},{"floor":9,"key":"Dodecahedron"},{"floor":12,"key":"Kunai"},{"floor":14,"key":"Frozen Egg 2"},{"floor":23,"key":"Torii"},{"floor":23,"key":"Incense Burner"},{"floor":26,"key":"Lantern"},{"floor":27,"key":"Happy Flower"},{"floor":27,"key":"Bag of Marbles"},{"floor":29,"key":"Enchiridion"},{"floor":30,"key":"Red Mask"},{"floor":39,"key":"Shovel"},{"floor":40,"key":"Art of War"},{"floor":41,"key":"Potion Belt"},{"floor":41,"key":"Anchor"},{"floor":43,"key":"Ancient Tea Set"},{"floor":49,"key":"Symbiotic Virus"}],"event_choices":[{"event_name":"The Cleric","player_choice":"Card Removal","floor":2,"damage_taken":0},{"event_name":"Golden Wing","player_choice":"Card Removal","floor":3,"damage_taken":0},{"event_name":"Match and Keep!","player_choice":"0 cards matched","floor":8,"damage_taken":0},{"event_name":"Living Wall","player_choice":"Grow","floor":10,"damage_taken":0},{"event_name":"Beggar","player_choice":"Ignored","floor":21,"damage_taken":0},{"event_name":"Back to Basics","player_choice":"Simplicity","floor":25,"damage_taken":0},{"event_name":"Cursed Tome","player_choice":"Obtained Book","floor":29,"damage_taken":0},{"event_name":"Masked Bandits","player_choice":"Fought over 131 gold","floor":30,"damage_taken":0},{"event_name":"Falling","player_choice":"Removed Skill","floor":36,"damage_taken":0},{"event_name":"Mysterious Sphere","player_choice":"Fight","floor":39,"damage_taken":0},{"event_name":"Winding Halls","player_choice":"Embrace Madness","floor":45,"damage_taken":0},{"event_name":"SensoryStone","player_choice":"Memory 3","floor":47,"damage_taken":0}],"is_beta":false,"boss_relics":[{"not_picked":["Calling Bell","Philosopher\u0027s Stone"],"picked":"Black Star"},{"not_picked":["Sozu","FrozenCore"],"picked":"Nuclear Battery"}],"items_purged_floors":[],"is_endless":false,"potions_floor_spawned":[1,14,16,19,31,33,35,46],"killed_by":"Awakened One","ascension_level":3}