{"path_per_floor":["M","?","?","M","M","E","M","R","T","M","E","$","M","M","R","B",null,"M","M","$","T","?","R","$","?","T","$","M"],"character_chosen":"IRONCLAD","items_purchased":["Bronze Scales","Cleave","Shrug It Off","Reaper"],"gold_per_floor":[115,115,115,130,141,175,185,185,185,200,233,30,41,57,57,153,153,171,182,82,82,82,82,9,9,9,9,28,28],"floor_reached":29,"campfire_rested":2,"playtime":982,"current_hp_per_floor":[78,78,78,80,73,18,14,38,38,37,32,32,25,12,36,27,67,57,68,68,68,68,68,68,53,53,53,13,0],"items_purged":["Normality"],"gold":28,"score":306,"play_id":"11fde290-3276-4922-9c44-e2c3582d861a","local_time":"20180428203046","is_prod":false,"is_daily":false,"chose_seed":false,"is_ascension_mode":true,"campfire_upgraded":0,"timestamp":1524936646,"path_taken":["M","?","?","M","M","E","?","R","T","M","E","$","M","M","R","BOSS","M","M","$","?","?","R","$","?","T","?","M","M"],"build_version":"2018-04-26","seed_source_timestamp":202135991028638,"purchased_purges":1,"victory":false,"master_deck":["Strike_R","Strike_R","Strike_R","Defend_R","Defend_R","Defend_R","Defend_R","Bash","Seeing Red","Intimidate","Fire Breathing","Disarm","Flex","Pommel Strike","Cleave","Thunderclap","Reaper","Bludgeon","Doubt","Pain","Intimidate","Shrug It Off","Reaper"],"max_hp_per_floor":[80,80,80,80,80,80,80,80,80,80,80,80,80,80,80,80,80,80,80,80,80,80,80,80,85,85,85,85,85],"relics":["Burning Blood","Kunai","Mummified Hand","Vajra","Bronze Scales","Calling Bell","Bag of Preparation","Centennial Puzzle","Shovel","Pantograph","Ice Cream","Blood Vial"],"card_choices":[{"not_picked":["True Grit","Flex"],"picked":"Seeing Red","floor":4},{"not_picked":["Infernal Blade","Spot Weakness"],"picked":"Intimidate","floor":5},{"not_picked":["True Grit","Headbutt"],"picked":"Fire Breathing","floor":6},{"not_picked":["Wild Strike","Body Slam"],"picked":"Disarm","floor":7},{"not_picked":["Clash","Havoc"],"picked":"Flex","floor":10},{"not_picked":["Anger","Blood for Blood"],"picked":"Pommel Strike","floor":11},{"not_picked":["Sword Boomerang","Sever Soul"],"picked":"Thunderclap","floor":13},{"not_picked":["Body Slam","Seeing Red"],"picked":"Reaper","floor":14},{"not_picked":["Impervious","Brutality"],"picked":"Bludgeon","floor":16},{"not_picked":["Burning Pact","Body Slam"],"picked":"Intimidate","floor":18}],"player_experience":223185,"potions_floor_usage":[4,11,16,19,28,29],"damage_taken":[{"damage":0,"enemies":"2 Louse","floor":1,"turns":3},{"damage":1,"enemies":"Cultist","floor":4,"turns":3},{"damage":13,"enemies":"Jaw Worm","floor":5,"turns":5},{"damage":61,"enemies":"Lagavulin","floor":6,"turns":8},{"damage":10,"enemies":"Blue Slaver","floor":7,"turns":6},{"damage":7,"enemies":"Exordium Wildlife","floor":10,"turns":4},{"damage":11,"enemies":"Gremlin Nob","floor":11,"turns":4},{"damage":13,"enemies":"Lots of Slimes","floor":13,"turns":2},{"damage":19,"enemies":"Large Slime","floor":14,"turns":5},{"damage":22,"enemies":"Slime Boss","floor":16,"turns":9},{"damage":16,"enemies":"Chosen","floor":18,"turns":3},{"damage":1,"enemies":"3 Byrds","floor":19,"turns":3},{"damage":68,"enemies":"Sentry and Sphere","floor":28,"turns":7},{"damage":41,"enemies":"Cultist and Chosen","floor":29,"turns":5}],"event_choices":[{"event_name":"Bonfire Elementals","player_choice":"BASIC","floor":2,"damage_taken":0},{"event_name":"Living Wall","player_choice":"Forget","floor":3,"damage_taken":0},{"event_name":"Ghosts","player_choice":"Ignored","floor":22,"damage_taken":0},{"event_name":"Forgotten Altar","player_choice":"Shed Blood","floor":25,"damage_taken":0}],"boss_relics":[{"not_picked":["Black Blood","Pandora\u0027s Box"],"picked":"Calling Bell"}],"potions_floor_spawned":[1,10,14,16,18,19],"seed_played":"-4761519174472902689","killed_by":"Cultist and Chosen","ascension_level":6,"is_trial":false}