{"gold_per_floor":[365,365,382,394,410,410,422,422,422,438,438,453,488,502,502,597,647,662,662],"floor_reached":19,"playtime":726,"items_purged":[],"score":251,"play_id":"9b9b0f66-32ce-4908-9a41-c300ece9e822","local_time":"20180929155624","is_ascension_mode":true,"campfire_choices":[{"data":"Barricade","floor":6,"key":"SMITH"},{"data":"Flex","floor":8,"key":"SMITH"},{"data":"Cleave","floor":11,"key":"SMITH"},{"floor":15,"key":"REST"}],"neow_cost":"TEN_PERCENT_HP_LOSS","seed_source_timestamp":714736888820117,"circlet_count":0,"master_deck":["Strike_R","Strike_R","Strike_R","Strike_R","Strike_R","Defend_R","Defend_R","Defend_R","Defend_R","Bash","Bloodletting+1","Cleave+1","Barricade+1","Flex+1","Whirlwind","Impervious","Offering+1","Flame Barrier"],"relics":["Burning Blood","Shuriken","Meat on the Bone","Tiny House"],"potions_floor_usage":[5,7,14,16,18,19],"damage_taken":[{"damage":6,"enemies":"Cultist","floor":1,"turns":3},{"damage":5,"enemies":"Small Slimes","floor":3,"turns":3},{"damage":19,"enemies":"Jaw Worm","floor":4,"turns":3},{"damage":3,"enemies":"Exordium Wildlife","floor":5,"turns":2},{"damage":18,"enemies":"Lots of Slimes","floor":7,"turns":3},{"damage":16,"enemies":"Blue Slaver","floor":10,"turns":3},{"damage":7,"enemies":"2 Fungi Beasts","floor":12,"turns":2},{"damage":18,"enemies":"Lagavulin","floor":13,"turns":6},{"damage":19,"enemies":"Large Slime","floor":14,"turns":5},{"damage":41,"enemies":"Slime Boss","floor":16,"turns":8},{"damage":46,"enemies":"Spheric Guardian","floor":18,"turns":6},{"damage":40,"enemies":"Shell Parasite","floor":19,"turns":6}],"seed_played":"-3276195568075944322","potions_obtained":[{"floor":1,"key":"Poison Potion"},{"floor":3,"key":"FearPotion"},{"floor":13,"key":"FearPotion"},{"floor":14,"key":"LiquidBronze"},{"floor":17,"key":"SneckoOil"},{"floor":18,"key":"Explosive Potion"}],"is_trial":false,"path_per_floor":["M","?","M","M","M","R","M","R","T","M","R","M","E","M","R","B",null,"M"],"character_chosen":"IRONCLAD","items_purchased":[],"campfire_rested":1,"item_purchase_floors":[],"current_hp_per_floor":[72,72,72,59,62,62,50,50,50,40,40,39,27,26,47,24,65,37,0],"gold":662,"neow_bonus":"TWO_FIFTY_GOLD","is_prod":false,"is_daily":false,"chose_seed":false,"campfire_upgraded":3,"win_rate":0,"timestamp":1538225784,"path_taken":["M","?","?","M","M","R","M","R","T","?","R","M","E","M","R","BOSS","M","?"],"build_version":"2018-09-27","purchased_purges":0,"victory":false,"max_hp_per_floor":[72,72,72,72,72,72,72,72,72,72,72,72,72,72,72,72,77,77,77],"card_choices":[{"not_picked":["Dual Wield","Battle Trance"],"picked":"Bloodletting","floor":1},{"not_picked":["Havoc","Clash","Perfected Strike"],"picked":"SKIP","floor":3},{"not_picked":["Fire Breathing","Sever Soul"],"picked":"Cleave","floor":4},{"not_picked":["Flex","Headbutt"],"picked":"Barricade","floor":5},{"not_picked":["Body Slam","Cleave"],"picked":"Flex","floor":7},{"not_picked":["Clash","Wild Strike","Clothesline"],"picked":"SKIP","floor":10},{"not_picked":["Bloodletting","Perfected Strike"],"picked":"Whirlwind","floor":12},{"not_picked":["Heavy Blade","Clothesline","Havoc"],"picked":"SKIP","floor":13},{"not_picked":["Armaments","Twin Strike"],"picked":"Impervious","floor":14},{"not_picked":["Brutality","Impervious"],"picked":"Offering","floor":16},{"not_picked":["Warcry","Fire Breathing"],"picked":"Flame Barrier","floor":17},{"not_picked":["Wild Strike","Warcry","Pommel Strike"],"picked":"SKIP","floor":18}],"player_experience":395318,"relics_obtained":[{"floor":9,"key":"Shuriken"},{"floor":13,"key":"Meat on the Bone"}],"event_choices":[{"event_name":"Upgrade Shrine","player_choice":"Upgraded","floor":2,"damage_taken":0}],"is_beta":false,"boss_relics":[{"not_picked":["Lizard Tail","Eternal Feather"],"picked":"Tiny House"}],"items_purged_floors":[],"is_endless":false,"potions_floor_spawned":[1,3,13,14,18],"killed_by":"Shell Parasite","ascension_level":9}