{"gold_per_floor":[117,117,117,42,56,56,5,31,109,125,125,160,160,160,160,255,305,320,30,30,46,66,66,66],"floor_reached":24,"playtime":5342,"items_purged":["Strike_R"],"score":222,"play_id":"8bf7a4d3-ee3d-4d87-ba5d-f35a686ab4a9","local_time":"20190706121537","is_ascension_mode":true,"campfire_choices":[{"data":"True Grit","floor":6,"key":"SMITH"},{"data":"Cleave","floor":11,"key":"SMITH"},{"data":"Double Tap","floor":15,"key":"SMITH"},{"floor":23,"key":"REST"}],"neow_cost":"NONE","seed_source_timestamp":755763764373684,"circlet_count":0,"master_deck":["Strike_R","Strike_R","Strike_R","Defend_R","Defend_R","Defend_R","Defend_R","Bash+1","Rampage+1","True Grit+1","Cleave+1","Double Tap+1","Shrug It Off","Parasite","Demon Form","Seeing Red","Cleave+1","True Grit"],"relics":["Burning Blood","Dodecahedron","Matryoshka","Orichalcum","Tiny House","Self Forming Clay"],"potions_floor_usage":[8,16,16,16,22,22,24],"damage_taken":[{"damage":10,"enemies":"2 Louse","floor":1,"turns":2},{"damage":7,"enemies":"Jaw Worm","floor":5,"turns":3},{"damage":27,"enemies":"Gremlin Nob","floor":8,"turns":4},{"damage":7,"enemies":"Small Slimes","floor":10,"turns":3},{"damage":18,"enemies":"3 Sentries","floor":12,"turns":4},{"damage":52,"enemies":"Slime Boss","floor":16,"turns":9},{"damage":27,"enemies":"Chosen","floor":18,"turns":5},{"damage":35,"enemies":"2 Thieves","floor":21,"turns":4},{"damage":34,"enemies":"Centurion and Healer","floor":22,"turns":8},{"damage":54,"enemies":"Gremlin Leader","floor":24,"turns":4}],"seed_played":"-8537665959518926886","potions_obtained":[{"floor":1,"key":"SkillPotion"},{"floor":10,"key":"SteroidPotion"},{"floor":12,"key":"SpeedPotion"},{"floor":17,"key":"BloodPotion"},{"floor":18,"key":"Strength Potion"},{"floor":22,"key":"SpeedPotion"}],"is_trial":false,"path_per_floor":["M","?","?","$","M","R","$","E","T","M","R","E","?","?","R","B",null,"M","$","?","M","M","R","E"],"character_chosen":"IRONCLAD","items_purchased":["Fire Potion","Self Forming Clay","Explosive Potion"],"campfire_rested":1,"item_purchase_floors":[7,19,19],"current_hp_per_floor":[76,76,76,76,75,75,75,54,54,53,53,41,41,61,61,15,85,64,64,64,35,28,53,0],"gold":66,"neow_bonus":"UPGRADE_CARD","is_prod":false,"is_daily":false,"chose_seed":false,"campfire_upgraded":3,"win_rate":0,"timestamp":1562433337,"path_taken":["M","?","?","?","M","R","$","E","T","?","R","E","?","?","R","BOSS","M","$","?","M","M","R","E"],"build_version":"2019-07-05","purchased_purges":1,"victory":false,"max_hp_per_floor":[80,80,80,80,80,80,80,80,80,80,80,80,80,80,80,80,85,85,85,85,85,85,85,85],"card_choices":[{"not_picked":["Sever Soul","Havoc"],"picked":"Rampage","floor":1},{"not_picked":["Havoc","Intimidate"],"picked":"True Grit","floor":5},{"not_picked":["Perfected Strike","Entrench"],"picked":"Cleave","floor":8},{"not_picked":["Twin Strike","Rage"],"picked":"Double Tap","floor":10},{"not_picked":["Havoc","Sword Boomerang"],"picked":"Shrug It Off","floor":12},{"not_picked":["Brutality","Exhume"],"picked":"Demon Form","floor":16},{"not_picked":["Twin Strike","Armaments"],"picked":"Seeing Red","floor":17},{"not_picked":["Armaments","Barricade"],"picked":"Cleave+1","floor":18},{"not_picked":["Warcry","Rupture"],"picked":"True Grit","floor":21},{"not_picked":["Headbutt","Metallicize","Thunderclap"],"picked":"SKIP","floor":22}],"player_experience":308532,"relics_obtained":[{"floor":8,"key":"Dodecahedron"},{"floor":9,"key":"Matryoshka"},{"floor":12,"key":"Orichalcum"}],"event_choices":[{"damage_healed":0,"gold_gain":0,"player_choice":"Ignored","damage_taken":0,"max_hp_gain":0,"max_hp_loss":0,"event_name":"Shining Light","floor":2,"gold_loss":0},{"damage_healed":0,"gold_gain":0,"player_choice":"Ignored","damage_taken":0,"max_hp_gain":0,"max_hp_loss":0,"event_name":"Golden Idol","floor":3,"gold_loss":0},{"cards_removed":["Strike_R"],"damage_healed":0,"gold_gain":0,"player_choice":"Forget","damage_taken":0,"max_hp_gain":0,"max_hp_loss":0,"event_name":"Living Wall","floor":13,"gold_loss":0},{"damage_healed":20,"gold_gain":0,"player_choice":"Healed and dodged fight","damage_taken":0,"max_hp_gain":0,"max_hp_loss":0,"event_name":"Mushrooms","floor":14,"gold_loss":0,"cards_obtained":["Parasite"]},{"damage_healed":0,"gold_gain":0,"player_choice":"Ignored","damage_taken":0,"max_hp_gain":0,"max_hp_loss":0,"event_name":"Ghosts","floor":20,"gold_loss":0}],"is_beta":false,"boss_relics":[{"not_picked":["White Beast Statue","Runic Dome"],"picked":"Tiny House"}],"items_purged_floors":[4],"is_endless":false,"potions_floor_spawned":[1,10,12,18,22],"killed_by":"Gremlin Leader","ascension_level":2}