{"path_per_floor":["M","M","?","?","?","R","E","R","T","E","R","$","R","M","R","B",null,"M","?","?","T","$","R","E","M","T","?","M","M","M","E","R","B",null,"M","?","M","?","M","E","R","M","T","R","E","M","R","?","R"],"character_chosen":"IRONCLAD","items_purchased":[],"gold_per_floor":[20,30,30,30,30,30,65,65,65,139,139,64,64,78,78,199,199,223,223,223,249,149,149,181,195,220,135,146,162,182,216,216,311,311,321,321,336,336,346,381,381,394,444,444,472,486,486,486,486,486],"floor_reached":50,"campfire_rested":3,"playtime":1730,"current_hp_per_floor":[80,79,79,79,59,59,39,39,39,16,16,16,40,43,67,32,80,48,48,48,53,53,53,34,41,46,46,53,60,67,74,74,25,77,57,47,58,58,69,77,77,77,77,77,58,41,41,41,77,0],"items_purged":["Defend_R","Parasite"],"gold":486,"score":683,"play_id":"e56f1456-eb6b-4f91-bc41-8bad175640da","local_time":"20180330120050","is_prod":false,"is_daily":false,"is_ascension_mode":true,"campfire_upgraded":2,"timestamp":1522400450,"path_taken":["M","?","?","?","?","R","E","R","T","E","R","$","R","M","R","BOSS","M","?","?","?","$","R","E","M","T","?","M","M","?","E","R","BOSS","M","?","M","?","M","E","R","M","T","R","E","?","R","?","R","BOSS"],"build_version":"2018-03-29v2","purchased_purges":2,"victory":false,"master_deck":["Strike_R","Strike_R","Strike_R","Strike_R","Strike_R","Defend_R","Defend_R","Bash","Inflame+1","Thunderclap+1","Ghostly Armor","Flex","Offering","Seeing Red","Heavy Blade+1","Flex","Double Tap","Madness","Master of Strategy","Jack Of All Trades","Flex+1","Pummel+1","Rampage+1","Seeing Red"],"max_hp_per_floor":[80,80,80,80,80,80,80,80,80,80,80,80,80,80,80,80,80,80,80,80,80,77,77,77,77,77,77,77,77,77,77,77,77,77,77,77,77,77,77,77,77,77,77,77,77,77,77,77,77,77],"relics":["Black Blood","Charon\u0027s Ashes","Bag of Preparation","Bloody Idol","Toolbox","Peace Pipe","Tiny Chest","Calling Bell","Pen Nib","Lantern","Gambling Chip","Bronze Scales","Ginger","Omamori","Shovel","Bottled Flame","Anchor","Blood Vial","Calipers","Regal Pillow","Pantograph","Bag of Marbles"],"card_choices":[{"not_picked":["Hemokinesis","Searing Blow"],"picked":"Inflame","floor":1},{"not_picked":["Heavy Blade","Sword Boomerang"],"picked":"Thunderclap","floor":7},{"not_picked":["Anger","Warcry"],"picked":"Ghostly Armor","floor":10},{"not_picked":["Body Slam","Second Wind"],"picked":"Flex","floor":14},{"not_picked":["Dark Embrace","Impervious"],"picked":"Offering","floor":16},{"not_picked":["Thunderclap","Body Slam"],"picked":"Heavy Blade","floor":24},{"not_picked":["Sever Soul","Evolve"],"picked":"Flex","floor":29},{"not_picked":["Impervious","Barricade"],"picked":"Double Tap","floor":33},{"not_picked":["Dark Shackles","Purity"],"picked":"Madness","floor":36},{"not_picked":["Madness","Thinking Ahead"],"picked":"Master of Strategy","floor":36},{"not_picked":["Mind Blast","Dark Shackles"],"picked":"Jack Of All Trades","floor":36},{"not_picked":["Searing Blow","Armaments"],"picked":"Flex","floor":37},{"not_picked":["Sword Boomerang","Armaments"],"picked":"Pummel","floor":39},{"not_picked":["Armaments","Pommel Strike"],"picked":"Rampage","floor":40},{"not_picked":["Warcry","Anger"],"picked":"Seeing Red","floor":46}],"player_experience":148011,"potions_floor_usage":[7,10,16,31,31,31,40,45,46,50],"damage_taken":[{"damage":6,"enemies":"Cultist","floor":1,"turns":4},{"damage":7,"enemies":"Jaw Worm","floor":2,"turns":3},{"damage":26,"enemies":"Gremlin Nob","floor":7,"turns":4},{"damage":29,"enemies":"3 Sentries","floor":10,"turns":4},{"damage":3,"enemies":"2 Louse","floor":14,"turns":2},{"damage":56,"enemies":"The Guardian","floor":16,"turns":9},{"damage":38,"enemies":"2 Thieves","floor":18,"turns":4},{"damage":30,"enemies":"Slavers","floor":24,"turns":2},{"damage":4,"enemies":"Chosen","floor":25,"turns":2},{"damage":4,"enemies":"Snake Plant","floor":28,"turns":1},{"damage":4,"enemies":"Chosen and Byrds","floor":29,"turns":3},{"damage":4,"enemies":"Cultist and Chosen","floor":30,"turns":2},{"damage":4,"enemies":"Book of Stabbing","floor":31,"turns":1},{"damage":60,"enemies":"Collector","floor":33,"turns":6},{"damage":35,"enemies":"3 Shapes","floor":35,"turns":3},{"damage":4,"enemies":"3 Darklings","floor":37,"turns":3},{"damage":4,"enemies":"4 Shapes","floor":39,"turns":1},{"damage":4,"enemies":"Giant Head","floor":40,"turns":2},{"damage":11,"enemies":"Sphere and 2 Shapes","floor":42,"turns":2},{"damage":34,"enemies":"Nemesis","floor":45,"turns":3},{"damage":34,"enemies":"Maw","floor":46,"turns":3},{"damage":81,"enemies":"Time Eater","floor":50,"turns":6}],"event_choices":[{"event_name":"Big Fish","player_choice":"Box","floor":3,"damage_taken":0},{"event_name":"The Cleric","player_choice":"Leave","floor":4,"damage_taken":0},{"event_name":"Golden Idol","player_choice":"Take Damage","floor":5,"damage_taken":0},{"event_name":"Forgotten Altar","player_choice":"Gave Idol","floor":19,"damage_taken":0},{"event_name":"The Library","player_choice":"Read","floor":20,"damage_taken":0},{"event_name":"Addict","player_choice":"Obtained Relic","floor":27,"damage_taken":0},{"event_name":"SensoryStone","player_choice":"Memory 3","floor":36,"damage_taken":0},{"event_name":"Tomb of Lord Red Mask","player_choice":"Ignored","floor":38,"damage_taken":0},{"event_name":"Bonfire Elementals","player_choice":"BASIC","floor":48,"damage_taken":0}],"boss_relics":[{"not_picked":["Ectoplasm","Orrery"],"picked":"Calling Bell"},{"not_picked":["Pandora\u0027s Box","Velvet Choker"],"picked":"Black Blood"}],"potions_floor_spawned":[1,2,14,25,28,29,37,39,42,45],"seed_played":"-3467381002650752997","killed_by":"Time Eater","ascension_level":2,"is_trial":false}