{"path_per_floor":["M","?","M","?","M","E","M","?","T","?","E","R","$","?","R","B",null,"M","?","?","M","?","R","E","M","T","?","R","$","R","?","R"],"character_chosen":"IRONCLAD","items_purchased":["Anchor","Toolbox","Regen Potion"],"gold_per_floor":[109,109,123,123,133,161,177,427,427,602,631,631,148,148,148,246,246,257,257,172,188,188,188,221,240,240,240,240,91,91,91,91],"floor_reached":33,"campfire_rested":3,"playtime":1674,"current_hp_per_floor":[80,64,69,69,66,56,47,47,47,47,19,45,45,45,71,25,87,87,60,60,58,58,58,21,32,32,32,32,32,32,22,41],"items_purged":["Regret","Regret"],"gold":91,"score":295,"play_id":"4a846f59-9ac6-4527-a269-f7efb60c9093","local_time":"20180319214206","is_prod":false,"is_daily":false,"is_ascension_mode":false,"campfire_upgraded":3,"timestamp":1521488526,"path_taken":["M","?","M","?","M","E","M","?","T","?","E","R","$","?","R","BOSS","M","?","?","M","?","R","E","M","T","?","R","$","R","?","R","BOSS"],"build_version":"2018-03-15v3","purchased_purges":2,"victory":false,"master_deck":["Bash+1","Pommel Strike","Shockwave+1","Cleave","Combust","Demon Form","Doubt","Reaper+1","Anger","Impervious","Uppercut","Disarm","Rampage","Carnage","Pummel","Clothesline","Infernal Blade+1","Flex","Wild Strike","Thunderclap","Bite","Bite","Bite","Bite","Bite","Second Wind+1","Anger+1","Twin Strike+1","Dropkick"],"max_hp_per_floor":[80,80,80,80,80,87,87,87,87,87,87,87,87,87,87,87,87,87,60,60,60,60,60,60,60,60,60,60,60,60,65,65],"relics":["Burning Blood","Juzu Bracelet","Charon\u0027s Ashes","Strawberry","Unceasing Top","Omamori","Anchor","Toolbox","Dream Catcher","Pandora\u0027s Box","Bronze Scales","Mercury Hourglass","Paper Frog","Ornamental Fan"],"card_choices":[{"not_picked":["Perfected Strike","Iron Wave"],"picked":"Pommel Strike"},{"not_picked":["Anger","Combust"],"picked":"Shockwave"},{"not_picked":["Body Slam","Feel No Pain"],"picked":"Cleave"},{"not_picked":["Carnage","Iron Wave"],"picked":"Combust"},{"not_picked":["Flex","Evolve"],"picked":"Demon Form"},{"not_picked":["Clothesline","True Grit"],"picked":"Reaper"},{"not_picked":["Sever Soul","Clothesline"],"picked":"Anger"},{"not_picked":["Demon Form","Berserk"],"picked":"Impervious"},{"not_picked":["Hemokinesis","Headbutt"],"picked":"Thunderclap"},{"not_picked":["Clothesline","Sword Boomerang"],"picked":"Second Wind"},{"not_picked":["Body Slam","Flex"],"picked":"Anger"},{"not_picked":["Armaments","Rupture"],"picked":"Twin Strike"},{"not_picked":["Twin Strike","Headbutt"],"picked":"Dropkick"}],"player_experience":105090,"potions_floor_usage":[11,16,24,25,33],"damage_taken":[{"damage":0,"enemies":"Small Slimes","floor":1,"turns":4},{"damage":1,"enemies":"Cultist","floor":3,"turns":4},{"damage":9,"enemies":"Jaw Worm","floor":5,"turns":4},{"damage":23,"enemies":"Gremlin Nob","floor":6,"turns":4},{"damage":15,"enemies":"3 Louse","floor":7,"turns":3},{"damage":34,"enemies":"3 Sentries","floor":11,"turns":5},{"damage":67,"enemies":"Hexaghost","floor":16,"turns":9},{"damage":11,"enemies":"3 Byrds","floor":18,"turns":4},{"damage":10,"enemies":"Chosen","floor":21,"turns":3},{"damage":49,"enemies":"Slavers","floor":24,"turns":5},{"damage":11,"enemies":"Snecko","floor":25,"turns":4},{"damage":74,"enemies":"Collector","floor":33,"turns":7}],"event_choices":[{"event_name":"Shining Light","player_choice":"Entered Light","floor":2,"damage_taken":0},{"event_name":"Big Fish","player_choice":"Box","floor":4,"damage_taken":0},{"event_name":"Golden Shrine","player_choice":"Desecrate","floor":8,"damage_taken":0},{"event_name":"Liars Game","player_choice":"agreed","floor":10,"damage_taken":0},{"event_name":"Accursed Blacksmith","player_choice":"Rummage","floor":14,"damage_taken":0},{"event_name":"Vampires","player_choice":"Became a vampire","floor":19,"damage_taken":0},{"event_name":"Addict","player_choice":"Obtained Relic","floor":20,"damage_taken":0},{"event_name":"Drug Dealer","player_choice":"Ignored","floor":22,"damage_taken":0},{"event_name":"The Mausoleum","player_choice":"Yes","floor":27,"damage_taken":0},{"event_name":"Forgotten Altar","player_choice":"Shed Blood","floor":31,"damage_taken":0}],"boss_relics":[{"not_picked":["Eternal Feather","Black Blood"],"picked":"Pandora\u0027s Box"}],"potions_floor_spawned":[6,11,21,24],"seed_played":"-8844634564358729627","killed_by":"Collector","ascension_level":0,"is_trial":false}