{"gold_per_floor":[109,109,122,72,91,126,126,126,126,153,9,28,42,58,58,58],"floor_reached":16,"playtime":644,"items_purged":[],"score":134,"play_id":"bcce3a83-94d4-4f1d-bc0c-5e5d3a1ce114","local_time":"20180829104527","is_ascension_mode":true,"campfire_choices":[{"floor":15,"key":"REST"}],"neow_cost":"","seed_source_timestamp":187251410350154,"circlet_count":0,"master_deck":["Strike_B","Strike_B","Strike_B","Defend_B","Defend_B","Defend_B+1","Zap","Dualcast","Chaos+1","Doom and Gloom","Sweeping Beam","Scrape","Loop"],"relics":["Cracked Core","Sundial","Symbiotic Virus","Ancient Tea Set","Orichalcum"],"potions_floor_usage":[6,13,13,16,16],"damage_taken":[{"damage":2,"enemies":"Small Slimes","floor":1,"turns":3},{"damage":4,"enemies":"Jaw Worm","floor":3,"turns":4},{"damage":1,"enemies":"Cultist","floor":5,"turns":3},{"damage":12,"enemies":"Gremlin Nob","floor":6,"turns":4},{"damage":10,"enemies":"3 Sentries","floor":10,"turns":4},{"damage":2,"enemies":"Lots of Slimes","floor":12,"turns":2},{"damage":0,"enemies":"3 Louse","floor":13,"turns":2},{"damage":3,"enemies":"Looter","floor":14,"turns":2},{"damage":42,"enemies":"The Guardian","floor":16,"turns":8}],"seed_played":"2363158228978756801","potions_obtained":[{"floor":5,"key":"Weak Potion"},{"floor":10,"key":"Fire Potion"},{"floor":12,"key":"EntropicBrew"}],"is_trial":false,"path_per_floor":["M","?","M","?","M","E","?","?","T","E","$","M","M","M","R"],"character_chosen":"DEFECT","items_purchased":["Orichalcum"],"campfire_rested":1,"item_purchase_floors":[11],"current_hp_per_floor":[73,66,62,62,61,49,49,34,34,24,24,22,22,19,41,0],"gold":58,"neow_bonus":"","is_prod":false,"is_daily":false,"chose_seed":false,"campfire_upgraded":0,"win_rate":0,"timestamp":1535528727,"path_taken":["M","?","M","?","M","E","?","?","T","E","$","M","M","M","R","BOSS"],"build_version":"2018-08-23v2","purchased_purges":0,"victory":false,"max_hp_per_floor":[75,75,75,75,75,75,75,75,75,75,75,75,75,75,75,75],"card_choices":[{"not_picked":["Turbo","Cold Snap"],"picked":"Chaos","floor":1},{"not_picked":["Aggregate","Redo"],"picked":"Doom and Gloom","floor":3},{"not_picked":["Turbo","Coolheaded"],"picked":"Sweeping Beam","floor":5},{"not_picked":["Fusion","Coolheaded","All For One"],"picked":"SKIP","floor":6},{"not_picked":["Compile Driver","Coolheaded","Auto Shields"],"picked":"SKIP","floor":10},{"not_picked":["Leap","Rebound"],"picked":"Loop","floor":12},{"not_picked":["Coolheaded","Sweeping Beam","Steam Power"],"picked":"SKIP","floor":13},{"not_picked":["All For One","Barrage","Rebound"],"picked":"SKIP","floor":14}],"player_experience":348755,"relics_obtained":[{"floor":6,"key":"Sundial"},{"floor":9,"key":"Symbiotic Virus"},{"floor":10,"key":"Ancient Tea Set"}],"event_choices":[{"event_name":"Golden Wing","player_choice":"Card Removal","floor":2,"damage_taken":0},{"event_name":"The Cleric","player_choice":"Card Removal","floor":4,"damage_taken":0},{"event_name":"Match and Keep!","player_choice":"1 cards matched","floor":7,"damage_taken":0},{"event_name":"Shining Light","player_choice":"Entered Light","floor":8,"damage_taken":0}],"is_beta":false,"boss_relics":[],"items_purged_floors":[],"is_endless":false,"potions_floor_spawned":[5,10,12],"killed_by":"The Guardian","ascension_level":4}