{"gold_per_floor":[119,119,44,62,62,93,16,16,16,16,35,48,10,88,88,88],"floor_reached":16,"playtime":547,"items_purged":["Strike_B"],"score":160,"play_id":"eb795f7b-1720-413d-abb4-325a3a585286","local_time":"20190410120624","is_ascension_mode":true,"campfire_choices":[{"floor":10,"key":"RECALL"},{"floor":15,"key":"REST"}],"neow_cost":"NONE","seed_source_timestamp":15692231595600,"circlet_count":0,"master_deck":["Strike_B","Strike_B","Strike_B","Defend_B","Defend_B","Defend_B","Zap","Dualcast","Conserve Battery","Reinforced Body","Sunder","Doom and Gloom","Regret","Barrage","Go for the Eyes","Tempest"],"relics":["Cracked Core","NeowsBlessing","Orichalcum","Gremlin Horn","Pocketwatch","Shuriken"],"potions_floor_usage":[11,12,16],"damage_taken":[{"damage":0,"enemies":"Jaw Worm","floor":1,"turns":1},{"damage":0,"enemies":"Small Slimes","floor":4,"turns":1},{"damage":0,"enemies":"Lagavulin","floor":6,"turns":1},{"damage":3,"enemies":"2 Louse","floor":11,"turns":3},{"damage":18,"enemies":"Large Slime","floor":12,"turns":3},{"damage":62,"enemies":"Hexaghost","floor":16,"turns":11}],"seed_played":"1298157735975070136","potions_obtained":[{"floor":4,"key":"Regen Potion"},{"floor":11,"key":"SteroidPotion"},{"floor":12,"key":"Energy Potion"}],"is_trial":false,"path_per_floor":["M","?","$","M","?","E","$","?","T","R","M","M","$","T","R","B"],"character_chosen":"DEFECT","items_purchased":["Doom and Gloom","Tempest"],"campfire_rested":1,"item_purchase_floors":[7,13],"current_hp_per_floor":[68,56,56,56,49,49,49,49,49,49,55,37,37,37,59,0],"gold":88,"neow_bonus":"THREE_ENEMY_KILL","is_prod":false,"is_daily":false,"chose_seed":false,"campfire_upgraded":0,"win_rate":0,"timestamp":1554887184,"path_taken":["M","?","$","M","?","E","$","?","T","R","M","M","?","?","R","BOSS"],"build_version":"2019-01-23","purchased_purges":1,"victory":false,"max_hp_per_floor":[75,75,75,75,75,75,75,75,75,75,75,75,75,75,75,75],"card_choices":[{"not_picked":["Gash","Hologram"],"picked":"Conserve Battery","floor":1},{"not_picked":["Beam Cell","Aggregate"],"picked":"Reinforced Body","floor":4},{"not_picked":["Recycle","Blizzard"],"picked":"Sunder","floor":6},{"not_picked":["Streamline","Skim"],"picked":"Barrage","floor":11},{"not_picked":["Scrape","Redo"],"picked":"Go for the Eyes","floor":12}],"player_experience":532420,"relics_obtained":[{"floor":6,"key":"Gremlin Horn"},{"floor":14,"key":"Shuriken"}],"event_choices":[{"damage_healed":0,"gold_gain":0,"player_choice":"Success","damage_taken":12,"relics_obtained":["Orichalcum"],"max_hp_gain":0,"max_hp_loss":0,"event_name":"Scrap Ooze","floor":2,"gold_loss":0},{"cards_removed":["Defend_B"],"damage_healed":0,"gold_gain":0,"player_choice":"Card Removal","damage_taken":7,"max_hp_gain":0,"max_hp_loss":0,"event_name":"Golden Wing","floor":5,"gold_loss":0},{"damage_healed":0,"gold_gain":0,"player_choice":"Box","damage_taken":0,"relics_obtained":["Pocketwatch"],"max_hp_gain":0,"max_hp_loss":0,"event_name":"Big Fish","floor":8,"gold_loss":0,"cards_obtained":["Regret"]}],"is_beta":false,"boss_relics":[],"items_purged_floors":[3],"is_endless":false,"potions_floor_spawned":[4,11,12],"killed_by":"Hexaghost","ascension_level":6}