{"gold_per_floor":[13,188,207,237,29,29,29,29,54,54,71,19,37,49,49,49],"floor_reached":16,"playtime":484,"items_purged":[],"score":108,"play_id":"b3d78c40-923b-4bbe-943e-8e09cce25c6c","local_time":"20180805200916","is_ascension_mode":true,"campfire_choices":[{"data":"Go for the Eyes","floor":6,"key":"SMITH"},{"data":"Dualcast","floor":10,"key":"SMITH"},{"data":"White Noise","floor":15,"key":"SMITH"}],"neow_cost":"NO_GOLD","seed_source_timestamp":695986245810501,"circlet_count":0,"master_deck":["Strike_B","Strike_B","Strike_B","Strike_B","Defend_B","Defend_B","Defend_B","Defend_B","Zap","Dualcast+1","Go for the Eyes+1","Doubt","BootSequence","White Noise+1"],"relics":["Cracked Core","Incense Burner","Tiny Chest","Strange Spoon","Du-Vu Doll","Pen Nib"],"potions_floor_usage":[11,16],"damage_taken":[{"damage":1,"enemies":"Cultist","floor":1,"turns":3},{"damage":0,"enemies":"Small Slimes","floor":3,"turns":3},{"damage":0,"enemies":"2 Louse","floor":11,"turns":1},{"damage":1,"enemies":"Blue Slaver","floor":13,"turns":4},{"damage":1,"enemies":"Large Slime","floor":14,"turns":4},{"damage":74,"enemies":"Slime Boss","floor":16,"turns":8}],"seed_played":"-6858262091659763449","potions_obtained":[{"floor":1,"key":"FocusPotion"},{"floor":3,"key":"Strength Potion"}],"is_trial":false,"path_per_floor":["M","?","M","?","$","R","T","?","T","R","M","$","M","M","R"],"character_chosen":"DEFECT","items_purchased":["Strange Spoon","Poison Potion"],"campfire_rested":0,"item_purchase_floors":[5,12],"current_hp_per_floor":[74,74,74,74,74,74,74,74,74,74,74,74,73,72,72,0],"gold":49,"neow_bonus":"ONE_RARE_RELIC","is_prod":false,"is_daily":false,"chose_seed":false,"campfire_upgraded":3,"win_rate":0,"timestamp":1533488956,"path_taken":["M","?","?","?","$","R","?","?","T","R","M","$","?","M","R","BOSS"],"build_version":"2018-08-02","purchased_purges":0,"victory":false,"max_hp_per_floor":[75,75,75,75,75,75,75,75,75,75,75,75,75,75,75,75],"card_choices":[{"not_picked":["Redo","Self Repair"],"picked":"Go for the Eyes","floor":1},{"not_picked":["Leap","Compile Driver","Glacier"],"picked":"SKIP","floor":3},{"not_picked":["Stack","Skim"],"picked":"BootSequence","floor":11},{"not_picked":["Streamline","Static Discharge"],"picked":"White Noise","floor":13},{"not_picked":["Stack","Barrage","Redo"],"picked":"SKIP","floor":14}],"player_experience":331900,"relics_obtained":[{"floor":7,"key":"Du-Vu Doll"},{"floor":9,"key":"Pen Nib"}],"event_choices":[{"event_name":"Liars Game","player_choice":"agreed","floor":2,"damage_taken":0},{"event_name":"WeMeetAgain","player_choice":"Potion","floor":4,"damage_taken":0},{"event_name":"The Cleric","player_choice":"Leave","floor":8,"damage_taken":0}],"is_beta":false,"boss_relics":[],"items_purged_floors":[],"is_endless":false,"potions_floor_spawned":[1,3],"killed_by":"Slime Boss","ascension_level":4}