{"path_per_floor":["M","?","?","M","?","R","E","R","T","M","?","M","M","M","R","B",null,"M","?","M","M","?","R","E","?","T","R","T","?","M","$","R"],"character_chosen":"DEFECT","items_purchased":[],"gold_per_floor":[118,118,118,132,207,207,238,238,307,322,322,342,365,381,381,512,512,535,535,553,553,553,553,592,592,619,619,619,619,637,562,562,562],"floor_reached":33,"campfire_rested":6,"playtime":1295,"item_purchase_floors":[],"current_hp_per_floor":[66,66,48,48,37,59,31,55,55,50,50,44,19,15,39,27,80,62,46,20,19,19,43,3,29,29,53,53,53,53,53,77,0],"items_purged":["Strike_B"],"gold":562,"score":291,"play_id":"106d9227-bfb5-4bcf-aaee-675f9172a726","local_time":"20180616201604","is_prod":false,"is_daily":false,"chose_seed":false,"is_ascension_mode":true,"campfire_upgraded":0,"win_rate":0,"timestamp":1529169364,"campfire_choices":[{"floor":6,"key":"REST"},{"floor":8,"key":"REST"},{"floor":15,"key":"REST"},{"floor":23,"key":"REST"},{"floor":27,"key":"REST"},{"floor":32,"key":"REST"}],"path_taken":["M","?","?","M","?","R","E","R","T","?","?","M","M","?","R","BOSS","M","?","?","M","?","R","E","?","T","R","?","?","?","?","R","BOSS"],"build_version":"2018-06-14v2","seed_source_timestamp":133134154460131,"purchased_purges":1,"victory":false,"master_deck":["Strike_B","Strike_B","Strike_B","Defend_B","Defend_B","Defend_B","Defend_B","Zap","Dualcast","Sweeping Beam","Double Energy+1","Conserve Battery","Thunder Strike+1","Go for the Eyes+1","Gash+1","Cold Snap+1","All For One+1","Writhe","Parasite","Gash+1","Melter+1","Go for the Eyes+1"],"max_hp_per_floor":[75,75,75,75,75,75,80,80,80,80,80,80,80,80,80,80,80,80,80,80,80,80,80,80,80,80,80,80,80,80,80,80,80],"relics":["Cracked Core","Bag of Marbles","Golden Idol","Peace Pipe","Molten Egg 2","Calling Bell","Vajra","Shuriken","Bird Faced Urn","Nilry\u0027s Codex","Spirit Poop","Ginger","Bag of Preparation","Du-Vu Doll"],"card_choices":[{"not_picked":["Conserve Battery","Scrape"],"picked":"Sweeping Beam","floor":1},{"not_picked":["Barrage","Cold Snap"],"picked":"Double Energy","floor":4},{"not_picked":["Redo","Auto Shields"],"picked":"Conserve Battery","floor":7},{"not_picked":["Reinforced Body","Compile Driver+1"],"picked":"Thunder Strike+1","floor":10},{"not_picked":["Barrage+1","Heatsinks"],"picked":"Go for the Eyes+1","floor":12},{"not_picked":["Leap","Stack"],"picked":"Gash+1","floor":13},{"not_picked":["Recycle","Coolheaded"],"picked":"Cold Snap+1","floor":14},{"not_picked":["Fission","Multi-Cast"],"picked":"All For One+1","floor":16},{"not_picked":["Storm","Stack"],"picked":"Gash+1","floor":18},{"not_picked":["Coolheaded","Chaos"],"picked":"Melter+1","floor":20},{"not_picked":["Steam","Reinforced Body+1","Rebound+1"],"picked":"SKIP","floor":24},{"not_picked":["Hologram","Scrape+1"],"picked":"Go for the Eyes+1","floor":30}],"player_experience":267966,"potions_floor_usage":[7,14,16,16,21,33,33],"damage_taken":[{"damage":9,"enemies":"Jaw Worm","floor":1,"turns":3},{"damage":0,"enemies":"Cultist","floor":4,"turns":2},{"damage":33,"enemies":"3 Sentries","floor":7,"turns":7},{"damage":5,"enemies":"2 Louse","floor":10,"turns":3},{"damage":6,"enemies":"2 Fungi Beasts","floor":12,"turns":2},{"damage":25,"enemies":"Lots of Slimes","floor":13,"turns":4},{"damage":4,"enemies":"3 Louse","floor":14,"turns":3},{"damage":12,"enemies":"The Guardian","floor":16,"turns":10},{"damage":18,"enemies":"Spheric Guardian","floor":18,"turns":4},{"damage":26,"enemies":"2 Thieves","floor":20,"turns":3},{"damage":1,"enemies":"Centurion and Healer","floor":21,"turns":2},{"damage":40,"enemies":"Slavers","floor":24,"turns":6},{"damage":0,"enemies":"Sentry and Sphere","floor":30,"turns":2},{"damage":82,"enemies":"Automaton","floor":33,"turns":10}],"relics_obtained":[{"floor":7,"key":"Peace Pipe"},{"floor":9,"key":"Molten Egg 2"},{"floor":17,"key":"Vajra"},{"floor":17,"key":"Shuriken"},{"floor":17,"key":"Bird Faced Urn"},{"floor":19,"key":"Nilry\u0027s Codex"},{"floor":24,"key":"Ginger"},{"floor":26,"key":"Bag of Preparation"},{"floor":28,"key":"Du-Vu Doll"}],"event_choices":[{"event_name":"The Lab","player_choice":"Got Potions","floor":2,"damage_taken":0},{"event_name":"Golden Idol","player_choice":"Take Damage","floor":3,"damage_taken":0},{"event_name":"World of Goop","player_choice":"Gather Gold","floor":5,"damage_taken":0},{"event_name":"Living Wall","player_choice":"Grow","floor":11,"damage_taken":0},{"event_name":"Cursed Tome","player_choice":"Obtained Book","floor":19,"damage_taken":0},{"event_name":"Bonfire Elementals","player_choice":"CURSE","floor":22,"damage_taken":0},{"event_name":"The Library","player_choice":"Heal","floor":25,"damage_taken":0},{"event_name":"Ghosts","player_choice":"Ignored","floor":29,"damage_taken":0}],"boss_relics":[{"not_picked":["Empty Cage","Ectoplasm"],"picked":"Calling Bell"}],"items_purged_floors":[31],"is_endless":false,"potions_floor_spawned":[4,13,14,24,30],"seed_played":"7297803517825364695","killed_by":"Automaton","ascension_level":2,"potions_obtained":[{"floor":2,"key":"FocusPotion"},{"floor":2,"key":"FocusPotion"},{"floor":2,"key":"Ancient Potion"},{"floor":4,"key":"Fruit Juice"},{"floor":13,"key":"Block Potion"},{"floor":14,"key":"SmokeBomb"},{"floor":24,"key":"EssenceOfSteel"},{"floor":30,"key":"AttackPotion"}],"is_trial":false}