{"gold_per_floor":[118,118,131,142,161,187,187,187,187,217,217,244,258,268,268,268],"floor_reached":16,"playtime":1382,"items_purged":[],"score":112,"play_id":"07f64c16-16fa-4e96-a1fe-be820d6c9857","local_time":"20180718214837","is_ascension_mode":false,"campfire_choices":[{"floor":7,"key":"REST"},{"floor":11,"key":"REST"},{"floor":15,"key":"REST"}],"neow_cost":"NONE","seed_source_timestamp":0,"circlet_count":0,"master_deck":["Strike_R","Strike_R","Strike_R","Strike_R","Defend_R","Defend_R","Defend_R","Bash","Warcry","Dropkick","Dark Embrace","Thunderclap","Dark Embrace","Perfected Strike","Seeing Red","Pommel Strike"],"special_seed":17731,"relics":["Empty Cage","Lantern","Calipers","Kunai","Strawberry","Bottled Tornado"],"potions_floor_usage":[3,6,16],"damage_taken":[{"damage":7,"enemies":"2 Louse","floor":1,"turns":3},{"damage":8,"enemies":"Jaw Worm","floor":3,"turns":4},{"damage":0,"enemies":"Cultist","floor":4,"turns":3},{"damage":16,"enemies":"2 Fungi Beasts","floor":5,"turns":4},{"damage":34,"enemies":"3 Sentries","floor":6,"turns":7},{"damage":27,"enemies":"Gremlin Nob","floor":12,"turns":4},{"damage":17,"enemies":"Large Slime","floor":13,"turns":5},{"damage":40,"enemies":"Gremlin Gang","floor":14,"turns":4},{"damage":35,"enemies":"The Guardian","floor":16,"turns":8}],"seed_played":"-3692985004623791933","potions_obtained":[{"floor":1,"key":"Regen Potion"},{"floor":3,"key":"FairyPotion"},{"floor":5,"key":"Weak Potion"},{"floor":12,"key":"EssenceOfSteel"}],"is_trial":false,"path_per_floor":["M","?","M","M","M","E","R","?","T","?","R","E","M","M","R"],"character_chosen":"IRONCLAD","items_purchased":[],"campfire_rested":3,"item_purchase_floors":[],"current_hp_per_floor":[73,73,74,74,58,24,48,41,41,48,74,47,30,8,34,0],"gold":268,"neow_bonus":"BOSS_RELIC","is_prod":false,"is_daily":false,"chose_seed":false,"campfire_upgraded":0,"win_rate":0.0,"timestamp":1531968517,"path_taken":["M","?","M","M","?","E","R","?","T","?","R","E","M","M","R","BOSS"],"build_version":"2018-07-12","purchased_purges":0,"victory":false,"max_hp_per_floor":[80,80,80,80,80,80,80,80,80,87,87,87,87,87,87,87],"card_choices":[{"not_picked":["Flame Barrier","Second Wind"],"picked":"Warcry","floor":1},{"not_picked":["Armaments","Clash"],"picked":"Dropkick","floor":3},{"not_picked":["Flex","Clash"],"picked":"Dark Embrace","floor":4},{"not_picked":["Sword Boomerang","Second Wind"],"picked":"Thunderclap","floor":5},{"not_picked":["Clash","Rage"],"picked":"Dark Embrace","floor":6},{"not_picked":["Iron Wave","Sword Boomerang"],"picked":"Perfected Strike","floor":12},{"not_picked":["Anger","Shrug It Off"],"picked":"Seeing Red","floor":13},{"not_picked":["Sword Boomerang","Cleave"],"picked":"Pommel Strike","floor":14}],"player_experience":71943,"relics_obtained":[{"floor":6,"key":"Lantern"},{"floor":9,"key":"Kunai"},{"floor":12,"key":"Bottled Tornado"}],"event_choices":[{"event_name":"Shining Light","player_choice":"Ignored","floor":2,"damage_taken":0},{"event_name":"Scrap Ooze","player_choice":"success","floor":8,"damage_taken":7},{"event_name":"Dead Adventurer","player_choice":"Searched \u00272\u0027 times","floor":10,"damage_taken":0}],"boss_relics":[],"items_purged_floors":[],"is_endless":false,"potions_floor_spawned":[1,3,5,12],"killed_by":"The Guardian","ascension_level":0}