{"gold_per_floor":[118,138,138,149,166,199,199,124,196,196,225,243,262,262],"floor_reached":14,"playtime":632,"items_purged":["Strike_R"],"score":148,"play_id":"e38be174-c67c-41e9-8b21-96b66e756e09","local_time":"20180926175103","is_ascension_mode":true,"campfire_choices":[{"data":"Seeing Red","floor":7,"key":"SMITH"},{"data":"Pommel Strike","floor":10,"key":"SMITH"}],"neow_cost":"NONE","seed_source_timestamp":462514207592946,"circlet_count":0,"master_deck":["Strike_R","Strike_R","Strike_R","Strike_R","Defend_R","Defend_R","Defend_R","Bash","Ghostly Armor","Shrug It Off","Seeing Red+1","Disarm","Pommel Strike+1","Spot Weakness","Infernal Blade"],"relics":["Burning Blood","NeowsBlessing","Mango","Self Forming Clay","Omamori"],"potions_floor_usage":[5,6,11,13],"damage_taken":[{"damage":0,"enemies":"2 Louse","floor":1,"turns":1},{"damage":0,"enemies":"Cultist","floor":2,"turns":1},{"damage":0,"enemies":"Jaw Worm","floor":4,"turns":1},{"damage":8,"enemies":"Lots of Slimes","floor":5,"turns":3},{"damage":39,"enemies":"3 Sentries","floor":6,"turns":13},{"damage":23,"enemies":"Lagavulin","floor":11,"turns":7},{"damage":28,"enemies":"Exordium Wildlife","floor":12,"turns":8},{"damage":6,"enemies":"Red Slaver","floor":13,"turns":4},{"damage":21,"enemies":"Gremlin Gang","floor":14,"turns":3}],"seed_played":"8951197775303751430","potions_obtained":[{"floor":4,"key":"Explosive Potion"},{"floor":5,"key":"AttackPotion"},{"floor":6,"key":"PowerPotion"},{"floor":12,"key":"Strength Potion"}],"is_trial":false,"path_per_floor":["M","M","?","M","M","E","R","$","T","R","E","M","M"],"character_chosen":"IRONCLAD","items_purchased":[],"campfire_rested":0,"item_purchase_floors":[],"current_hp_per_floor":[78,80,80,80,78,59,59,59,59,59,42,20,20,0],"gold":262,"neow_bonus":"THREE_ENEMY_KILL","is_prod":false,"is_daily":false,"chose_seed":false,"campfire_upgraded":2,"win_rate":0,"timestamp":1537973463,"path_taken":["M","M","?","?","?","E","R","?","T","R","E","M","?","M"],"build_version":"2018-09-20","purchased_purges":1,"victory":false,"max_hp_per_floor":[80,80,80,80,80,94,94,94,94,94,94,94,94,94],"card_choices":[{"not_picked":["Perfected Strike","Wild Strike"],"picked":"Ghostly Armor","floor":1},{"not_picked":["Clash","Anger"],"picked":"Shrug It Off","floor":2},{"not_picked":["Thunderclap","Power Through"],"picked":"Seeing Red","floor":4},{"not_picked":["Shrug It Off","Searing Blow"],"picked":"Disarm","floor":5},{"not_picked":["Havoc","Body Slam"],"picked":"Pommel Strike","floor":6},{"not_picked":["Sword Boomerang","Heavy Blade"],"picked":"Spot Weakness","floor":11},{"not_picked":["Battle Trance","Clash","Carnage"],"picked":"SKIP","floor":12},{"not_picked":["Pommel Strike","Berserk"],"picked":"Infernal Blade","floor":13}],"player_experience":384219,"relics_obtained":[{"floor":6,"key":"Mango"},{"floor":9,"key":"Self Forming Clay"},{"floor":11,"key":"Omamori"}],"event_choices":[{"event_name":"Purifier","player_choice":"One Purge","floor":3,"damage_taken":0}],"is_beta":false,"boss_relics":[],"items_purged_floors":[8],"is_endless":false,"potions_floor_spawned":[4,5,6,12],"killed_by":"Gremlin Gang","ascension_level":9}