{"gold_per_floor":[414,433,55,71,146,171,271,289,289,289,307,324,324,342,342,342],"floor_reached":16,"playtime":542,"items_purged":[],"score":172,"play_id":"9d84335b-eccb-47fd-bf17-a03a801bd840","local_time":"20190404213140","is_ascension_mode":true,"campfire_choices":[{"floor":10,"key":"REST"},{"floor":15,"key":"REST"}],"neow_cost":"PERCENT_DAMAGE","seed_source_timestamp":48927491187600,"circlet_count":0,"master_deck":["AscendersBane","Strike_R","Strike_R","Strike_R","Strike_R","Defend_R","Defend_R","Defend_R","Defend_R","Bash","Uppercut","Dropkick","Inflame","Ghostly Armor","Cleave","Flame Barrier","Sword Boomerang"],"relics":["Burning Blood","Old Coin","Shovel","Blood Vial"],"potions_floor_usage":[6,6,11,16],"damage_taken":[{"damage":12,"enemies":"Small Slimes","floor":1,"turns":4},{"damage":1,"enemies":"Cultist","floor":2,"turns":3},{"damage":2,"enemies":"Jaw Worm","floor":4,"turns":3},{"damage":30,"enemies":"3 Sentries","floor":6,"turns":9},{"damage":14,"enemies":"3 Louse","floor":8,"turns":5},{"damage":7,"enemies":"Looter","floor":11,"turns":3},{"damage":4,"enemies":"Red Slaver","floor":12,"turns":3},{"damage":21,"enemies":"Large Slime","floor":14,"turns":6},{"damage":56,"enemies":"Slime Boss","floor":16,"turns":9}],"seed_played":"3281026783599368383","potions_obtained":[{"floor":1,"key":"Swift Potion"},{"floor":4,"key":"Fire Potion"},{"floor":8,"key":"FearPotion"},{"floor":14,"key":"SneckoOil"}],"is_trial":false,"path_per_floor":["M","M","$","M","?","E","?","M","T","R","M","M","?","M","R","B"],"character_chosen":"IRONCLAD","items_purchased":["Shovel","Inflame"],"campfire_rested":2,"item_purchase_floors":[3,3],"current_hp_per_floor":[45,50,50,54,43,19,19,13,13,37,38,42,42,29,53,0],"gold":342,"neow_bonus":"ONE_RARE_RELIC","is_prod":false,"is_daily":false,"chose_seed":false,"campfire_upgraded":0,"win_rate":0,"timestamp":1554402700,"path_taken":["M","M","$","M","?","E","?","M","T","R","?","M","?","?","R","BOSS"],"build_version":"2019-01-23","purchased_purges":0,"victory":false,"max_hp_per_floor":[80,80,80,80,80,80,80,80,80,80,80,80,80,80,80,80],"card_choices":[{"not_picked":["Body Slam","Flex"],"picked":"Uppercut","floor":1},{"not_picked":["Wild Strike","Sword Boomerang"],"picked":"Dropkick","floor":2},{"not_picked":["Body Slam","Blood for Blood","Perfected Strike"],"picked":"SKIP","floor":4},{"not_picked":["Bloodletting","Warcry"],"picked":"Ghostly Armor","floor":6},{"not_picked":["Wild Strike","Shockwave"],"picked":"Cleave","floor":8},{"not_picked":["Anger","True Grit","Rage"],"picked":"SKIP","floor":11},{"not_picked":["Clothesline","Cleave"],"picked":"Flame Barrier","floor":12},{"not_picked":["Body Slam","Reckless Charge"],"picked":"Sword Boomerang","floor":14}],"player_experience":524211,"relics_obtained":[{"floor":6,"key":"Blood Vial"}],"event_choices":[{"damage_healed":0,"gold_gain":75,"player_choice":"Gather Gold","damage_taken":11,"max_hp_gain":0,"max_hp_loss":0,"event_name":"World of Goop","floor":5,"gold_loss":0},{"damage_healed":0,"gold_gain":100,"player_choice":"Gold","damage_taken":0,"max_hp_gain":0,"max_hp_loss":0,"event_name":"Wheel of Change","floor":7,"gold_loss":0},{"cards_removed":["Strike_R"],"damage_healed":0,"gold_gain":0,"player_choice":"Purged","damage_taken":0,"max_hp_gain":0,"max_hp_loss":0,"event_name":"Purifier","floor":13,"gold_loss":0}],"is_beta":false,"boss_relics":[],"items_purged_floors":[],"is_endless":false,"potions_floor_spawned":[1,4,8,14],"killed_by":"Slime Boss","ascension_level":13}