{"gold_per_floor":[116,116,130,144,156,186,202,237,237,237,187,200,200,213,213,342,342,365,399,399,423,18,59,59,93,116,116],"floor_reached":27,"playtime":1123,"items_purged":["Defend_B"],"score":276,"play_id":"f33119cc-9506-4a18-9856-b98018511953","local_time":"20180909143132","is_ascension_mode":true,"campfire_choices":[{"floor":13,"key":"REST"},{"floor":15,"key":"REST"},{"floor":24,"key":"REST"}],"neow_cost":"CURSE","seed_source_timestamp":281408846867798,"circlet_count":0,"master_deck":["Strike_B","Strike_B","Strike_B","Strike_B","Defend_B","Defend_B","Defend_B","Zap","Dualcast","BootSequence","Darkness","Loop","Conserve Battery","Sweeping Beam","Conserve Battery+1","Hologram+1","BootSequence+1","Fission+1","Aggregate+1","Chill+1","Darkness+1","The Bomb+1","Reboot+1","Fission+1","Auto Shields+1","Decay"],"relics":["Cracked Core","Bird Faced Urn","Letter Opener","Toxic Egg 2","Pear","Golden Idol","Cursed Key","Red Mask","Juzu Bracelet","Prayer Wheel","Lantern"],"potions_floor_usage":[5,8,8,16,16,19,21],"damage_taken":[{"damage":1,"enemies":"2 Louse","floor":1,"turns":2},{"damage":17,"enemies":"Small Slimes","floor":3,"turns":4},{"damage":1,"enemies":"Jaw Worm","floor":4,"turns":3},{"damage":3,"enemies":"Red Slaver","floor":5,"turns":3},{"damage":31,"enemies":"Gremlin Nob","floor":6,"turns":5},{"damage":2,"enemies":"Blue Slaver","floor":7,"turns":3},{"damage":13,"enemies":"3 Sentries","floor":8,"turns":5},{"damage":4,"enemies":"2 Fungi Beasts","floor":12,"turns":3},{"damage":12,"enemies":"Exordium Thugs","floor":14,"turns":5},{"damage":6,"enemies":"Slime Boss","floor":16,"turns":6},{"damage":6,"enemies":"2 Thieves","floor":18,"turns":5},{"damage":42,"enemies":"Masked Bandits","floor":19,"turns":5},{"damage":11,"enemies":"Spheric Guardian","floor":21,"turns":4},{"damage":5,"enemies":"Slavers","floor":23,"turns":5},{"damage":41,"enemies":"Gremlin Leader","floor":25,"turns":8},{"damage":44,"enemies":"Book of Stabbing","floor":27,"turns":6}],"seed_played":"1290036377086731964","potions_obtained":[{"floor":1,"key":"SteroidPotion"},{"floor":6,"key":"Regen Potion"},{"floor":7,"key":"PowerPotion"},{"floor":8,"key":"Weak Potion"},{"floor":14,"key":"SneckoOil"},{"floor":18,"key":"GamblersBrew"},{"floor":19,"key":"EssenceOfSteel"}],"is_trial":false,"path_per_floor":["M","?","M","M","M","E","M","E","T","?","?","M","R","M","R","B",null,"M","?","?","M","$","E","R","E","T"],"character_chosen":"DEFECT","items_purchased":["The Bomb+1","Reboot+1"],"campfire_rested":3,"item_purchase_floors":[22,22],"current_hp_per_floor":[74,74,57,56,53,24,22,27,37,37,37,33,58,48,73,69,85,79,39,67,56,56,53,78,39,39,0],"gold":116,"neow_bonus":"ONE_RARE_RELIC","is_prod":false,"is_daily":false,"chose_seed":false,"campfire_upgraded":0,"win_rate":0,"timestamp":1536492692,"path_taken":["M","?","M","?","M","E","M","E","T","?","?","?","R","M","R","BOSS","M","?","?","M","?","E","R","E","T","E"],"build_version":"2018-09-06","purchased_purges":1,"victory":false,"max_hp_per_floor":[75,75,75,75,75,75,75,75,85,85,85,85,85,85,85,85,85,85,85,85,85,85,85,85,85,85,85],"card_choices":[{"not_picked":["Turbo","Barrage","Redo"],"picked":"SKIP","floor":1},{"not_picked":["Gash","Reprogram"],"picked":"BootSequence","floor":3},{"not_picked":["Barrage","Cold Snap"],"picked":"Darkness","floor":4},{"not_picked":["Storm","Sweeping Beam"],"picked":"Loop","floor":5},{"not_picked":["Leap","Barrage"],"picked":"Conserve Battery","floor":6},{"not_picked":["Hologram","Gash"],"picked":"Sweeping Beam","floor":7},{"not_picked":["Go for the Eyes","Scrape"],"picked":"Conserve Battery","floor":8},{"not_picked":["Skim+1","Streamline"],"picked":"Hologram+1","floor":12},{"not_picked":["Gash","Self Repair"],"picked":"BootSequence+1","floor":14},{"not_picked":["Meteor Strike","Amplify+1"],"picked":"Fission+1","floor":16},{"not_picked":["Conserve Battery+1","Recycle+1"],"picked":"Aggregate+1","floor":18},{"not_picked":["Compile Driver+1","Steam+1"],"picked":"Chill+1","floor":19},{"not_picked":["Redo+1","Blizzard"],"picked":"Darkness+1","floor":21},{"not_picked":["Conserve Battery+1","Auto Shields+1"],"picked":"Fission+1","floor":23},{"not_picked":["Beam Cell","Rebound"],"picked":"Auto Shields+1","floor":25}],"player_experience":360579,"relics_obtained":[{"floor":6,"key":"Letter Opener"},{"floor":8,"key":"Toxic Egg 2"},{"floor":9,"key":"Pear"},{"floor":19,"key":"Red Mask"},{"floor":23,"key":"Juzu Bracelet"},{"floor":25,"key":"Prayer Wheel"},{"floor":26,"key":"Lantern"}],"event_choices":[{"event_name":"Living Wall","player_choice":"Forget","floor":2,"damage_taken":0},{"event_name":"Golden Idol","player_choice":"Take Wound","floor":10,"damage_taken":0},{"event_name":"The Cleric","player_choice":"Card Removal","floor":11,"damage_taken":0},{"event_name":"Masked Bandits","player_choice":"Fought Bandits","floor":19,"damage_taken":0},{"event_name":"The Library","player_choice":"Heal","floor":20,"damage_taken":0}],"is_beta":false,"boss_relics":[{"not_picked":["Orrery","Inserter"],"picked":"Cursed Key"}],"items_purged_floors":[22],"is_endless":false,"potions_floor_spawned":[1,6,7,8,14,18,19],"killed_by":"Book of Stabbing","ascension_level":1}