{"gold_per_floor":[114,131,56,56,72,72,107,107,177,192,142,142,161,174,174,273,273,293,173,98,48,58,58,69,69,69,86,86,86,86,104,104,209,209,219,219,273,288,299,334,334,344,389,400,53,71,82,93,93,93,93,93,17,50,50],"floor_reached":55,"playtime":2438,"items_purged":["Strike_B","Strike_B","Defend_B","Strike_B","Defend_B"],"score":703,"play_id":"f7e1eaed-6d67-411a-bb1f-c90672e5692a","local_time":"20190714003342","is_ascension_mode":false,"campfire_choices":[{"data":"Zap","floor":6,"key":"SMITH"},{"data":"Dualcast","floor":12,"key":"SMITH"},{"floor":15,"key":"REST"},{"data":"Scrape","floor":23,"key":"SMITH"},{"data":"Reboot","floor":25,"key":"SMITH"},{"floor":28,"key":"RECALL"},{"data":"Reboot","floor":32,"key":"SMITH"},{"data":"Coolheaded","floor":41,"key":"SMITH"},{"data":"Beam Cell","floor":49,"key":"SMITH"},{"data":"Gash","floor":52,"key":"SMITH"}],"neow_cost":"NONE","seed_source_timestamp":209072159240546,"circlet_count":0,"master_deck":["Strike_B+1","Zap+1","Dualcast+1","Gash+1","Coolheaded+1","Gash","Gash","Reboot+1","Scrape+1","Gash","Reboot+1","BootSequence","Beam Cell+1","Coolheaded+1","Self Repair+1","Redo+1","Recycle+1","Scrape"],"relics":["FrozenCore","Happy Flower","Smiling Mask","GremlinMask","Question Card","Nuclear Battery","Gremlin Horn","Cables","StoneCalendar","Blood Vial","Nunchaku","Blue Candle"],"potions_floor_usage":[16,16,18,40,55,55,55],"damage_taken":[{"damage":5,"enemies":"2 Louse","floor":1,"turns":3},{"damage":1,"enemies":"Cultist","floor":2,"turns":3},{"damage":5,"enemies":"Small Slimes","floor":5,"turns":3},{"damage":17,"enemies":"Lagavulin","floor":7,"turns":6},{"damage":2,"enemies":"2 Fungi Beasts","floor":10,"turns":3},{"damage":3,"enemies":"Red Slaver","floor":13,"turns":4},{"damage":3,"enemies":"Exordium Thugs","floor":14,"turns":3},{"damage":12,"enemies":"Slime Boss","floor":16,"turns":8},{"damage":1,"enemies":"3 Byrds","floor":18,"turns":4},{"damage":15,"enemies":"2 Thieves","floor":22,"turns":2},{"damage":0,"enemies":"3 Cultists","floor":24,"turns":3},{"damage":0,"enemies":"Cultist and Chosen","floor":27,"turns":2},{"damage":0,"enemies":"Centurion and Healer","floor":31,"turns":1},{"damage":10,"enemies":"Champ","floor":33,"turns":3},{"damage":0,"enemies":"3 Shapes","floor":35,"turns":2},{"damage":4,"enemies":"2 Orb Walkers","floor":37,"turns":3},{"damage":3,"enemies":"3 Darklings","floor":38,"turns":2},{"damage":0,"enemies":"Sphere and 2 Shapes","floor":39,"turns":2},{"damage":27,"enemies":"Nemesis","floor":40,"turns":3},{"damage":14,"enemies":"Jaw Worm Horde","floor":42,"turns":3},{"damage":3,"enemies":"Maw","floor":44,"turns":4},{"damage":4,"enemies":"Sphere and 2 Shapes","floor":46,"turns":3},{"damage":0,"enemies":"Spire Growth","floor":47,"turns":2},{"damage":12,"enemies":"4 Shapes","floor":48,"turns":2},{"damage":40,"enemies":"Donu and Deca","floor":50,"turns":5},{"damage":37,"enemies":"Shield and Spear","floor":54,"turns":3},{"damage":50,"enemies":"The Heart","floor":55,"turns":3}],"seed_played":"-6379091851370490164","potions_obtained":[{"floor":2,"key":"Poison Potion"},{"floor":13,"key":"Swift Potion"},{"floor":14,"key":"Fire Potion"},{"floor":22,"key":"Ancient Potion"},{"floor":31,"key":"Energy Potion"},{"floor":33,"key":"Block Potion"},{"floor":39,"key":"SteroidPotion"},{"floor":42,"key":"Explosive Potion"}],"is_trial":false,"path_per_floor":["M","M","$","?","M","R","E","?","T","M","$","R","M","M","R","B",null,"M","$","?","$","M","R","M","R","T","M","R","?","?","M","R","B",null,"M","T","?","M","M","E","R","M","T","M","$","M","M","M","R","B",null,"R","$","E","B"],"character_chosen":"DEFECT","items_purchased":["Scrape","Nunchaku","Scrape"],"campfire_rested":1,"item_purchase_floors":[19,45,53],"current_hp_per_floor":[70,69,69,54,49,49,32,32,32,30,30,30,27,24,46,34,75,74,74,74,74,59,59,59,59,59,59,59,59,59,59,59,49,75,75,75,71,68,68,51,51,49,49,58,58,66,68,68,68,40,75,75,75,48,0],"gold":50,"neow_bonus":"RANDOM_COMMON_RELIC","is_prod":false,"is_daily":false,"chose_seed":false,"campfire_upgraded":8,"win_rate":0,"timestamp":1563057222,"path_taken":["M","M","$","?","M","R","E","?","T","M","$","R","M","?","R","BOSS","M","$","?","$","M","R","M","R","T","M","R","?","?","M","R","BOSS","M","?","?","M","M","E","R","M","T","M","$","M","M","?","R","BOSS","R","$","E","BOSS"],"build_version":"2019-07-05","purchased_purges":5,"victory":false,"max_hp_per_floor":[75,75,75,75,75,75,75,75,75,75,75,75,75,75,75,75,75,75,75,75,75,75,75,75,75,75,75,75,75,75,75,75,75,75,75,75,75,75,75,75,75,75,75,75,75,75,75,75,75,75,75,75,75,75,75],"card_choices":[{"not_picked":["Redo","Double Energy"],"picked":"Gash","floor":1},{"not_picked":["Leap","Steam"],"picked":"Coolheaded","floor":2},{"not_picked":["Rebound","Steam","Chaos"],"picked":"SKIP","floor":5},{"not_picked":["Streamline","Steam","Ball Lightning"],"picked":"SKIP","floor":7},{"not_picked":["Ball Lightning","Blizzard","Coolheaded"],"picked":"Gash","floor":10},{"not_picked":["Streamline","Cold Snap","Steam"],"picked":"Gash","floor":13},{"not_picked":["Darkness","Reinforced Body","Steam","Buffer"],"picked":"SKIP","floor":14},{"not_picked":["Core Surge","Creative AI","Meteor Strike"],"picked":"Reboot","floor":16},{"not_picked":["Capacitor","Steam Power","Conserve Battery","Storm"],"picked":"SKIP","floor":18},{"not_picked":["Cold Snap+1","Genetic Algorithm","Go for the Eyes"],"picked":"Gash","floor":22},{"not_picked":["Sweeping Beam","Streamline","Ball Lightning","Auto Shields+1"],"picked":"SKIP","floor":24},{"not_picked":["Undo","Streamline","Go for the Eyes","Ball Lightning"],"picked":"SKIP","floor":27},{"not_picked":["Chaos","Buffer","Beam Cell"],"picked":"BootSequence","floor":31},{"not_picked":["Cold Snap+1","Streamline+1","Turbo+1"],"picked":"Beam Cell","floor":35},{"not_picked":["Turbo+1","Lockon","Leap+1"],"picked":"Coolheaded","floor":37},{"not_picked":["Compile Driver","Barrage","Tempest","Cold Snap"],"picked":"SKIP","floor":38},{"not_picked":["Go for the Eyes+1","Beam Cell+1","Static Discharge+1"],"picked":"Self Repair+1","floor":39},{"not_picked":["Barrage+1","Gash","Redo","Force Field"],"picked":"SKIP","floor":40},{"not_picked":["Amplify","Stack","Rebound","Leap"],"picked":"SKIP","floor":42},{"not_picked":["Blizzard+1","Stack+1","Hologram"],"picked":"Redo+1","floor":44},{"not_picked":["Stack","Turbo","Self Repair","Sunder+1"],"picked":"SKIP","floor":46},{"not_picked":["Cold Snap","Steam Power","Ball Lightning+1"],"picked":"Recycle+1","floor":47},{"not_picked":["Barrage","Streamline","Darkness","Steam Power"],"picked":"SKIP","floor":48},{"not_picked":["Sunder","Amplify","Melter","Chaos"],"picked":"SKIP","floor":54}],"player_experience":120029,"relics_obtained":[{"floor":7,"key":"Smiling Mask"},{"floor":9,"key":"Question Card"},{"floor":26,"key":"Gremlin Horn"},{"floor":36,"key":"Cables"},{"floor":37,"key":"StoneCalendar"},{"floor":40,"key":"Blood Vial"},{"floor":54,"key":"Blue Candle"}],"event_choices":[{"damage_healed":0,"gold_gain":0,"player_choice":"Entered Light","damage_taken":15,"max_hp_gain":0,"max_hp_loss":0,"event_name":"Shining Light","floor":4,"gold_loss":0,"cards_upgraded":["Coolheaded","Strike_B"]},{"damage_healed":0,"gold_gain":0,"player_choice":"Trade","damage_taken":0,"relics_obtained":["GremlinMask"],"max_hp_gain":0,"max_hp_loss":0,"event_name":"FaceTrader","floor":8,"gold_loss":0},{"cards_removed":["Defend_B"],"damage_healed":0,"gold_gain":0,"player_choice":"Gave Gold","damage_taken":0,"max_hp_gain":0,"max_hp_loss":0,"event_name":"Beggar","floor":20,"gold_loss":75},{"damage_healed":0,"gold_gain":0,"player_choice":"Ignored","damage_taken":0,"max_hp_gain":0,"max_hp_loss":0,"event_name":"The Mausoleum","floor":29,"gold_loss":0},{"damage_healed":0,"gold_gain":0,"cards_transformed":["Defend_B"],"player_choice":"Transformed","damage_taken":0,"max_hp_gain":0,"max_hp_loss":0,"event_name":"Transmorgrifier","floor":30,"gold_loss":0,"cards_obtained":["Reboot"]},{"damage_healed":0,"gold_gain":0,"player_choice":"Fight","damage_taken":0,"max_hp_gain":0,"max_hp_loss":0,"event_name":"Mysterious Sphere","floor":37,"gold_loss":0}],"is_beta":false,"boss_relics":[{"not_picked":["Tiny House","Black Star"],"picked":"Nuclear Battery"},{"not_picked":["Velvet Choker","Eternal Feather"],"picked":"FrozenCore"}],"items_purged_floors":[3,11,19,21,45],"is_endless":false,"potions_floor_spawned":[2,13,14,22,31,33,39,42,46,47,54],"killed_by":"The Heart","ascension_level":0}