{"gold_per_floor":[118,118,15,15,32,32,66,66,66,95,107,107,107,123,123,226,226,245,261,360,360,373,373],"floor_reached":23,"playtime":1210,"items_purged":[],"score":283,"play_id":"7b0fb33b-ac6c-45cf-9443-1c1e423f42db","local_time":"20180624162405","is_ascension_mode":true,"campfire_choices":[{"data":"Zap","floor":6.0,"key":"SMITH"},{"data":"Go for the Eyes","floor":8.0,"key":"SMITH"},{"data":"Strike_B","floor":12.0,"key":"SMITH"},{"floor":15.0,"key":"REST"}],"neow_cost":"","seed_source_timestamp":0,"circlet_count":0,"master_deck":["Strike_B+1","Strike_B+1","Strike_B+1","Strike_B","Defend_B","Defend_B","Defend_B","Defend_B","Zap+1","Dualcast+1","Go for the Eyes+1","Genetic Algorithm","Rainbow","Pride","Doubt","Pain","FTL","Double Energy"],"special_seed":0,"relics":["Cracked Core","NeowsBlessing","Singing Bowl","Blue Candle","Mummified Hand","Whetstone","Calling Bell","Anchor","Cables","Mango"],"potions_floor_usage":[23],"damage_taken":[{"damage":0.0,"enemies":"2 Louse","floor":1.0,"turns":1.0},{"damage":0.0,"enemies":"Cultist","floor":5.0,"turns":1.0},{"damage":0.0,"enemies":"Lagavulin","floor":7.0,"turns":1.0},{"damage":27.0,"enemies":"Gremlin Nob","floor":10.0,"turns":4.0},{"damage":2.0,"enemies":"Small Slimes","floor":11.0,"turns":2.0},{"damage":3.0,"enemies":"Blue Slaver","floor":14.0,"turns":2.0},{"damage":59.0,"enemies":"Hexaghost","floor":16.0,"turns":11.0},{"damage":32.0,"enemies":"2 Thieves","floor":18.0,"turns":4.0},{"damage":10.0,"enemies":"Chosen","floor":19.0,"turns":5.0},{"damage":49,"enemies":"Snecko","floor":22,"turns":7},{"damage":18,"enemies":"Book of Stabbing","floor":23,"turns":3}],"seed_played":"-3836389711657493159","potions_obtained":[{"floor":7.0,"key":"GamblersBrew"},{"floor":11.0,"key":"PowerPotion"},{"floor":18.0,"key":"Strength Potion"},{"floor":22,"key":"GamblersBrew"}],"is_trial":false,"path_per_floor":["M","?","$","?","M","R","E","R","T","E","M","R","$","M","R","B",null,"M","M","?","?","M"],"character_chosen":"DEFECT","items_purchased":["Fruit Juice"],"campfire_rested":1,"item_purchase_floors":[],"current_hp_per_floor":[75,75,75,72,79,79,79,79,79,54,54,54,54,51,76,17,100,68,58,58,58,11,0],"gold":373,"neow_bonus":"","is_prod":false,"is_daily":false,"chose_seed":false,"campfire_upgraded":3,"win_rate":0,"timestamp":1529846645,"path_taken":["M","?","$","?","M","R","E","R","T","E","M","R","$","M","R","BOSS","M","?","?","?","M","E"],"build_version":"2018-06-21v2","purchased_purges":0,"victory":false,"max_hp_per_floor":[75,75,75,75,82,82,82,82,82,84,86,86,86,86,86,86,100,100,100,100,100,102,102],"card_choices":[{"not_picked":["Go for the Eyes","Hologram","Cold Snap"],"picked":"SKIP","floor":1.0},{"not_picked":["Rebound","Reprogram","Leap"],"picked":"Singing Bowl","floor":5.0},{"not_picked":["Turbo","Rebound"],"picked":"Go for the Eyes","floor":7.0},{"not_picked":["Capacitor","Rebound","Gash"],"picked":"Singing Bowl","floor":10.0},{"not_picked":["Coolheaded","Steam","Beam Cell"],"picked":"Singing Bowl","floor":11.0},{"not_picked":["Reinforced Body","Auto Shields"],"picked":"Genetic Algorithm","floor":14.0},{"not_picked":["Machine Learning","All For One"],"picked":"Rainbow","floor":16.0},{"not_picked":["Barrage","Chill"],"picked":"FTL","floor":18.0},{"not_picked":["Streamline","Barrage"],"picked":"Double Energy","floor":19.0},{"not_picked":["Seek","Stack","Force Field+1"],"picked":"Singing Bowl","floor":22}],"player_experience":302408,"relics_obtained":[{"floor":7.0,"key":"Blue Candle"},{"floor":9.0,"key":"Mummified Hand"},{"floor":10.0,"key":"Whetstone"},{"floor":17.0,"key":"Anchor"},{"floor":17.0,"key":"Cables"},{"floor":17.0,"key":"Mango"}],"event_choices":[{"event_name":"Upgrade Shrine","player_choice":"Upgraded","floor":2.0,"damage_taken":0.0},{"event_name":"Scrap Ooze","player_choice":"success","floor":4.0,"damage_taken":3.0},{"event_name":"Nest","player_choice":"Stole From Cult","floor":20.0,"damage_taken":0.0},{"event_name":"Drug Dealer","player_choice":"Ignored","floor":21.0,"damage_taken":0.0}],"boss_relics":[{"not_picked":["Black Star","Lizard Tail"],"picked":"Calling Bell"}],"items_purged_floors":[],"is_endless":false,"potions_floor_spawned":[7,11,18,22],"killed_by":"Book of Stabbing","ascension_level":3}