{"path_per_floor":["M","M","M","M","M","R","M","M","T","M","M","R","?","M","R","B",null,"M","?","M","M","M","R","M","?","T","M","M","$","R","M","R","B",null,"M","M","?","M","$","R","$","M","T","R","M","M","?","M","R","B"],"character_chosen":"THE_SILENT","items_purchased":["Mercury Hourglass","Bag of Marbles","Bag of Preparation"],"gold_per_floor":[114,129,144,159,174,174,189,204,204,219,234,234,234,249,249,349,379,394,394,409,424,439,439,454,454,454,469,484,9,9,24,24,124,124,139,154,154,169,19,19,19,34,34,34,49,64,67,82,82,82],"floor_reached":51,"campfire_rested":3,"playtime":3299,"current_hp_per_floor":[61,61,61,52,42,42,42,34,34,30,19,65,65,65,65,20,70,60,60,70,70,65,65,60,60,62,62,48,48,48,48,48,33,72,72,72,63,53,53,69,69,69,69,66,66,66,65,67,67,60],"items_purged":["Writhe"],"gold":82,"score":680,"play_id":"eda319bd-8470-4a49-8e52-06d9801f60cb","local_time":"20180319090842","daily_mods":["Diverse","Night Terrors","Vintage"],"is_prod":false,"is_daily":true,"is_ascension_mode":false,"campfire_upgraded":2,"timestamp":1521443322,"path_taken":["M","M","M","M","M","R","M","M","T","M","?","R","?","M","R","BOSS","M","?","M","M","M","R","M","?","T","M","M","$","R","M","R","BOSS","M","M","?","M","$","R","$","?","T","R","M","M","?","M","R","BOSS"],"build_version":"2018-03-15v3","purchased_purges":2,"victory":true,"master_deck":["Defend_G+1","Defend_G+1","Defend_G+1","Defend_G+1","Strike_G+1","Strike_G+1","Strike_G+1","Strike_G+1","Survivor+1","Neutralize+1","Uppercut+1","Die Die Die+1","Caltrops+1","Tools of the Trade+1","Bouncing Flask+1","Accuracy+1","Dash+1","Madness+1","Madness+1","Caltrops+1"],"max_hp_per_floor":[70,70,70,70,70,70,70,70,70,70,70,65,65,65,65,65,70,70,70,70,70,70,70,70,70,72,72,72,72,72,72,72,72,72,72,72,72,72,72,69,69,69,69,66,66,66,68,68,68,68],"relics":["Ring of the Snake","Du-Vu Doll","Bottled Flame","Art of War","Girya","Ancient Tea Set","Molten Egg 2","Singing Bowl","Gambling Chip","Kunai","Letter Opener","Bronze Scales","Mummified Hand","Tiny House","Whetstone","Dream Catcher","Anchor","Prayer Wheel","Centennial Puzzle","Toxic Egg 2","Tingsha","Frozen Egg 2","Shuriken","Mercury Hourglass","Bag of Marbles","Omamori","Orichalcum","Astrolabe","Smiling Mask","Pantograph","Blood Vial","Bag of Preparation","Pen Nib","Frozen Eye","Torii","War Paint","Shovel","Oddly Smooth Stone","Blue Candle"],"card_choices":[{"not_picked":["Corpse Explosion","Tactician"],"picked":"Die Die Die"},{"not_picked":["Concentrate","Finisher"],"picked":"Caltrops"},{"not_picked":["Night Terror","Tactician"],"picked":"Tools of the Trade"},{"not_picked":["Dodge and Roll","Acrobatics"],"picked":"Caltrops"}],"player_experience":99167,"potions_floor_usage":[11,14,16,20,21,22,33,36,38],"damage_taken":[{"damage":9,"enemies":"Cultist","floor":1,"turns":4},{"damage":0,"enemies":"Small Slimes","floor":2,"turns":5},{"damage":0,"enemies":"Jaw Worm","floor":3,"turns":4},{"damage":9,"enemies":"Looter","floor":4,"turns":4},{"damage":10,"enemies":"3 Louse","floor":5,"turns":4},{"damage":0,"enemies":"2 Fungi Beasts","floor":7,"turns":2},{"damage":8,"enemies":"Exordium Thugs","floor":8,"turns":7},{"damage":4,"enemies":"Exordium Wildlife","floor":10,"turns":7},{"damage":11,"enemies":"Lots of Slimes","floor":11,"turns":2},{"damage":0,"enemies":"Large Slime","floor":14,"turns":3},{"damage":45,"enemies":"Slime Boss","floor":16,"turns":12},{"damage":10,"enemies":"Spheric Guardian","floor":18,"turns":3},{"damage":2,"enemies":"Shell Parasite","floor":20,"turns":5},{"damage":0,"enemies":"Centurion and Healer","floor":21,"turns":3},{"damage":5,"enemies":"Sentry and Sphere","floor":22,"turns":4},{"damage":5,"enemies":"Snecko","floor":24,"turns":4},{"damage":0,"enemies":"Snake Plant","floor":27,"turns":2},{"damage":14,"enemies":"Centurion and Healer","floor":28,"turns":5},{"damage":0,"enemies":"Cultist and Chosen","floor":31,"turns":2},{"damage":15,"enemies":"Champ","floor":33,"turns":8},{"damage":0,"enemies":"Orb Walker","floor":35,"turns":2},{"damage":0,"enemies":"3 Darklings","floor":36,"turns":1},{"damage":10,"enemies":"4 Shapes","floor":38,"turns":3},{"damage":0,"enemies":"Sphere and 2 Shapes","floor":42,"turns":1},{"damage":0,"enemies":"3 Darklings","floor":45,"turns":1},{"damage":0,"enemies":"4 Shapes","floor":46,"turns":1},{"damage":3,"enemies":"Mysterious Sphere","floor":47,"turns":2},{"damage":0,"enemies":"Maw","floor":48,"turns":4},{"damage":8,"enemies":"Time Eater","floor":50,"turns":5}],"event_choices":[{"event_name":"Upgrade Shrine","player_choice":"Upgraded","floor":13,"damage_taken":0},{"event_name":"The Mausoleum","player_choice":"Yes","floor":19,"damage_taken":0},{"event_name":"Back to Basics","player_choice":"Simplicity","floor":25,"damage_taken":0},{"event_name":"Winding Halls","player_choice":"Embrace Madness","floor":37,"damage_taken":0},{"event_name":"Mysterious Sphere","player_choice":"Fight","floor":47,"damage_taken":0}],"boss_relics":[{"not_picked":["Cursed Key","Snecko Eye"],"picked":"Tiny House"},{"not_picked":["Orrery","Eternal Feather"],"picked":"Astrolabe"}],"potions_floor_spawned":[8,11,14,16,20,21,31,33,35,42,47],"seed_played":"4569236457908174948","ascension_level":0,"is_trial":false}