{"gold_per_floor":[115,115,133,150,32,32,60,90,90,90,90,106,106,139,139,211,211,196,196,214,21,40,73,73,73,96,112,142,152,152,167,167,243,243,254,25,25,38,56,56,76,76,76,86,86,118,128,148,148,148],"floor_reached":51,"playtime":12176,"items_purged":[],"score":1228,"play_id":"5a834572-a291-4f28-8d29-df0c4271cb43","local_time":"20190718193135","is_ascension_mode":true,"campfire_choices":[{"data":"Malaise","floor":6.0,"key":"SMITH"},{"data":"Malaise","floor":10.0,"key":"SMITH"},{"data":"Neutralize","floor":15.0,"key":"SMITH"},{"data":"After Image","floor":24.0,"key":"SMITH"},{"data":"Skewer","floor":30.0,"key":"SMITH"},{"data":"Skewer","floor":32.0,"key":"SMITH"},{"data":"Noxious Fumes","floor":40.0,"key":"SMITH"},{"data":"Noxious Fumes","floor":42.0,"key":"SMITH"},{"data":"Footwork","floor":45.0,"key":"SMITH"},{"floor":49.0,"key":"REST"}],"neow_cost":"NONE","seed_source_timestamp":0,"circlet_count":0,"master_deck":["AscendersBane","Survivor","Neutralize+1","Tools of the Trade","Flechettes","Malaise+1","Dodge and Roll","Malaise+1","Blade Dance","PiercingWail","Phantasmal Killer+1","Flying Knee","Venomology","Dodge and Roll","Concentrate","Sucker Punch","Blur","Endless Agony","After Image+1","Flying Knee","Backflip","Calculated Gamble","Malaise","Dagger Spray+1","Sucker Punch","Caltrops","Blur","Skewer+1","Skewer+1","Burst","Backflip","Distraction+1","Burst","Footwork+1","Cloak And Dagger+1","Noxious Fumes+1","Blur","PiercingWail","Leg Sweep","Noxious Fumes+1","Doppelganger","Writhe","Well Laid Plans","All Out Attack+1","Acrobatics+1","Parasite"],"special_seed":0,"relics":["Pandora\u0027s Box","Pantograph","Odd Mushroom","Strawberry","Blood Vial","Runic Dome","Nilry\u0027s Codex","Chemical X","Regal Pillow","Anchor","Ninja Scroll","Orrery","Kunai","Ginger"],"potions_floor_usage":[50,50],"damage_taken":[{"damage":0.0,"enemies":"Small Slimes","floor":1.0,"turns":4.0},{"damage":1.0,"enemies":"2 Louse","floor":3.0,"turns":3.0},{"damage":0.0,"enemies":"Cultist","floor":4.0,"turns":4.0},{"damage":24.0,"enemies":"Gremlin Nob","floor":7.0,"turns":6.0},{"damage":9.0,"enemies":"The Mushroom Lair","floor":8.0,"turns":4.0},{"damage":0.0,"enemies":"Looter","floor":12.0,"turns":4.0},{"damage":16.0,"enemies":"3 Sentries","floor":14.0,"turns":12.0},{"damage":8.0,"enemies":"Hexaghost","floor":16.0,"turns":20.0},{"damage":11.0,"enemies":"2 Thieves","floor":18.0,"turns":4.0},{"damage":2.0,"enemies":"3 Byrds","floor":20.0,"turns":6.0},{"damage":1.0,"enemies":"Cultist and Chosen","floor":22.0,"turns":8.0},{"damage":3.0,"enemies":"Slavers","floor":23.0,"turns":4.0},{"damage":0.0,"enemies":"Centurion and Healer","floor":27.0,"turns":7.0},{"damage":11.0,"enemies":"Book of Stabbing","floor":28.0,"turns":6.0},{"damage":0.0,"enemies":"Sentry and Sphere","floor":29.0,"turns":4.0},{"damage":0.0,"enemies":"Snecko","floor":31.0,"turns":6.0},{"damage":29.0,"enemies":"Collector","floor":33.0,"turns":12.0},{"damage":0.0,"enemies":"3 Shapes","floor":35.0,"turns":5.0},{"damage":0.0,"enemies":"Orb Walker","floor":38.0,"turns":4.0},{"damage":13.0,"enemies":"Spire Growth","floor":39.0,"turns":5.0},{"damage":14.0,"enemies":"4 Shapes","floor":41.0,"turns":4.0},{"damage":6.0,"enemies":"3 Darklings","floor":44.0,"turns":7.0},{"damage":0.0,"enemies":"Nemesis","floor":46.0,"turns":7.0},{"damage":0.0,"enemies":"Writhing Mass","floor":47.0,"turns":7.0},{"damage":22.0,"enemies":"Jaw Worm Horde","floor":48.0,"turns":5.0},{"damage":59,"enemies":"Donu and Deca","floor":50,"turns":11}],"seed_played":"-7717971386880046316","potions_obtained":[{"floor":7.0,"key":"Weak Potion"},{"floor":8.0,"key":"Ancient Potion"},{"floor":13.0,"key":"Regen Potion"},{"floor":13.0,"key":"GhostInAJar"},{"floor":18.0,"key":"Regen Potion"},{"floor":27.0,"key":"SteroidPotion"},{"floor":35.0,"key":"LiquidBronze"},{"floor":46.0,"key":"SteroidPotion"}],"is_trial":false,"path_per_floor":["M","?","M","M","$","R","E","?","T","R","?","M","?","E","R","B",null,"M","?","M","$","M","E","R","?","T","M","E","M","R","M","R","B",null,"M","$","?","M","M","R","M","R","T","M","R","E","M","M","R","B",null],"character_chosen":"THE_SILENT","items_purchased":["Blur","Endless Agony","Chemical X","Noxious Fumes","Doppelganger"],"campfire_rested":1,"item_purchase_floors":[5,5,21,36,36],"current_hp_per_floor":[63,63,62,62,62,62,38,29,36,36,41,41,41,40,40,59,76,67,51,66,66,67,66,66,66,66,68,59,61,61,63,63,53,75,77,77,82,82,69,69,57,57,57,53,53,55,57,37,76,23],"gold":148,"neow_bonus":"BOSS_RELIC","is_prod":false,"is_daily":false,"chose_seed":false,"campfire_upgraded":9,"win_rate":0,"timestamp":1563492695,"path_taken":["M","?","M","M","$","R","E","?","T","R","?","M","?","E","R","BOSS","M","?","M","$","M","E","R","?","T","?","E","M","R","M","R","BOSS","M","$","?","M","M","R","M","R","T","M","R","E","M","M","R","BOSS"],"build_version":"2019-07-17","purchased_purges":0,"victory":true,"max_hp_per_floor":[70,70,70,70,70,70,70,70,77,77,82,82,82,82,82,82,82,82,82,82,82,82,82,82,82,82,82,82,82,82,82,82,82,82,82,82,82,82,82,82,82,82,82,82,82,82,82,82,82,82],"card_choices":[{"not_picked":["Underhanded Strike","Outmaneuver"],"picked":"Dodge and Roll","floor":1.0},{"not_picked":["Blade Dance","Terror"],"picked":"Concentrate","floor":3.0},{"not_picked":["Distraction","Prepared"],"picked":"Sucker Punch","floor":4.0},{"not_picked":["Underhanded Strike","Endless Agony"],"picked":"After Image","floor":7.0},{"not_picked":["Reflex","Flechettes"],"picked":"Flying Knee","floor":8.0},{"not_picked":["Calculated Gamble","Dagger Spray"],"picked":"Backflip","floor":12.0},{"not_picked":["Tactician","Crippling Poison"],"picked":"Calculated Gamble","floor":14.0},{"not_picked":["Corpse Explosion","Tools of the Trade"],"picked":"Malaise","floor":16.0},{"not_picked":["Flechettes","Backflip"],"picked":"Dagger Spray+1","floor":18.0},{"not_picked":["Quick Slash","Bane"],"picked":"Sucker Punch","floor":20.0},{"not_picked":["Accuracy","Tactician+1"],"picked":"Caltrops","floor":22.0},{"not_picked":["Blade Dance","Flechettes"],"picked":"Blur","floor":23.0},{"not_picked":["Acrobatics","Dodge and Roll"],"picked":"Skewer","floor":27.0},{"not_picked":["Blur","Endless Agony"],"picked":"Burst","floor":28.0},{"not_picked":["Cloak And Dagger","Riddle With Holes+1"],"picked":"Backflip","floor":29.0},{"not_picked":["Dagger Spray","Eviscerate"],"picked":"Distraction+1","floor":31.0},{"not_picked":["Die Die Die","Glass Knife"],"picked":"Burst","floor":33.0},{"not_picked":["Crippling Poison","Expertise"],"picked":"Footwork","floor":34.0},{"not_picked":["Sucker Punch","Poisoned Stab"],"picked":"Cloak And Dagger+1","floor":34.0},{"not_picked":["Backstab","Slice"],"picked":"Noxious Fumes","floor":34.0},{"not_picked":["Dagger Throw","Outmaneuver"],"picked":"Blur","floor":34.0},{"not_picked":["Dagger Spray","Distraction"],"picked":"PiercingWail","floor":34.0},{"not_picked":["Deadly Poison+1","Infinite Blades+1"],"picked":"Leg Sweep","floor":35.0},{"not_picked":["Flechettes","Outmaneuver+1"],"picked":"Well Laid Plans","floor":38.0},{"not_picked":["Bouncing Flask","Dagger Throw","Riddle With Holes+1"],"picked":"SKIP","floor":39.0},{"not_picked":["Backstab","Calculated Gamble","Masterful Stab+1"],"picked":"SKIP","floor":41.0},{"not_picked":["Quick Slash","Prepared"],"picked":"All Out Attack+1","floor":44.0},{"not_picked":["Expertise","Bane+1"],"picked":"Acrobatics+1","floor":46.0},{"not_picked":["Outmaneuver","Sucker Punch","Accuracy+1"],"picked":"SKIP","floor":47.0},{"not_picked":["Underhanded Strike","Expertise+1","Skewer"],"picked":"SKIP","floor":48.0}],"player_experience":657233,"relics_obtained":[{"floor":7.0,"key":"Pantograph"},{"floor":8.0,"key":"Odd Mushroom"},{"floor":9.0,"key":"Strawberry"},{"floor":14.0,"key":"Blood Vial"},{"floor":19.0,"key":"Nilry\u0027s Codex"},{"floor":23.0,"key":"Regal Pillow"},{"floor":26.0,"key":"Anchor"},{"floor":28.0,"key":"Ninja Scroll"},{"floor":43.0,"key":"Kunai"},{"floor":46.0,"key":"Ginger"}],"event_choices":[{"damage_healed":0.0,"max_hp_gain":0.0,"max_hp_loss":0.0,"gold_gain":0.0,"event_name":"Living Wall","player_choice":"Grow","floor":2.0,"gold_loss":0.0,"damage_taken":0.0,"cards_upgraded":["Phantasmal Killer"]},{"damage_healed":0.0,"max_hp_gain":0.0,"max_hp_loss":0.0,"gold_gain":0.0,"event_name":"Mushrooms","player_choice":"Fought Mushrooms","floor":8.0,"gold_loss":0.0,"damage_taken":0.0},{"damage_healed":0.0,"max_hp_gain":5.0,"max_hp_loss":0.0,"gold_gain":0.0,"event_name":"Big Fish","player_choice":"Donut","floor":11.0,"gold_loss":0.0,"damage_taken":0.0},{"damage_healed":0.0,"max_hp_gain":0.0,"max_hp_loss":0.0,"gold_gain":0.0,"event_name":"Lab","player_choice":"Got Potions","floor":13.0,"gold_loss":0.0,"damage_taken":0.0},{"damage_healed":0.0,"max_hp_gain":0.0,"max_hp_loss":0.0,"gold_gain":0.0,"event_name":"Cursed Tome","player_choice":"Obtained Book","floor":19.0,"gold_loss":0.0,"damage_taken":16.0},{"damage_healed":0.0,"max_hp_gain":0.0,"max_hp_loss":0.0,"gold_gain":0.0,"event_name":"The Library","player_choice":"Read","floor":25.0,"gold_loss":0.0,"damage_taken":0.0,"cards_obtained":["Skewer"]},{"damage_healed":21.0,"max_hp_gain":0.0,"max_hp_loss":0.0,"gold_gain":0.0,"event_name":"Winding Halls","player_choice":"Writhe","floor":37.0,"gold_loss":0.0,"damage_taken":0.0,"cards_obtained":["Writhe"]}],"is_beta":false,"boss_relics":[{"not_picked":["Busted Crown","Black Star"],"picked":"Runic Dome"},{"not_picked":["Empty Cage","White Beast Statue"],"picked":"Orrery"}],"items_purged_floors":[],"is_endless":false,"potions_floor_spawned":[4,7,8,12,18,27,31,35,38,46,47],"ascension_level":13}