{"gold_per_floor":[114,289,214,227,227,227,244,272,297,297,310,322,339,352,352,453,453,473,373,386,386,402,402,419,419,419,419,419],"floor_reached":28,"playtime":761,"items_purged":["Doubt","Strike_B"],"score":266,"play_id":"45c5793d-5ca4-43f0-8619-0ce26a7143bf","local_time":"20180831200803","is_ascension_mode":true,"campfire_choices":[{"data":"Zap","floor":6,"key":"SMITH"},{"floor":10,"key":"REST"},{"data":"Dualcast","floor":15,"key":"SMITH"},{"floor":23,"key":"REST"}],"neow_cost":"","seed_source_timestamp":393685646939526,"circlet_count":0,"master_deck":["Strike_B","Defend_B","Defend_B","Defend_B","Defend_B","Zap+1","Dualcast+1","Ball Lightning","Ball Lightning","Ball Lightning","Creative AI","Storm+1","Lockon","Loop","Normality"],"relics":["Cracked Core","Anchor","Regal Pillow","Oddly Smooth Stone","Empty Cage","Frozen Egg 2","Ancient Tea Set"],"potions_floor_usage":[12,16,16,24,28],"damage_taken":[{"damage":0,"enemies":"Small Slimes","floor":1,"turns":2},{"damage":7,"enemies":"2 Louse","floor":4,"turns":2},{"damage":1,"enemies":"Cultist","floor":7,"turns":3},{"damage":30,"enemies":"Lagavulin","floor":8,"turns":7},{"damage":0,"enemies":"Large Slime","floor":11,"turns":4},{"damage":0,"enemies":"2 Fungi Beasts","floor":12,"turns":2},{"damage":0,"enemies":"Blue Slaver","floor":13,"turns":2},{"damage":10,"enemies":"Gremlin Gang","floor":14,"turns":3},{"damage":42,"enemies":"Hexaghost","floor":16,"turns":6},{"damage":16,"enemies":"2 Thieves","floor":18,"turns":3},{"damage":29,"enemies":"Shell Parasite","floor":20,"turns":5},{"damage":20,"enemies":"Centurion and Healer","floor":22,"turns":6},{"damage":30,"enemies":"Shelled Parasite and Fungi","floor":24,"turns":4},{"damage":24,"enemies":"Snake Plant","floor":28,"turns":3}],"seed_played":"-2196110689465409603","potions_obtained":[{"floor":8,"key":"SkillPotion"},{"floor":12,"key":"Weak Potion"},{"floor":13,"key":"LiquidBronze"},{"floor":22,"key":"Strength Potion"},{"floor":24,"key":"Explosive Potion"}],"is_trial":false,"path_per_floor":["M","?","$","M","?","R","M","E","T","R","M","M","M","M","R","B",null,"M","$","M","?","M","R","M","?","T","?"],"character_chosen":"DEFECT","items_purchased":[],"campfire_rested":2,"item_purchase_floors":[],"current_hp_per_floor":[75,75,75,68,65,65,64,34,34,71,71,71,71,61,61,19,75,59,59,30,30,10,47,17,17,17,17,0],"gold":419,"neow_bonus":"","is_prod":false,"is_daily":false,"chose_seed":false,"campfire_upgraded":2,"win_rate":0,"timestamp":1535735283,"path_taken":["M","?","?","M","?","R","M","E","T","R","M","M","?","?","R","BOSS","M","$","M","?","M","R","M","?","T","?","M"],"build_version":"2018-08-30","purchased_purges":2,"victory":false,"max_hp_per_floor":[75,75,75,75,75,75,75,75,75,75,75,75,75,75,75,75,75,75,75,75,75,75,75,75,75,75,75,75],"card_choices":[{"not_picked":["Rebound","Barrage"],"picked":"Ball Lightning","floor":1},{"not_picked":["Doom and Gloom","Steam","Scrape"],"picked":"SKIP","floor":4},{"not_picked":["Coolheaded","Chill","Beam Cell"],"picked":"SKIP","floor":7},{"not_picked":["Barrage","BootSequence","Redo"],"picked":"SKIP","floor":8},{"not_picked":["Force Field","Skim"],"picked":"Ball Lightning","floor":11},{"not_picked":["Steam","Skim","Gash"],"picked":"SKIP","floor":12},{"not_picked":["Rebound","Go for the Eyes"],"picked":"Ball Lightning","floor":13},{"not_picked":["Lockon","Rebound","Coolheaded"],"picked":"SKIP","floor":14},{"not_picked":["Hyperbeam","All For One"],"picked":"Creative AI","floor":16},{"not_picked":["Recycle+1","Barrage+1"],"picked":"Storm+1","floor":18},{"not_picked":["Blizzard+1","Scrape+1","Leap"],"picked":"SKIP","floor":20},{"not_picked":["Ball Lightning","Beam Cell"],"picked":"Lockon","floor":22},{"not_picked":["Rebound+1","Darkness+1"],"picked":"Loop","floor":24}],"player_experience":353878,"relics_obtained":[{"floor":8,"key":"Regal Pillow"},{"floor":9,"key":"Oddly Smooth Stone"},{"floor":26,"key":"Ancient Tea Set"}],"event_choices":[{"event_name":"Liars Game","player_choice":"agreed","floor":2,"damage_taken":0},{"event_name":"Scrap Ooze","player_choice":"success","floor":5,"damage_taken":3},{"event_name":"The Woman in Blue","player_choice":"Bought 0 Potions","floor":21,"damage_taken":0},{"event_name":"Accursed Blacksmith","player_choice":"Rummage","floor":25,"damage_taken":0},{"event_name":"Cursed Tome","player_choice":"Ignored","floor":27,"damage_taken":0}],"is_beta":false,"boss_relics":[{"not_picked":["Inserter","Pandora\u0027s Box"],"picked":"Empty Cage"}],"items_purged_floors":[3,19],"is_endless":false,"potions_floor_spawned":[8,12,13,22,24],"killed_by":"Snake Plant","ascension_level":4}