{"gold_per_floor":[19,19,19,39,54,54,97,122,122,141,89,102,102,122,122,241,241,266,365,440,458,472,472],"floor_reached":23,"playtime":651,"items_purged":[],"score":380,"play_id":"3f1e5237-7dfc-4ba7-8e94-67840cb07eeb","local_time":"20181024173645","is_ascension_mode":true,"campfire_choices":[{"data":"Whirlwind","floor":6,"key":"SMITH"},{"floor":13,"key":"REST"},{"data":"Uppercut","floor":15,"key":"SMITH"}],"neow_cost":"NO_GOLD","seed_source_timestamp":206397782322600,"circlet_count":0,"master_deck":["Strike_R","Strike_R","Strike_R","Strike_R","Defend_R","Defend_R","Defend_R","AscendersBane","Cleave","Dropkick","Shrug It Off","Whirlwind+1","Offering","Uppercut+1","Double Tap","Disarm","Pommel Strike"],"relics":["Burning Blood","Golden Idol","Bird Faced Urn","Pear","Mark of Pain"],"potions_floor_usage":[8,12,16,16],"damage_taken":[{"damage":5,"enemies":"2 Louse","floor":1,"turns":4},{"damage":1,"enemies":"Cultist","floor":4,"turns":3},{"damage":19,"enemies":"Jaw Worm","floor":5,"turns":5},{"damage":40,"enemies":"Gremlin Nob","floor":7,"turns":5},{"damage":0,"enemies":"3 Louse","floor":8,"turns":1},{"damage":17,"enemies":"Red Slaver","floor":10,"turns":6},{"damage":0,"enemies":"2 Fungi Beasts","floor":12,"turns":1},{"damage":6,"enemies":"Looter","floor":14,"turns":1},{"damage":6,"enemies":"Slime Boss","floor":16,"turns":7},{"damage":6,"enemies":"3 Byrds","floor":18,"turns":4},{"damage":13,"enemies":"Chosen","floor":21,"turns":3},{"damage":22,"enemies":"Sentry and Sphere","floor":22,"turns":4},{"damage":50,"enemies":"Gremlin Leader","floor":23,"turns":5}],"seed_played":"3634130239715948630","potions_obtained":[{"floor":7,"key":"SteroidPotion"},{"floor":10,"key":"Strength Potion"},{"floor":14,"key":"SkillPotion"},{"floor":16,"key":"Ancient Potion"}],"is_trial":false,"path_per_floor":["M","?","?","M","M","R","E","M","T","M","$","M","R","M","R","B",null,"M","?","?","M","M"],"character_chosen":"IRONCLAD","items_purchased":["SteroidPotion"],"campfire_rested":1,"item_purchase_floors":[11],"current_hp_per_floor":[73,73,53,58,45,45,11,17,27,16,16,22,49,49,49,49,80,80,80,71,64,48,0],"gold":472,"neow_bonus":"REMOVE_TWO","is_prod":false,"is_daily":false,"chose_seed":false,"campfire_upgraded":2,"win_rate":0,"timestamp":1540391805,"path_taken":["M","?","?","?","M","R","E","M","T","M","$","M","R","M","R","BOSS","M","?","?","M","M","E"],"build_version":"2018-10-18","purchased_purges":0,"victory":false,"max_hp_per_floor":[80,80,80,80,80,80,80,80,90,90,90,90,90,90,90,90,90,90,90,90,90,90,90],"card_choices":[{"not_picked":["Iron Wave","True Grit"],"picked":"Cleave","floor":1},{"not_picked":["Warcry","Cleave"],"picked":"Shrug It Off","floor":4},{"not_picked":["Second Wind","True Grit"],"picked":"Whirlwind","floor":5},{"not_picked":["Burning Pact","Wild Strike"],"picked":"Offering","floor":7},{"not_picked":["Clash","Anger","Power Through"],"picked":"SKIP","floor":8},{"not_picked":["Headbutt","Corruption","Clothesline"],"picked":"SKIP","floor":10},{"not_picked":["Havoc","Pommel Strike"],"picked":"Uppercut","floor":12},{"not_picked":["Body Slam","Rampage","Perfected Strike"],"picked":"SKIP","floor":14},{"not_picked":["Demon Form","Immolate"],"picked":"Double Tap","floor":16},{"not_picked":["Ghostly Armor","Metallicize"],"picked":"Disarm","floor":18},{"not_picked":["Rupture","Clash"],"picked":"Pommel Strike","floor":21},{"not_picked":["Twin Strike","Searing Blow","Dual Wield"],"picked":"SKIP","floor":22}],"player_experience":450381,"relics_obtained":[{"floor":7,"key":"Bird Faced Urn"},{"floor":9,"key":"Pear"}],"event_choices":[{"damage_healed":0,"gold_gain":0,"cards_transformed":["Strike_R"],"player_choice":"Transformed","damage_taken":0,"max_hp_gain":0,"max_hp_loss":0,"event_name":"Transmorgrifier","floor":2,"gold_loss":0,"cards_obtained":["Dropkick"]},{"damage_healed":0,"gold_gain":0,"player_choice":"Take Damage","damage_taken":20,"relics_obtained":["Golden Idol"],"max_hp_gain":0,"max_hp_loss":0,"event_name":"Golden Idol","floor":3,"gold_loss":0},{"damage_healed":0,"gold_gain":99,"player_choice":"Stole From Cult","damage_taken":0,"max_hp_gain":0,"max_hp_loss":0,"event_name":"Nest","floor":19,"gold_loss":0},{"damage_healed":0,"gold_gain":75,"player_choice":"Touch","damage_taken":9,"max_hp_gain":0,"max_hp_loss":0,"event_name":"FaceTrader","floor":20,"gold_loss":0}],"is_beta":false,"boss_relics":[{"not_picked":["White Beast Statue","Eternal Feather"],"picked":"Mark of Pain"}],"items_purged_floors":[],"is_endless":false,"potions_floor_spawned":[7,10,14,16],"killed_by":"Gremlin Leader","ascension_level":11}