{"gold_per_floor":[115,127,52,62,62,93,93,108,108,108,108,120,18,29,29,125,125,136,235,246,260,274,274,292,292,345,103,103,63,82,32,32,132,132,147,165,165,180,199,199,199],"floor_reached":41,"playtime":4313,"items_purged":["Strike_B","Strike_B","Defend_B"],"score":422,"play_id":"2d86fa3d-7781-4f44-84fc-62d31133f9cf","local_time":"20181129234725","is_ascension_mode":false,"campfire_choices":[{"data":"Tempest","floor":7,"key":"SMITH"},{"data":"Hologram","floor":11,"key":"SMITH"},{"floor":15,"key":"REST"},{"data":"Defragment","floor":23,"key":"SMITH"},{"data":"Redo","floor":25,"key":"SMITH"},{"data":"Secret Technique","floor":28,"key":"SMITH"},{"floor":32,"key":"REST"},{"data":"Multi-Cast","floor":40,"key":"SMITH"}],"neow_cost":"NONE","seed_source_timestamp":783550640441320,"circlet_count":0,"master_deck":["Defend_B","Defend_B","Defend_B","Zap","Dualcast","Reinforced Body+1","Conserve Battery","Redo+1","Tempest+1","Hologram+1","Redo+1","Defragment+1","Seek+1","Redo+1","Hologram+1","Conserve Battery","Secret Technique+1","Undo","Multi-Cast+1","Madness","Madness","Conserve Battery"],"relics":["Cracked Core","Cables","Meat on the Bone","Smiling Mask","Busted Crown","War Paint","Snecko Eye"],"potions_floor_usage":[6,6,16,18,33,33,35,38,41,41],"damage_taken":[{"damage":5,"enemies":"2 Louse","floor":1,"turns":3},{"damage":0,"enemies":"Small Slimes","floor":2,"turns":3},{"damage":0,"enemies":"Cultist","floor":4,"turns":4},{"damage":22,"enemies":"Lagavulin","floor":6,"turns":8},{"damage":3,"enemies":"2 Fungi Beasts","floor":8,"turns":3},{"damage":6,"enemies":"Large Slime","floor":12,"turns":5},{"damage":30,"enemies":"Gremlin Gang","floor":14,"turns":5},{"damage":37,"enemies":"The Guardian","floor":16,"turns":9},{"damage":0,"enemies":"Spheric Guardian","floor":18,"turns":3},{"damage":3,"enemies":"Shell Parasite","floor":20,"turns":4},{"damage":13,"enemies":"Centurion and Healer","floor":21,"turns":6},{"damage":25,"enemies":"Shelled Parasite and Fungi","floor":22,"turns":6},{"damage":16,"enemies":"Snake Plant","floor":24,"turns":2},{"damage":4,"enemies":"Centurion and Healer","floor":30,"turns":5},{"damage":59,"enemies":"Champ","floor":33,"turns":13},{"damage":18,"enemies":"3 Darklings","floor":35,"turns":5},{"damage":0,"enemies":"Orb Walker","floor":36,"turns":3},{"damage":0,"enemies":"Transient","floor":38,"turns":5},{"damage":8,"enemies":"Spire Growth","floor":39,"turns":5},{"damage":40,"enemies":"Reptomancer","floor":41,"turns":2}],"seed_played":"7535142059733685852","potions_obtained":[{"floor":1,"key":"Ancient Potion"},{"floor":2,"key":"Poison Potion"},{"floor":14,"key":"FocusPotion"},{"floor":16,"key":"EntropicBrew"},{"floor":18,"key":"SpeedPotion"},{"floor":33,"key":"Fire Potion"},{"floor":35,"key":"FocusPotion"},{"floor":39,"key":"FocusPotion"}],"is_trial":false,"path_per_floor":["M","M","$","M","?","E","R","M","T","?","R","M","?","M","R","B",null,"M","?","M","M","M","R","M","R","T","$","R","?","M","$","R","B",null,"M","M","?","M","M","R","E"],"character_chosen":"DEFECT","items_purchased":["Secret Technique"],"campfire_rested":2,"item_purchase_floors":[27],"current_hp_per_floor":[70,70,70,70,63,41,41,38,38,63,63,57,57,39,61,36,75,75,75,72,59,46,46,42,42,42,42,42,42,38,38,60,13,75,57,57,48,48,40,40,0],"gold":199,"neow_bonus":"REMOVE_CARD","is_prod":false,"is_daily":false,"chose_seed":false,"campfire_upgraded":6,"win_rate":0,"timestamp":1543556845,"path_taken":["M","M","$","M","?","E","R","M","T","?","R","M","?","?","R","BOSS","M","?","M","M","M","R","M","R","T","$","R","?","M","$","R","BOSS","M","?","?","M","M","R","E"],"build_version":"2018-11-15","purchased_purges":3,"victory":false,"max_hp_per_floor":[75,75,75,75,75,75,75,75,75,75,75,75,75,75,75,75,75,75,75,75,75,75,75,75,75,75,75,75,75,75,75,75,75,75,75,75,75,75,75,75,75],"card_choices":[{"not_picked":["Rip and Tear","Fusion"],"picked":"Reinforced Body","floor":1},{"not_picked":["Sweeping Beam","Gash"],"picked":"Conserve Battery","floor":2},{"not_picked":["Leap","Aggregate"],"picked":"Redo","floor":4},{"not_picked":["Sunder","Force Field"],"picked":"Tempest","floor":6},{"not_picked":["Steam Power","Turbo"],"picked":"Hologram","floor":8},{"not_picked":["Melter","Sweeping Beam"],"picked":"Redo","floor":12},{"not_picked":["Hologram","Gash"],"picked":"Defragment","floor":14},{"not_picked":["Hyperbeam","All For One"],"picked":"Seek","floor":16},{"not_picked":[],"picked":"Redo+1","floor":18},{"not_picked":["Barrage+1"],"picked":"SKIP","floor":20},{"not_picked":[],"picked":"Hologram+1","floor":21},{"not_picked":[],"picked":"Conserve Battery","floor":22},{"not_picked":["Hello World"],"picked":"SKIP","floor":24},{"not_picked":[],"picked":"Undo","floor":30},{"not_picked":[],"picked":"Multi-Cast","floor":33},{"not_picked":["Stack+1"],"picked":"SKIP","floor":35},{"not_picked":["Ball Lightning"],"picked":"SKIP","floor":36},{"not_picked":["Go for the Eyes"],"picked":"SKIP","floor":38},{"not_picked":[],"picked":"Conserve Battery","floor":39}],"player_experience":175834,"relics_obtained":[{"floor":6,"key":"Cables"},{"floor":9,"key":"Meat on the Bone"},{"floor":26,"key":"War Paint"}],"event_choices":[{"cards_removed":["Strike_B"],"damage_healed":0,"gold_gain":0,"player_choice":"Card Removal","damage_taken":7,"max_hp_gain":0,"max_hp_loss":0,"event_name":"Golden Wing","floor":5,"gold_loss":0},{"damage_healed":25,"gold_gain":0,"player_choice":"Banana","damage_taken":0,"max_hp_gain":0,"max_hp_loss":0,"event_name":"Big Fish","floor":10,"gold_loss":0},{"damage_healed":0,"gold_gain":0,"player_choice":"Paid Gold","damage_taken":0,"relics_obtained":["Smiling Mask"],"max_hp_gain":0,"max_hp_loss":0,"event_name":"WeMeetAgain","floor":13,"gold_loss":102},{"damage_healed":0,"gold_gain":99,"player_choice":"Stole From Cult","damage_taken":0,"max_hp_gain":0,"max_hp_loss":0,"event_name":"Nest","floor":19,"gold_loss":0},{"damage_healed":0,"gold_gain":0,"player_choice":"Upgrade","damage_taken":0,"max_hp_gain":0,"max_hp_loss":0,"event_name":"Designer","floor":29,"gold_loss":40,"cards_upgraded":["Redo"]},{"damage_healed":0,"gold_gain":0,"player_choice":"Embrace Madness","damage_taken":9,"max_hp_gain":0,"max_hp_loss":0,"event_name":"Winding Halls","floor":37,"gold_loss":0,"cards_obtained":["Madness","Madness"]}],"is_beta":false,"boss_relics":[{"not_picked":["FrozenCore","Eternal Feather"],"picked":"Busted Crown"},{"not_picked":["Empty Cage","Coffee Dripper"],"picked":"Snecko Eye"}],"items_purged_floors":[3,27,31],"is_endless":false,"potions_floor_spawned":[1,2,14,16,18,33,35,39],"killed_by":"Reptomancer","ascension_level":0}