{"gold_per_floor":[115,115,115,115,140,184,184,197,268,268,283,307,1,19,19,149,149,173,242,22,37,50,50,85,135,135,135,209,134,134,148,148,279,279,299,50,100,120,14,14,64,89,171,236,260,310,329,379,379,379],"floor_reached":51,"playtime":3235,"items_purged":["Strike_R","Strike_R","Strike_R","Strike_R"],"score":753,"play_id":"36c502ed-d656-403c-841f-436ec8bf463c","local_time":"20190718152139","is_ascension_mode":true,"campfire_choices":[{"data":"Bash","floor":7,"key":"SMITH"},{"data":"Double Tap","floor":15,"key":"SMITH"},{"data":"Whirlwind","floor":23,"key":"SMITH"},{"data":"Flame Barrier","floor":27,"key":"SMITH"},{"data":"Inflame","floor":30,"key":"SMITH"},{"data":"Rage","floor":32,"key":"SMITH"},{"data":"Double Tap","floor":40,"key":"SMITH"},{"data":"Brutality","floor":49,"key":"SMITH"}],"neow_cost":"NONE","seed_source_timestamp":63876833307828,"circlet_count":0,"master_deck":["Defend_R","Defend_R","Defend_R","Bash+1","Clothesline","Wild Strike","Double Tap+1","Shrug It Off","Immolate+1","Headbutt+1","Rage+1","Dropkick","Inflame+1","Shrug It Off","Flame Barrier+1","Double Tap+1","Havoc+1","Whirlwind+1","Battle Trance","Havoc+1","Cleave+1","Reaper+1","Brutality+1","Flame Barrier+1","True Grit+1","Deep Breath"],"relics":["Burning Blood","Orichalcum","Gremlin Horn","Golden Idol","Centennial Puzzle","Mercury Hourglass","SsserpentHead","Mark of Pain","Bird Faced Urn","Matryoshka","Tiny Chest","Eternal Feather","Whetstone","PreservedInsect","Bag of Preparation","Regal Pillow","Frozen Egg 2"],"potions_floor_usage":[6,16,19,33,33,33,38,42,47,50,50],"damage_taken":[{"damage":6,"enemies":"Jaw Worm","floor":1,"turns":2},{"damage":0,"enemies":"2 Louse","floor":5,"turns":2},{"damage":11,"enemies":"Gremlin Nob","floor":6,"turns":5},{"damage":4,"enemies":"Small Slimes","floor":8,"turns":4},{"damage":2,"enemies":"Gremlin Gang","floor":11,"turns":3},{"damage":0,"enemies":"3 Louse","floor":12,"turns":1},{"damage":0,"enemies":"Exordium Thugs","floor":14,"turns":1},{"damage":54,"enemies":"Hexaghost","floor":16,"turns":9},{"damage":5,"enemies":"Shell Parasite","floor":18,"turns":3},{"damage":13,"enemies":"3 Byrds","floor":19,"turns":3},{"damage":6,"enemies":"Snake Plant","floor":21,"turns":2},{"damage":3,"enemies":"Centurion and Healer","floor":22,"turns":4},{"damage":6,"enemies":"Gremlin Leader","floor":24,"turns":3},{"damage":19,"enemies":"Book of Stabbing","floor":28,"turns":5},{"damage":0,"enemies":"3 Cultists","floor":31,"turns":2},{"damage":12,"enemies":"Collector","floor":33,"turns":3},{"damage":4,"enemies":"3 Shapes","floor":35,"turns":1},{"damage":12,"enemies":"3 Darklings","floor":38,"turns":2},{"damage":16,"enemies":"Spire Growth","floor":42,"turns":3},{"damage":0,"enemies":"Sphere and 2 Shapes","floor":44,"turns":2},{"damage":0,"enemies":"Jaw Worm Horde","floor":45,"turns":1},{"damage":21,"enemies":"Transient","floor":47,"turns":5},{"damage":79,"enemies":"Awakened One","floor":50,"turns":13}],"seed_played":"2477411745403164632","potions_obtained":[{"floor":1,"key":"EssenceOfSteel"},{"floor":5,"key":"LiquidBronze"},{"floor":14,"key":"GamblersBrew"},{"floor":18,"key":"Strength Potion"},{"floor":24,"key":"Ancient Potion"},{"floor":42,"key":"Explosive Potion"},{"floor":44,"key":"Dexterity Potion"},{"floor":45,"key":"LiquidBronze"}],"is_trial":false,"path_per_floor":["M","?","T","?","M","E","R","M","T","?","M","M","$","M","R","B",null,"M","M","$","M","M","R","E","?","T","R","E","$","R","M","R","B",null,"M","$","?","M","$","R","T","M","T","M","M","?","M","?","R","B",null],"character_chosen":"IRONCLAD","items_purchased":["Rage","Dropkick","Inflame","Shrug It Off","Battle Trance","Strength Potion","Explosive Potion","Block Potion","Whetstone"],"campfire_rested":0,"item_purchase_floors":[13,13,13,13,20,20,36,36,39],"current_hp_per_floor":[80,73,73,53,59,54,54,56,56,56,60,66,66,72,72,24,80,80,73,73,73,76,76,76,76,76,76,65,65,65,80,80,74,80,80,80,80,80,80,80,80,70,70,76,80,76,61,61,76,11],"gold":379,"neow_bonus":"RANDOM_COMMON_RELIC","is_prod":false,"is_daily":false,"chose_seed":false,"campfire_upgraded":8,"win_rate":0,"timestamp":1563481299,"path_taken":["M","?","?","?","M","E","R","M","T","?","M","M","$","M","R","BOSS","M","?","$","M","M","R","E","?","T","R","E","?","R","M","R","BOSS","M","$","?","M","?","R","?","M","T","?","M","?","M","?","R","BOSS"],"build_version":"2019-07-17","purchased_purges":4,"victory":true,"max_hp_per_floor":[80,80,80,80,80,80,80,80,80,80,80,80,80,80,80,80,80,80,80,80,80,80,80,80,80,80,80,80,80,80,80,80,80,80,80,80,80,80,80,80,80,80,80,80,80,76,76,76,76,76],"card_choices":[{"not_picked":["Burning Pact","Anger"],"picked":"Clothesline","floor":1},{"not_picked":["Heavy Blade","Iron Wave"],"picked":"Wild Strike","floor":5},{"not_picked":["Wild Strike","Burning Pact"],"picked":"Double Tap","floor":6},{"not_picked":["Heavy Blade","Carnage"],"picked":"Shrug It Off","floor":8},{"not_picked":["True Grit","Havoc"],"picked":"Immolate","floor":11},{"not_picked":["Wild Strike","Anger"],"picked":"Headbutt","floor":12},{"not_picked":["Sentinel","Entrench"],"picked":"Flame Barrier","floor":14},{"not_picked":["Feed","Dark Embrace"],"picked":"Double Tap","floor":16},{"not_picked":["Wild Strike+1","True Grit"],"picked":"Havoc+1","floor":18},{"not_picked":["Perfected Strike","Sword Boomerang+1"],"picked":"Whirlwind","floor":19},{"not_picked":["Twin Strike","Warcry","Anger"],"picked":"SKIP","floor":21},{"not_picked":["Burning Pact","Pummel"],"picked":"Havoc+1","floor":22},{"not_picked":["Hemokinesis","Bloodletting"],"picked":"Cleave+1","floor":24},{"not_picked":["Warcry","Heavy Blade"],"picked":"Reaper","floor":28},{"not_picked":["Anger","True Grit","Perfected Strike"],"picked":"SKIP","floor":31},{"not_picked":["Exhume","Double Tap"],"picked":"Brutality","floor":33},{"not_picked":["Whirlwind","Sever Soul+1","Second Wind+1"],"picked":"SKIP","floor":35},{"not_picked":["Disarm","Heavy Blade","Intimidate"],"picked":"SKIP","floor":38},{"not_picked":["Thunderclap","Spot Weakness"],"picked":"Flame Barrier+1","floor":42},{"not_picked":["Reckless Charge","Anger+1","Inflame+1"],"picked":"SKIP","floor":44},{"not_picked":["Sword Boomerang","Pommel Strike","Rampage+1"],"picked":"SKIP","floor":45},{"not_picked":["Power Through","Fire Breathing+1"],"picked":"True Grit+1","floor":47},{"not_picked":["Swift Strike","Jack Of All Trades"],"picked":"Deep Breath","floor":48}],"player_experience":363640,"relics_obtained":[{"floor":3,"key":"Gremlin Horn"},{"floor":6,"key":"Centennial Puzzle"},{"floor":9,"key":"Mercury Hourglass"},{"floor":24,"key":"Bird Faced Urn"},{"floor":26,"key":"Matryoshka"},{"floor":28,"key":"Tiny Chest"},{"floor":41,"key":"PreservedInsect"},{"floor":41,"key":"Bag of Preparation"},{"floor":43,"key":"Regal Pillow"},{"floor":43,"key":"Frozen Egg 2"}],"event_choices":[{"cards_removed":["Strike_R"],"damage_healed":0,"gold_gain":0,"player_choice":"Card Removal","damage_taken":7,"max_hp_gain":0,"max_hp_loss":0,"event_name":"Golden Wing","floor":2,"gold_loss":0},{"damage_healed":0,"gold_gain":0,"player_choice":"Take Damage","damage_taken":20,"relics_obtained":["Golden Idol"],"max_hp_gain":0,"max_hp_loss":0,"event_name":"Golden Idol","floor":4,"gold_loss":0},{"damage_healed":0,"gold_gain":0,"player_choice":"Trade","damage_taken":0,"relics_obtained":["SsserpentHead"],"max_hp_gain":0,"max_hp_loss":0,"event_name":"FaceTrader","floor":10,"gold_loss":0},{"damage_healed":0,"gold_gain":0,"player_choice":"Upgraded","damage_taken":0,"max_hp_gain":0,"max_hp_loss":0,"event_name":"Upgrade Shrine","floor":25,"gold_loss":0,"cards_upgraded":["Immolate"]},{"cards_removed":["Defend_R"],"damage_healed":0,"gold_gain":0,"player_choice":"Offered Basic","damage_taken":0,"max_hp_gain":0,"max_hp_loss":0,"event_name":"Bonfire Elementals","floor":37,"gold_loss":0},{"damage_healed":0,"gold_gain":0,"player_choice":"Max HP","damage_taken":0,"max_hp_gain":0,"max_hp_loss":4,"event_name":"Winding Halls","floor":46,"gold_loss":0},{"damage_healed":0,"gold_gain":0,"player_choice":"Memory 1","damage_taken":0,"max_hp_gain":0,"max_hp_loss":0,"event_name":"SensoryStone","floor":48,"gold_loss":0}],"is_beta":false,"boss_relics":[{"not_picked":["Runic Cube","Calling Bell"],"picked":"Mark of Pain"},{"not_picked":["Snecko Eye","Astrolabe"],"picked":"Eternal Feather"}],"items_purged_floors":[13,20,29,36],"is_endless":false,"potions_floor_spawned":[1,5,14,18,24,28,42,44,45],"ascension_level":2}