{"gold_per_floor":[116,116,131,149,160,188,153,153,153,153,173,206,206,226,226,226],"floor_reached":16,"playtime":473,"items_purged":[],"score":134,"play_id":"573400f0-ffd2-4517-a683-e70fec518f4c","local_time":"20181019164632","is_ascension_mode":true,"campfire_choices":[{"data":"Cold Snap","floor":10,"key":"SMITH"},{"floor":13,"key":"REST"},{"floor":15,"key":"REST"}],"neow_cost":"NONE","seed_source_timestamp":725672647580900,"circlet_count":0,"master_deck":["Strike_B","Strike_B","Strike_B","Strike_B","Defend_B","Defend_B","Defend_B","Defend_B","Zap+1","Dualcast","Compile Driver","Cold Snap+1","Steam"],"relics":["Busted Crown","Juzu Bracelet","Cables","StoneCalendar"],"potions_floor_usage":[5,16],"damage_taken":[{"damage":2,"enemies":"Jaw Worm","floor":1,"turns":3},{"damage":1,"enemies":"Cultist","floor":3,"turns":3},{"damage":0,"enemies":"Small Slimes","floor":4,"turns":3},{"damage":18,"enemies":"Exordium Wildlife","floor":5,"turns":5},{"damage":29,"enemies":"Lagavulin","floor":6,"turns":7},{"damage":4,"enemies":"Large Slime","floor":11,"turns":4},{"damage":19,"enemies":"Gremlin Nob","floor":12,"turns":4},{"damage":20,"enemies":"3 Louse","floor":14,"turns":3},{"damage":46,"enemies":"The Guardian","floor":16,"turns":10}],"seed_played":"1562034601797440547","potions_obtained":[{"floor":3,"key":"Poison Potion"},{"floor":12,"key":"GamblersBrew"}],"is_trial":false,"path_per_floor":["M","?","M","M","M","E","?","$","T","R","M","E","R","M","R"],"character_chosen":"DEFECT","items_purchased":[],"campfire_rested":2,"item_purchase_floors":[],"current_hp_per_floor":[73,73,72,72,54,25,43,43,43,43,39,20,42,22,44,0],"gold":226,"neow_bonus":"BOSS_RELIC","is_prod":false,"is_daily":false,"chose_seed":false,"campfire_upgraded":1,"win_rate":0,"timestamp":1539956792,"path_taken":["M","?","?","M","M","E","?","?","T","R","M","E","R","M","R","BOSS"],"build_version":"2018-10-18","purchased_purges":0,"victory":false,"max_hp_per_floor":[75,75,75,75,75,75,75,75,75,75,75,75,75,75,75,75],"card_choices":[{"not_picked":[],"picked":"Compile Driver","floor":1},{"not_picked":["Beam Cell"],"picked":"SKIP","floor":3},{"not_picked":["Go for the Eyes"],"picked":"SKIP","floor":4},{"not_picked":[],"picked":"Cold Snap","floor":5},{"not_picked":["Turbo"],"picked":"SKIP","floor":6},{"not_picked":[],"picked":"Steam","floor":11},{"not_picked":["Rip and Tear"],"picked":"SKIP","floor":12},{"not_picked":["Turbo"],"picked":"SKIP","floor":14}],"player_experience":446009,"relics_obtained":[{"floor":6,"key":"Juzu Bracelet"},{"floor":9,"key":"Cables"},{"floor":12,"key":"StoneCalendar"}],"event_choices":[{"damage_healed":0,"gold_gain":0,"player_choice":"Upgraded","damage_taken":0,"max_hp_gain":0,"max_hp_loss":0,"event_name":"Upgrade Shrine","floor":2,"gold_loss":0,"cards_upgraded":["Zap"]},{"damage_healed":18,"gold_gain":0,"player_choice":"Healed","damage_taken":0,"max_hp_gain":0,"max_hp_loss":0,"event_name":"The Cleric","floor":7,"gold_loss":35}],"is_beta":false,"boss_relics":[],"items_purged_floors":[],"is_endless":false,"potions_floor_spawned":[3,12],"killed_by":"The Guardian","ascension_level":4}