{"gold_per_floor":[117,18,18,18,33,33,33,33,86,98,98,124,124,135,135,234,234,249,249,174,273,303,303,303,322,322,333,405,405,420,436,436,540,540,555,555],"floor_reached":36,"playtime":1936,"items_purged":["Normality"],"score":396,"play_id":"9764d3a1-16c6-4c63-87b2-b8aed346b0a3","local_time":"20190706164711","is_ascension_mode":true,"campfire_choices":[{"data":"Cleave","floor":6,"key":"SMITH"},{"data":"Bash","floor":8,"key":"SMITH"},{"data":"Cleave","floor":11,"key":"SMITH"},{"data":"True Grit","floor":13,"key":"SMITH"},{"floor":15,"key":"REST"},{"floor":23,"key":"REST"},{"floor":29,"key":"REST"},{"floor":32,"key":"REST"}],"neow_cost":"CURSE","seed_source_timestamp":775470790619366,"circlet_count":0,"master_deck":["Defend_R","Defend_R","Defend_R","Defend_R","Bash+1","Metallicize","Cleave+1","Dramatic Entrance","True Grit","True Grit+1","Cleave+1","Exhume","Cleave","Barricade","Whirlwind+1","Body Slam"],"relics":["Burning Blood","Ginger","Bag of Preparation","Orichalcum","Busted Crown","Red Mask","Mummified Hand","Ornamental Fan","Empty Cage"],"potions_floor_usage":[16,31,31,33,36],"damage_taken":[{"damage":6,"enemies":"Cultist","floor":1,"turns":4},{"damage":5,"enemies":"Jaw Worm","floor":5,"turns":3},{"damage":0,"enemies":"2 Louse","floor":10,"turns":2},{"damage":31,"enemies":"Gremlin Nob","floor":12,"turns":5},{"damage":19,"enemies":"Large Slime","floor":14,"turns":6},{"damage":1,"enemies":"Slime Boss","floor":16,"turns":6},{"damage":20,"enemies":"2 Thieves","floor":18,"turns":4},{"damage":44,"enemies":"Masked Bandits","floor":22,"turns":4},{"damage":18,"enemies":"Spheric Guardian","floor":25,"turns":5},{"damage":35,"enemies":"Shelled Parasite and Fungi","floor":27,"turns":4},{"damage":17,"enemies":"Snake Plant","floor":30,"turns":3},{"damage":1,"enemies":"Snecko","floor":31,"turns":5},{"damage":32,"enemies":"Collector","floor":33,"turns":11},{"damage":16,"enemies":"3 Shapes","floor":35,"turns":2},{"damage":73,"enemies":"2 Orb Walkers","floor":36,"turns":4}],"seed_played":"-5226342939657295222","potions_obtained":[{"floor":1,"key":"AttackPotion"},{"floor":10,"key":"Ancient Potion"},{"floor":30,"key":"Weak Potion"},{"floor":31,"key":"LiquidBronze"},{"floor":33,"key":"AttackPotion"}],"is_trial":false,"path_per_floor":["M","$","?","?","M","R","$","R","T","M","R","E","R","M","R","B",null,"M","?","?","?","?","R","?","M","T","M","T","R","M","M","R","B",null,"M","?"],"character_chosen":"IRONCLAD","items_purchased":["Cleave"],"campfire_rested":4,"item_purchase_floors":[2],"current_hp_per_floor":[80,80,73,73,74,74,74,74,74,80,80,55,55,42,66,71,80,66,66,66,66,28,52,52,40,40,11,11,35,24,29,53,27,80,70,0],"gold":555,"neow_bonus":"ONE_RARE_RELIC","is_prod":false,"is_daily":false,"chose_seed":false,"campfire_upgraded":4,"win_rate":0,"timestamp":1562449631,"path_taken":["M","$","?","?","M","R","$","R","T","M","R","E","R","?","R","BOSS","M","?","?","?","?","R","?","M","T","M","?","R","M","M","R","BOSS","M","?"],"build_version":"2019-07-05","purchased_purges":1,"victory":false,"max_hp_per_floor":[80,80,80,80,80,80,80,80,80,80,80,80,80,80,80,80,80,80,80,80,80,80,80,80,80,80,80,80,80,80,80,80,80,80,80,80],"card_choices":[{"not_picked":["Warcry","Rampage"],"picked":"Metallicize","floor":1},{"not_picked":["Seeing Red","Rampage"],"picked":"True Grit","floor":5},{"not_picked":["Anger","Shrug It Off"],"picked":"Cleave","floor":10},{"not_picked":["Wild Strike","Clash"],"picked":"Exhume","floor":12},{"not_picked":["Pommel Strike","Sword Boomerang"],"picked":"Cleave","floor":14},{"not_picked":["Brutality","Limit Break"],"picked":"Barricade","floor":16},{"not_picked":["Clothesline"],"picked":"SKIP","floor":18},{"not_picked":[],"picked":"Whirlwind+1","floor":22},{"not_picked":["Armaments"],"picked":"SKIP","floor":25},{"not_picked":["Perfected Strike+1"],"picked":"SKIP","floor":27},{"not_picked":[],"picked":"Body Slam","floor":30},{"not_picked":["Seeing Red"],"picked":"SKIP","floor":31},{"not_picked":["Warcry+1"],"picked":"SKIP","floor":35}],"player_experience":320361,"relics_obtained":[{"floor":9,"key":"Bag of Preparation"},{"floor":12,"key":"Orichalcum"},{"floor":22,"key":"Red Mask"},{"floor":26,"key":"Mummified Hand"},{"floor":28,"key":"Ornamental Fan"}],"event_choices":[{"cards_removed":["Strike_R"],"damage_healed":0,"gold_gain":0,"player_choice":"Card Removal","damage_taken":7,"max_hp_gain":0,"max_hp_loss":0,"event_name":"Golden Wing","floor":3,"gold_loss":0},{"damage_healed":0,"gold_gain":0,"player_choice":"2 cards matched","damage_taken":0,"max_hp_gain":0,"max_hp_loss":0,"event_name":"Match and Keep!","floor":4,"gold_loss":0,"cards_obtained":["Dramatic Entrance","True Grit"]},{"cards_removed":["Strike_R"],"damage_healed":0,"gold_gain":0,"player_choice":"Elegance","damage_taken":0,"max_hp_gain":0,"max_hp_loss":0,"event_name":"Back to Basics","floor":19,"gold_loss":0},{"cards_removed":["Strike_R"],"damage_healed":0,"gold_gain":0,"player_choice":"Gave Gold","damage_taken":0,"max_hp_gain":0,"max_hp_loss":0,"event_name":"Beggar","floor":20,"gold_loss":75},{"damage_healed":0,"gold_gain":99,"player_choice":"Stole From Cult","damage_taken":0,"max_hp_gain":0,"max_hp_loss":0,"event_name":"Nest","floor":21,"gold_loss":0},{"damage_healed":0,"gold_gain":0,"player_choice":"Fought Bandits","damage_taken":0,"max_hp_gain":0,"max_hp_loss":0,"event_name":"Masked Bandits","floor":22,"gold_loss":0},{"damage_healed":0,"gold_gain":0,"player_choice":"Ignored","damage_taken":0,"max_hp_gain":0,"max_hp_loss":0,"event_name":"Vampires","floor":24,"gold_loss":0},{"damage_healed":0,"gold_gain":0,"player_choice":"Fight","damage_taken":0,"max_hp_gain":0,"max_hp_loss":0,"event_name":"Mysterious Sphere","floor":36,"gold_loss":0}],"is_beta":false,"boss_relics":[{"not_picked":["Sozu","Runic Pyramid"],"picked":"Busted Crown"},{"not_picked":["Velvet Choker","Pandora\u0027s Box"],"picked":"Empty Cage"}],"items_purged_floors":[2],"is_endless":false,"potions_floor_spawned":[1,10,30,31,33],"killed_by":"2 Orb Walkers","ascension_level":2}