{"gold_per_floor":[13,30,45,45,45,76,76,111,138,155,166,15,15,35,35,132,132,143,43,55,70,89,118,88,88,112,139,157,182,182,8,8,110,110,129,146,0,0,0,0,0,10,10,10],"floor_reached":44,"playtime":4399,"items_purged":["Strike_G","Strike_G","Strike_G"],"score":507,"play_id":"5f224a76-be17-4e58-bd5e-c0380bb93253","local_time":"20190706132950","is_ascension_mode":true,"campfire_choices":[{"data":"Dash","floor":7,"key":"SMITH"},{"data":"Noxious Fumes","floor":13,"key":"SMITH"},{"floor":15,"key":"REST"},{"floor":25,"key":"REST"},{"floor":30,"key":"REST"},{"data":"Leg Sweep","floor":32,"key":"SMITH"},{"data":"Catalyst","floor":40,"key":"SMITH"}],"neow_cost":"NO_GOLD","seed_source_timestamp":761165951447622,"circlet_count":0,"master_deck":["Strike_G+1","Defend_G","Defend_G","Defend_G","Defend_G","Survivor","Neutralize+1","Sucker Punch+1","Flying Knee","Acrobatics","Dash+1","Well Laid Plans","Backflip","Skewer+1","Noxious Fumes+1","Sucker Punch","Heel Hook","Night Terror","Leg Sweep+1","Eviscerate+1","Blur+1","Dodge and Roll","Catalyst+1","Catalyst+1","Envenom","Catalyst+1","Backstab","Endless Agony"],"relics":["Ring of the Serpent","Thread and Needle","Oddly Smooth Stone","Bag of Marbles","Dream Catcher","Shuriken","Boot","The Specimen","Regal Pillow","Snecko Eye","Whetstone","Bag of Preparation"],"potions_floor_usage":[16,20,20,23,27,27,27,33,33,44],"damage_taken":[{"damage":0,"enemies":"2 Louse","floor":1,"turns":3},{"damage":0,"enemies":"Cultist","floor":2,"turns":4},{"damage":1,"enemies":"Small Slimes","floor":3,"turns":4},{"damage":22,"enemies":"Lagavulin","floor":6,"turns":8},{"damage":5,"enemies":"3 Sentries","floor":8,"turns":10},{"damage":0,"enemies":"3 Louse","floor":10,"turns":3},{"damage":0,"enemies":"Exordium Thugs","floor":11,"turns":3},{"damage":7,"enemies":"Large Slime","floor":14,"turns":5},{"damage":19,"enemies":"The Guardian","floor":16,"turns":8},{"damage":0,"enemies":"Chosen","floor":18,"turns":5},{"damage":7,"enemies":"Shell Parasite","floor":20,"turns":3},{"damage":0,"enemies":"Cultist and Chosen","floor":21,"turns":7},{"damage":0,"enemies":"Centurion and Healer","floor":22,"turns":8},{"damage":54,"enemies":"Gremlin Leader","floor":23,"turns":9},{"damage":7,"enemies":"Book of Stabbing","floor":27,"turns":6},{"damage":8,"enemies":"Snake Plant","floor":28,"turns":5},{"damage":36,"enemies":"Automaton","floor":33,"turns":9},{"damage":21,"enemies":"3 Darklings","floor":35,"turns":6},{"damage":0,"enemies":"3 Shapes","floor":36,"turns":2},{"damage":28,"enemies":"Sphere and 2 Shapes","floor":42,"turns":5},{"damage":26,"enemies":"Reptomancer","floor":44,"turns":2}],"seed_played":"-5946715182619167770","potions_obtained":[{"floor":8,"key":"SkillPotion"},{"floor":11,"key":"Block Potion"},{"floor":14,"key":"Swift Potion"},{"floor":18,"key":"Strength Potion"},{"floor":22,"key":"Block Potion"},{"floor":24,"key":"Strength Potion"},{"floor":24,"key":"Fruit Juice"},{"floor":28,"key":"Regen Potion"},{"floor":42,"key":"PowerPotion"}],"is_trial":false,"path_per_floor":["M","M","M","?","?","E","R","E","T","M","M","$","R","M","R","B",null,"M","$","M","M","M","E","?","R","T","E","M","T","R","$","R","B",null,"M","M","$","?","?","R","$","M","T","E"],"character_chosen":"THE_SILENT","items_purchased":["Noxious Fumes","PowerPotion","Whetstone"],"campfire_rested":3,"item_purchase_floors":[12,31,37],"current_hp_per_floor":[70,70,69,69,69,47,47,42,42,42,42,42,42,35,56,37,70,70,70,63,63,63,9,9,30,30,28,20,20,57,57,57,36,75,54,54,54,54,54,54,54,26,26,0],"gold":10,"neow_bonus":"ONE_RARE_RELIC","is_prod":false,"is_daily":false,"chose_seed":false,"campfire_upgraded":4,"win_rate":0,"timestamp":1562437790,"path_taken":["M","M","M","?","?","E","R","E","T","?","M","?","R","M","R","BOSS","M","$","M","M","M","E","?","R","T","E","?","?","R","$","R","BOSS","M","M","$","?","?","R","$","M","T","E"],"build_version":"2019-07-05","purchased_purges":3,"victory":false,"max_hp_per_floor":[70,70,70,70,70,70,70,70,70,70,70,70,70,70,70,70,70,70,70,70,70,70,70,70,70,70,75,75,75,75,75,75,75,75,75,75,75,75,75,75,75,75,75,75],"card_choices":[{"not_picked":["Underhanded Strike","Blade Dance"],"picked":"Sucker Punch","floor":1},{"not_picked":["Slice","Dagger Throw"],"picked":"Flying Knee","floor":2},{"not_picked":["Catalyst","Terror"],"picked":"Acrobatics","floor":3},{"not_picked":["Distraction","Phantasmal Killer"],"picked":"Dash","floor":6},{"not_picked":["Poisoned Stab","Malaise"],"picked":"Well Laid Plans","floor":8},{"not_picked":["Footwork","Quick Slash"],"picked":"Backflip","floor":10},{"not_picked":["Infinite Blades","Crippling Poison"],"picked":"Skewer","floor":11},{"not_picked":["Deflect","Bane"],"picked":"Sucker Punch","floor":14},{"not_picked":["Quick Slash","Dagger Throw"],"picked":"Heel Hook","floor":15},{"not_picked":["Envenom","Doppelganger"],"picked":"Night Terror","floor":16},{"not_picked":["Bouncing Flask","Slice+1","Tactician"],"picked":"SKIP","floor":18},{"not_picked":["Skewer","Eviscerate"],"picked":"Leg Sweep","floor":20},{"not_picked":["Quick Slash","Flechettes"],"picked":"Eviscerate+1","floor":21},{"not_picked":["Slice+1","Blade Dance","Escape Plan"],"picked":"SKIP","floor":22},{"not_picked":["Well Laid Plans+1","Infinite Blades","Dash"],"picked":"SKIP","floor":23},{"not_picked":["Flying Knee","PiercingWail"],"picked":"Blur+1","floor":25},{"not_picked":["Sucker Punch","Escape Plan"],"picked":"Dodge and Roll","floor":27},{"not_picked":["Outmaneuver","Expertise"],"picked":"Catalyst+1","floor":28},{"not_picked":["PiercingWail","Slice"],"picked":"Catalyst","floor":30},{"not_picked":["Storm of Steel","Grand Finale"],"picked":"Envenom","floor":33},{"not_picked":["Underhanded Strike+1","Setup+1"],"picked":"Catalyst+1","floor":35},{"not_picked":["Prepared","Poisoned Stab"],"picked":"Backstab","floor":36},{"not_picked":["Dagger Throw","Sucker Punch+1","Riddle With Holes+1"],"picked":"SKIP","floor":42}],"player_experience":313874,"relics_obtained":[{"floor":6,"key":"Oddly Smooth Stone"},{"floor":8,"key":"Bag of Marbles"},{"floor":9,"key":"Dream Catcher"},{"floor":23,"key":"Shuriken"},{"floor":26,"key":"Boot"},{"floor":27,"key":"The Specimen"},{"floor":29,"key":"Regal Pillow"},{"floor":43,"key":"Bag of Preparation"}],"event_choices":[{"damage_healed":0,"gold_gain":0,"player_choice":"Grow","damage_taken":0,"max_hp_gain":0,"max_hp_loss":0,"event_name":"Living Wall","floor":4,"gold_loss":0,"cards_upgraded":["Neutralize"]},{"damage_healed":0,"gold_gain":0,"player_choice":"Forge","damage_taken":0,"max_hp_gain":0,"max_hp_loss":0,"event_name":"Accursed Blacksmith","floor":5,"gold_loss":0,"cards_upgraded":["Sucker Punch"]},{"damage_healed":0,"gold_gain":0,"player_choice":"Bought 2 Potions","damage_taken":0,"max_hp_gain":0,"max_hp_loss":0,"event_name":"The Woman in Blue","floor":24,"gold_loss":0},{"cards_removed":["Defend_G"],"damage_healed":0,"gold_gain":0,"player_choice":"Removed Skill","damage_taken":0,"max_hp_gain":0,"max_hp_loss":0,"event_name":"Falling","floor":38,"gold_loss":0},{"damage_healed":0,"gold_gain":0,"cards_transformed":["Strike_G"],"player_choice":"Transformed","damage_taken":0,"max_hp_gain":0,"max_hp_loss":0,"event_name":"Transmorgrifier","floor":39,"gold_loss":0,"cards_obtained":["Endless Agony"]}],"is_beta":false,"boss_relics":[{"not_picked":["Cursed Key","Runic Pyramid"],"picked":"Ring of the Serpent"},{"not_picked":["White Beast Statue","Orrery"],"picked":"Snecko Eye"}],"items_purged_floors":[12,19,31],"is_endless":false,"potions_floor_spawned":[8,11,14,18,22,28,42],"killed_by":"Reptomancer","ascension_level":1}