{"gold_per_floor":[118,118,135,11,11,11,38,38,38,38,38,38,52,62,62,163,163,180,197,213,232,243,243,271,281,306,306,306,306,325,325,325,421,421,432,432,448,467,467],"floor_reached":39,"playtime":1870,"items_purged":["Pain"],"score":403,"play_id":"bac6fc60-166b-4884-bd9f-28562f72d94e","local_time":"20190709184836","is_ascension_mode":false,"campfire_choices":[{"data":"True Grit","floor":6,"key":"SMITH"},{"data":"Shrug It Off","floor":8,"key":"SMITH"},{"data":"Intimidate","floor":11,"key":"SMITH"},{"data":"Flex","floor":15,"key":"SMITH"},{"data":"Flame Barrier","floor":23,"key":"SMITH"},{"data":"Thunderclap","floor":29,"key":"SMITH"},{"data":"Infernal Blade","floor":32,"key":"SMITH"}],"neow_cost":"NONE","seed_source_timestamp":16250740433689,"circlet_count":0,"master_deck":["Strike_R+1","Strike_R+1","Strike_R+1","Strike_R+1","Strike_R+1","Defend_R+1","Defend_R+1","Defend_R+1","Defend_R+1","Bash+1","Shrug It Off+1","Intimidate+1","True Grit+1","Flame Barrier+1","Flex+1","Juggernaut+1","Dropkick","Thunderclap+1","Rupture+1","Battle Trance","Infernal Blade+1","Reaper","Bloodletting+1","Madness","Madness","Body Slam"],"relics":["Burning Blood","War Paint","WarpedTongs","Frozen Egg 2","The Courier","Bag of Preparation","Sozu","Bottled Tornado","Oddly Smooth Stone","Du-Vu Doll","Mark of Pain"],"potions_floor_usage":[7],"damage_taken":[{"damage":0,"enemies":"2 Louse","floor":1,"turns":3},{"damage":12,"enemies":"Cultist","floor":3,"turns":5},{"damage":12,"enemies":"3 Sentries","floor":7,"turns":8},{"damage":0,"enemies":"Jaw Worm","floor":13,"turns":4},{"damage":0,"enemies":"Large Slime","floor":14,"turns":4},{"damage":30,"enemies":"The Guardian","floor":16,"turns":13},{"damage":1,"enemies":"2 Thieves","floor":18,"turns":5},{"damage":0,"enemies":"3 Byrds","floor":19,"turns":5},{"damage":0,"enemies":"Snake Plant","floor":20,"turns":4},{"damage":0,"enemies":"Centurion and Healer","floor":21,"turns":6},{"damage":13,"enemies":"Snecko","floor":22,"turns":5},{"damage":2,"enemies":"Gremlin Leader","floor":24,"turns":7},{"damage":20,"enemies":"Cultist and Chosen","floor":25,"turns":7},{"damage":6,"enemies":"Colosseum Slavers","floor":27,"turns":4},{"damage":1,"enemies":"Centurion and Healer","floor":30,"turns":6},{"damage":40,"enemies":"Collector","floor":33,"turns":12},{"damage":10,"enemies":"Orb Walker","floor":35,"turns":4},{"damage":11,"enemies":"3 Shapes","floor":37,"turns":5},{"damage":24,"enemies":"Transient","floor":38,"turns":5},{"damage":79,"enemies":"2 Orb Walkers","floor":39,"turns":5}],"seed_played":"-6624807908824936914","potions_obtained":[{"floor":1,"key":"Strength Potion"},{"floor":16,"key":"FearPotion"}],"is_trial":false,"path_per_floor":["M","?","M","$","?","R","E","R","T","?","R","?","M","M","R","B",null,"M","M","M","M","M","R","E","M","T","?","?","R","M","?","R","B",null,"M","?","M","M","?"],"character_chosen":"IRONCLAD","items_purchased":["True Grit"],"campfire_rested":0,"item_purchase_floors":[4],"current_hp_per_floor":[80,80,74,74,74,74,68,68,68,50,50,50,56,62,62,38,80,80,80,80,80,73,73,77,63,63,63,63,63,68,68,68,34,80,76,66,71,62,0],"gold":467,"neow_bonus":"RANDOM_COMMON_RELIC","is_prod":false,"is_daily":false,"chose_seed":false,"campfire_upgraded":7,"win_rate":0,"timestamp":1562690916,"path_taken":["M","?","?","$","?","R","E","R","T","?","R","?","M","M","R","BOSS","M","M","?","?","M","R","E","M","T","?","?","R","M","?","R","BOSS","M","?","M","M","?"],"build_version":"2019-07-05","purchased_purges":1,"victory":false,"max_hp_per_floor":[80,80,80,80,80,80,80,80,80,80,80,80,80,80,80,80,80,80,80,80,80,80,80,80,80,80,80,80,80,80,80,80,80,80,80,80,80,80,80],"card_choices":[{"not_picked":["Hemokinesis","Dropkick"],"picked":"Shrug It Off","floor":1},{"not_picked":["Pommel Strike","Flex"],"picked":"Intimidate","floor":3},{"not_picked":["Sever Soul","Dual Wield","Twin Strike"],"picked":"SKIP","floor":7},{"not_picked":["Clash","Flex"],"picked":"Flame Barrier","floor":13},{"not_picked":["Armaments","Anger"],"picked":"Flex","floor":14},{"not_picked":["Reaper","Impervious"],"picked":"Juggernaut+1","floor":16},{"not_picked":["Headbutt","Body Slam","Perfected Strike+1"],"picked":"SKIP","floor":18},{"not_picked":["Rampage","Hemokinesis"],"picked":"Dropkick","floor":19},{"not_picked":["Perfected Strike+1","Infernal Blade"],"picked":"Thunderclap","floor":20},{"not_picked":["Clash","Sword Boomerang+1","Wild Strike"],"picked":"SKIP","floor":21},{"not_picked":["True Grit+1","Impervious"],"picked":"Rupture+1","floor":22},{"not_picked":["Sever Soul","Infernal Blade","Perfected Strike"],"picked":"SKIP","floor":24},{"not_picked":["Dropkick","Reckless Charge"],"picked":"Battle Trance","floor":25},{"not_picked":["Bloodletting","Thunderclap","Infernal Blade"],"picked":"SKIP","floor":30},{"not_picked":["Bloodletting","Thunderclap"],"picked":"Infernal Blade","floor":30},{"not_picked":["Fiend Fire","Impervious"],"picked":"Reaper","floor":33},{"not_picked":["Pommel Strike","Thunderclap"],"picked":"Bloodletting+1","floor":35},{"not_picked":["Combust+1","Power Through","Warcry"],"picked":"SKIP","floor":37},{"not_picked":["Warcry+1","Sever Soul+1"],"picked":"Body Slam","floor":38}],"player_experience":46909,"relics_obtained":[{"floor":7,"key":"Frozen Egg 2"},{"floor":9,"key":"The Courier"},{"floor":24,"key":"Bottled Tornado"},{"floor":26,"key":"Oddly Smooth Stone"}],"event_choices":[{"damage_healed":0,"gold_gain":0,"player_choice":"Rummage","damage_taken":0,"relics_obtained":["WarpedTongs"],"max_hp_gain":0,"max_hp_loss":0,"event_name":"Accursed Blacksmith","floor":2,"gold_loss":0,"cards_obtained":["Pain"]},{"damage_healed":0,"gold_gain":0,"player_choice":"Grow","damage_taken":0,"max_hp_gain":0,"max_hp_loss":0,"event_name":"Living Wall","floor":5,"gold_loss":0,"cards_upgraded":["Bash"]},{"damage_healed":0,"gold_gain":0,"player_choice":"Success","damage_taken":18,"relics_obtained":["Bag of Preparation"],"max_hp_gain":0,"max_hp_loss":0,"event_name":"Scrap Ooze","floor":10,"gold_loss":0},{"damage_healed":0,"gold_gain":0,"player_choice":"0 cards matched","damage_taken":0,"max_hp_gain":0,"max_hp_loss":0,"event_name":"Match and Keep!","floor":12,"gold_loss":0,"cards_obtained":[]},{"damage_healed":0,"gold_gain":0,"player_choice":"Fight","damage_taken":0,"max_hp_gain":0,"max_hp_loss":0,"event_name":"Colosseum","floor":27,"gold_loss":0},{"damage_healed":0,"gold_gain":0,"player_choice":"Fled From Nobs","damage_taken":0,"max_hp_gain":0,"max_hp_loss":0,"event_name":"Colosseum","floor":27,"gold_loss":0},{"damage_healed":0,"gold_gain":0,"player_choice":"Opened","damage_taken":0,"relics_obtained":["Du-Vu Doll"],"max_hp_gain":0,"max_hp_loss":0,"event_name":"The Mausoleum","floor":28,"gold_loss":0},{"damage_healed":0,"gold_gain":0,"player_choice":"Simplicity","damage_taken":0,"max_hp_gain":0,"max_hp_loss":0,"event_name":"Back to Basics","floor":31,"gold_loss":0,"cards_upgraded":["Strike_R","Strike_R","Strike_R","Strike_R","Strike_R","Defend_R","Defend_R"]},{"damage_healed":0,"gold_gain":0,"player_choice":"Embrace Madness","damage_taken":10,"max_hp_gain":0,"max_hp_loss":0,"event_name":"Winding Halls","floor":36,"gold_loss":0,"cards_obtained":["Madness","Madness"]},{"damage_healed":0,"gold_gain":0,"player_choice":"Fight","damage_taken":0,"max_hp_gain":0,"max_hp_loss":0,"event_name":"Mysterious Sphere","floor":39,"gold_loss":0}],"is_beta":false,"boss_relics":[{"not_picked":["Busted Crown","Eternal Feather"],"picked":"Sozu"},{"not_picked":["Tiny House","Calling Bell"],"picked":"Mark of Pain"}],"items_purged_floors":[4],"is_endless":false,"potions_floor_spawned":[1,16,19,22,27,30,35,38],"killed_by":"2 Orb Walkers","ascension_level":0}