{"gold_per_floor":[115,115,65,81,81,119,119,153,153,153,173,198,273,298,298,298],"floor_reached":16,"playtime":448,"items_purged":[],"score":171,"play_id":"a5cf92d6-4f53-4282-b44d-f3e63a37b13a","local_time":"20181012092132","is_ascension_mode":true,"campfire_choices":[{"floor":7,"key":"REST"},{"floor":10,"key":"REST"},{"data":"Sword Boomerang","floor":15,"key":"SMITH"}],"neow_cost":"","seed_source_timestamp":94206551002000,"circlet_count":0,"master_deck":["Strike_R","Strike_R","Strike_R","Strike_R","Defend_R","Defend_R","Defend_R","Defend_R","Bash","AscendersBane","Cleave","Flex","Sword Boomerang+1","Reaper"],"relics":["Burning Blood","Singing Bowl","Golden Idol","Potion Belt","Frozen Egg 2","Gremlin Horn"],"potions_floor_usage":[11,14,16],"damage_taken":[{"damage":8,"enemies":"Small Slimes","floor":1,"turns":4},{"damage":5,"enemies":"2 Louse","floor":4,"turns":2},{"damage":50,"enemies":"Lagavulin","floor":6,"turns":8},{"damage":24,"enemies":"Gremlin Nob","floor":8,"turns":4},{"damage":0,"enemies":"Jaw Worm","floor":11,"turns":4},{"damage":22,"enemies":"Looter","floor":12,"turns":3},{"damage":0,"enemies":"Large Slime","floor":14,"turns":3},{"damage":86,"enemies":"The Guardian","floor":16,"turns":10}],"seed_played":"6072081560975341454","potions_obtained":[{"floor":6,"key":"SpeedPotion"},{"floor":11,"key":"Swift Potion"},{"floor":12,"key":"SteroidPotion"}],"is_trial":false,"path_per_floor":["M","?","?","M","?","E","R","E","T","R","M","M","?","M","R"],"character_chosen":"IRONCLAD","items_purchased":[],"campfire_rested":2,"item_purchase_floors":[],"current_hp_per_floor":[70,67,67,68,68,26,48,32,32,55,63,47,36,42,42,0],"gold":298,"neow_bonus":"","is_prod":false,"is_daily":false,"chose_seed":false,"campfire_upgraded":1,"win_rate":0,"timestamp":1539325292,"path_taken":["M","?","?","M","?","E","R","E","T","R","M","?","?","M","R","BOSS"],"build_version":"2018-10-11","purchased_purges":0,"victory":false,"max_hp_per_floor":[80,80,80,80,74,76,76,78,78,78,80,80,80,80,80,80],"card_choices":[{"not_picked":["Headbutt","Body Slam"],"picked":"Cleave","floor":1},{"not_picked":["Armaments","Perfected Strike"],"picked":"Flex","floor":4},{"not_picked":["Burning Pact","Cleave","Battle Trance"],"picked":"Singing Bowl","floor":6},{"not_picked":["Dark Embrace","Body Slam","Evolve"],"picked":"Singing Bowl","floor":8},{"not_picked":["Armaments","True Grit","Flex"],"picked":"Singing Bowl","floor":11},{"not_picked":["Twin Strike","Headbutt"],"picked":"Sword Boomerang","floor":12},{"not_picked":["Thunderclap","Rupture+1"],"picked":"Reaper","floor":14}],"player_experience":433927,"relics_obtained":[{"floor":6,"key":"Potion Belt"},{"floor":8,"key":"Frozen Egg 2"},{"floor":9,"key":"Gremlin Horn"}],"event_choices":[{"event_name":"Scrap Ooze","player_choice":"success","floor":2,"damage_taken":3},{"event_name":"The Cleric","player_choice":"Card Removal","floor":3,"damage_taken":0},{"event_name":"Golden Idol","player_choice":"Lose Max HP","floor":5,"damage_taken":0},{"event_name":"World of Goop","player_choice":"Gather Gold","floor":13,"damage_taken":0}],"is_beta":false,"boss_relics":[],"items_purged_floors":[],"is_endless":false,"potions_floor_spawned":[6,11,12],"killed_by":"The Guardian","ascension_level":11}