{"gold_per_floor":[137,137,174,232,265,265,335,335,335,376,421,14,70,50,50,176,176,216,258,302,380,107,107,161,161,213,312,16,16,96,162,162,258,258,293,311,7,282,350,350,383,403,403,17,35,35,35,71,71,71],"floor_reached":50,"playtime":2252,"items_purged":["Feel No Pain"],"score":887,"play_id":"dd0338cb-9b76-4895-a9d3-30fd54e5dcfa","local_time":"20190111203400","is_ascension_mode":true,"campfire_choices":[{"data":"HandOfGreed","floor":6,"key":"SMITH"},{"data":"Cleave","floor":8,"key":"SMITH"},{"floor":15,"key":"REST"},{"data":"Warcry","floor":23,"key":"SMITH"},{"data":"Good Instincts","floor":25,"key":"SMITH"},{"data":"Clothesline","floor":32,"key":"SMITH"},{"data":"Impervious","floor":40,"key":"SMITH"},{"data":"Bash","floor":46,"key":"SMITH"},{"floor":49,"key":"REST"}],"neow_cost":"PERCENT_DAMAGE","seed_source_timestamp":42999869635200,"circlet_count":0,"master_deck":["AscendersBane","Bash+1","HandOfGreed+1","Good Instincts+1","Warcry+1","Clothesline+1","Impervious+1","Shrug It Off","Cleave+1","Seeing Red+1","Infernal Blade+1","Reaper+1","Shrug It Off+1","Hemokinesis+1","Spot Weakness+1","Sever Soul+1","Heavy Blade+1","Shrug It Off+1","Armaments+1","Flame Barrier+1","Pommel Strike+1","Intimidate+1","Flex+1","Offering+1","Disarm+1","Regret","Warcry+1","Berserk+1"],"relics":["Burning Blood","Toxic Egg 2","Molten Egg 2","Regal Pillow","Bottled Lightning","Pandora\u0027s Box","Red Mask","Lee\u0027s Waffle","Lantern","Vajra","Brimstone","Frozen Egg 2","Mark of Pain","PreservedInsect","Orichalcum","Oddly Smooth Stone","Question Card","Paper Frog","Boot"],"potions_floor_usage":[5,13,16,21,21,33,33,45,45,50],"damage_taken":[{"damage":1,"enemies":"Cultist","floor":1,"turns":3},{"damage":3,"enemies":"Jaw Worm","floor":3,"turns":4},{"damage":11,"enemies":"2 Louse","floor":4,"turns":3},{"damage":19,"enemies":"2 Fungi Beasts","floor":5,"turns":6},{"damage":14,"enemies":"Exordium Thugs","floor":7,"turns":7},{"damage":7,"enemies":"Red Slaver","floor":10,"turns":5},{"damage":6,"enemies":"Looter","floor":11,"turns":4},{"damage":24,"enemies":"Gremlin Nob","floor":13,"turns":4},{"damage":20,"enemies":"Hexaghost","floor":16,"turns":7},{"damage":11,"enemies":"Spheric Guardian","floor":18,"turns":4},{"damage":2,"enemies":"Shell Parasite","floor":19,"turns":3},{"damage":24,"enemies":"Snake Plant","floor":20,"turns":5},{"damage":31,"enemies":"Masked Bandits","floor":21,"turns":6},{"damage":44,"enemies":"Book of Stabbing","floor":24,"turns":7},{"damage":12,"enemies":"Slavers","floor":30,"turns":5},{"damage":22,"enemies":"Centurion and Healer","floor":31,"turns":5},{"damage":62,"enemies":"Automaton","floor":33,"turns":10},{"damage":6,"enemies":"3 Darklings","floor":35,"turns":5},{"damage":2,"enemies":"Orb Walker","floor":36,"turns":2},{"damage":21,"enemies":"4 Shapes","floor":39,"turns":5},{"damage":6,"enemies":"Nemesis","floor":41,"turns":5},{"damage":14,"enemies":"Jaw Worm Horde","floor":42,"turns":4},{"damage":31,"enemies":"3 Darklings","floor":45,"turns":3},{"damage":12,"enemies":"4 Shapes","floor":48,"turns":2},{"damage":109,"enemies":"Donu and Deca","floor":50,"turns":6}],"seed_played":"-7803162513640467484","potions_obtained":[{"floor":4,"key":"Regen Potion"},{"floor":5,"key":"Weak Potion"},{"floor":13,"key":"PowerPotion"},{"floor":14,"key":"Ancient Potion"},{"floor":16,"key":"Regen Potion"},{"floor":33,"key":"Block Potion"},{"floor":39,"key":"Regen Potion"},{"floor":45,"key":"Block Potion"},{"floor":47,"key":"FairyPotion"}],"is_trial":false,"path_per_floor":["M","?","M","M","M","R","M","R","T","M","M","$","E","?","R","B",null,"M","M","M","?","$","R","E","R","T","?","$","?","E","M","R","B",null,"M","M","$","?","M","R","E","M","T","$","M","R","?","M","R","B"],"character_chosen":"IRONCLAD","items_purchased":["Molten Egg 2","Regal Pillow","Lee\u0027s Waffle","Brimstone","Explosive Potion","Explosive Potion","PreservedInsect","Orichalcum","Paper Frog","Boot"],"campfire_rested":2,"item_purchase_floors":[12,12,22,28,28,28,37,37,44,44],"current_hp_per_floor":[56,56,59,54,56,56,48,48,48,47,47,47,29,29,68,54,74,69,73,58,48,87,87,49,49,49,49,49,49,67,71,71,47,77,87,87,87,87,80,80,87,79,79,79,69,69,69,63,87,0],"gold":71,"neow_bonus":"RANDOM_COLORLESS_2","is_prod":false,"is_daily":false,"chose_seed":false,"campfire_upgraded":7,"win_rate":0,"timestamp":1547231640,"path_taken":["M","?","M","?","M","R","M","R","T","M","M","$","E","?","R","BOSS","M","?","M","?","$","R","E","R","T","?","$","?","E","M","R","BOSS","M","M","$","?","?","R","E","M","T","$","M","R","?","M","R","BOSS"],"build_version":"2019-01-10","purchased_purges":1,"victory":false,"max_hp_per_floor":[80,80,80,80,80,80,80,80,80,80,80,80,80,80,80,80,80,80,80,80,80,87,87,87,87,87,87,87,87,87,87,87,87,87,87,87,87,87,87,87,87,87,87,87,87,87,87,87,87,87],"card_choices":[{"not_picked":["Havoc","Iron Wave"],"picked":"Warcry","floor":1},{"not_picked":["Sever Soul","Warcry"],"picked":"Clothesline","floor":3},{"not_picked":["Heavy Blade","Twin Strike"],"picked":"Impervious","floor":4},{"not_picked":["Body Slam","Second Wind"],"picked":"Shrug It Off","floor":5},{"not_picked":["Burning Pact","Feel No Pain"],"picked":"Cleave","floor":7},{"not_picked":["Uppercut","Clash"],"picked":"Seeing Red+1","floor":10},{"not_picked":["Feel No Pain","Shockwave+1","Burning Pact+1"],"picked":"SKIP","floor":11},{"not_picked":["Sever Soul+1","Clash+1"],"picked":"Infernal Blade+1","floor":13},{"not_picked":["Feed+1","Juggernaut"],"picked":"Reaper+1","floor":16},{"not_picked":["Carnage+1","Thunderclap+1"],"picked":"Flame Barrier+1","floor":18},{"not_picked":["Twin Strike+1","Metallicize"],"picked":"Pommel Strike+1","floor":19},{"not_picked":["Iron Wave+1","Thunderclap+1"],"picked":"Intimidate+1","floor":20},{"not_picked":["Feel No Pain+1","Corruption","Second Wind+1"],"picked":"SKIP","floor":24},{"not_picked":["Warcry+1","Carnage+1"],"picked":"Flex+1","floor":30},{"not_picked":["Berserk+1","Warcry+1","Spot Weakness+1"],"picked":"SKIP","floor":31},{"not_picked":["Juggernaut+1","Immolate+1"],"picked":"Offering+1","floor":33},{"not_picked":["Entrench+1","Clash+1","Sever Soul+1"],"picked":"SKIP","floor":35},{"not_picked":["Sword Boomerang+1","Body Slam+1"],"picked":"Disarm+1","floor":36},{"not_picked":["Power Through+1","Spot Weakness+1"],"picked":"Warcry+1","floor":39},{"not_picked":["Warcry+1","Thunderclap+1","Pommel Strike+1"],"picked":"SKIP","floor":41},{"not_picked":["Corruption+1","Reckless Charge+1","Ghostly Armor+1"],"picked":"SKIP","floor":42},{"not_picked":["Blood for Blood+1","Body Slam+1","Reckless Charge+1","Havoc+1"],"picked":"SKIP","floor":45},{"not_picked":["Perfected Strike+1","Anger+1","Iron Wave+1"],"picked":"Berserk+1","floor":48}],"player_experience":478195,"relics_obtained":[{"floor":9,"key":"Toxic Egg 2"},{"floor":13,"key":"Bottled Lightning"},{"floor":21,"key":"Red Mask"},{"floor":24,"key":"Lantern"},{"floor":26,"key":"Vajra"},{"floor":30,"key":"Frozen Egg 2"},{"floor":41,"key":"Oddly Smooth Stone"},{"floor":43,"key":"Question Card"}],"event_choices":[{"cards_removed":["Strike_R"],"damage_healed":0,"gold_gain":0,"player_choice":"Offered Basic","damage_taken":0,"max_hp_gain":0,"max_hp_loss":0,"event_name":"Bonfire Elementals","floor":2,"gold_loss":0},{"damage_healed":0,"gold_gain":0,"player_choice":"Bought 1 Potion","damage_taken":0,"max_hp_gain":0,"max_hp_loss":0,"event_name":"The Woman in Blue","floor":14,"gold_loss":0},{"damage_healed":0,"gold_gain":0,"player_choice":"Fought Bandits","damage_taken":0,"max_hp_gain":0,"max_hp_loss":0,"event_name":"Masked Bandits","floor":21,"gold_loss":0},{"damage_healed":0,"gold_gain":99,"player_choice":"Stole From Cult","damage_taken":0,"max_hp_gain":0,"max_hp_loss":0,"event_name":"Nest","floor":27,"gold_loss":0},{"damage_healed":0,"gold_gain":0,"player_choice":"Ignored","damage_taken":0,"max_hp_gain":0,"max_hp_loss":0,"event_name":"Vampires","floor":29,"gold_loss":0},{"damage_healed":0,"gold_gain":275,"player_choice":"Desecrate","damage_taken":0,"max_hp_gain":0,"max_hp_loss":0,"event_name":"Golden Shrine","floor":38,"gold_loss":0,"cards_obtained":["Regret"]},{"damage_healed":0,"gold_gain":0,"player_choice":"Got Potions","damage_taken":0,"max_hp_gain":0,"max_hp_loss":0,"event_name":"Lab","floor":47,"gold_loss":0}],"is_beta":false,"boss_relics":[{"not_picked":["Ectoplasm","Runic Dome"],"picked":"Pandora\u0027s Box"},{"not_picked":["Philosopher\u0027s Stone","Cursed Key"],"picked":"Mark of Pain"}],"items_purged_floors":[22],"is_endless":false,"potions_floor_spawned":[4,5,13,16,19,31,33,39,45,48],"killed_by":"Donu and Deca","ascension_level":12}