{"gold_per_floor":[117,129,79,79,4,4,24,24,24,24,24,55,55,67,67,169,169,181,181,200,200,226,226],"floor_reached":23,"playtime":1091,"items_purged":["Strike_G"],"score":273,"play_id":"cbbd11c4-9830-4d76-957b-e262e7690e40","local_time":"20190717212455","is_ascension_mode":true,"campfire_choices":[{"data":"Neutralize","floor":6,"key":"SMITH"},{"data":"Flying Knee","floor":8,"key":"SMITH"},{"data":"Dagger Throw","floor":10,"key":"SMITH"},{"floor":15,"key":"REST"}],"neow_cost":"NONE","seed_source_timestamp":1425696706991,"circlet_count":0,"master_deck":["Defend_G","Defend_G","Defend_G","Defend_G","Defend_G","Survivor","Neutralize+1","Dagger Throw+1","Flying Knee+1","Dash","Bouncing Flask","Envenom","Well Laid Plans","Backflip","Dagger Spray"],"relics":["Ring of the Snake","Blood Vial","StoneCalendar","Fusion Hammer","Red Mask"],"potions_floor_usage":[12,16,16,22,23],"damage_taken":[{"damage":0,"enemies":"Cultist","floor":1,"turns":4},{"damage":0,"enemies":"2 Louse","floor":2,"turns":2},{"damage":9,"enemies":"Small Slimes","floor":7,"turns":3},{"damage":24,"enemies":"Gremlin Nob","floor":12,"turns":5},{"damage":1,"enemies":"Red Slaver","floor":14,"turns":4},{"damage":0,"enemies":"Hexaghost","floor":16,"turns":8},{"damage":3,"enemies":"Chosen","floor":18,"turns":4},{"damage":20,"enemies":"2 Thieves","floor":20,"turns":4},{"damage":40,"enemies":"Masked Bandits","floor":22,"turns":6},{"damage":14,"enemies":"Slavers","floor":23,"turns":1}],"seed_played":"-8855523755036066457","potions_obtained":[{"floor":2,"key":"Dexterity Potion"},{"floor":12,"key":"Dexterity Potion"},{"floor":14,"key":"EssenceOfSteel"},{"floor":18,"key":"SpeedPotion"},{"floor":22,"key":"Ancient Potion"}],"is_trial":false,"path_per_floor":["M","M","?","?","$","R","M","R","T","R","$","E","?","M","R","B",null,"M","?","M","?","?","E"],"character_chosen":"THE_SILENT","items_purchased":[],"campfire_rested":1,"item_purchase_floors":[],"current_hp_per_floor":[70,70,70,70,70,70,61,61,61,61,61,39,39,40,61,63,70,67,70,50,50,12,0],"gold":226,"neow_bonus":"REMOVE_CARD","is_prod":false,"is_daily":false,"chose_seed":false,"campfire_upgraded":3,"win_rate":0,"timestamp":1563416695,"path_taken":["M","?","?","?","$","R","M","R","T","R","$","E","?","?","R","BOSS","M","?","?","?","?","E"],"build_version":"2019-07-17","purchased_purges":1,"victory":false,"max_hp_per_floor":[70,70,70,70,70,70,70,70,70,70,70,70,70,70,70,70,70,70,70,70,70,70,70],"card_choices":[{"not_picked":["Flying Knee","Quick Slash"],"picked":"Dagger Throw","floor":1},{"not_picked":["PiercingWail","Blade Dance"],"picked":"Flying Knee","floor":2},{"not_picked":["Dagger Throw","Deadly Poison"],"picked":"Slice","floor":7},{"not_picked":["Wraith Form v2","Prepared"],"picked":"Dash","floor":12},{"not_picked":["Crippling Poison","Distraction"],"picked":"Bouncing Flask","floor":14},{"not_picked":["After Image","Phantasmal Killer"],"picked":"Envenom","floor":16},{"not_picked":["Sucker Punch","Distraction"],"picked":"Well Laid Plans","floor":18},{"not_picked":["Dagger Throw","Prepared"],"picked":"Backflip","floor":20},{"not_picked":["Backstab+1","Cloak And Dagger"],"picked":"Dagger Spray","floor":22}],"player_experience":344778,"relics_obtained":[{"floor":9,"key":"Blood Vial"},{"floor":12,"key":"StoneCalendar"},{"floor":22,"key":"Red Mask"}],"event_choices":[{"cards_removed":["Strike_G"],"damage_healed":0,"gold_gain":0,"player_choice":"Card Removal","damage_taken":0,"max_hp_gain":0,"max_hp_loss":0,"event_name":"The Cleric","floor":3,"gold_loss":50},{"cards_removed":["Strike_G"],"damage_healed":0,"gold_gain":0,"player_choice":"Forget","damage_taken":0,"max_hp_gain":0,"max_hp_loss":0,"event_name":"Living Wall","floor":4,"gold_loss":0},{"cards_removed":["Strike_G"],"damage_healed":0,"gold_gain":0,"player_choice":"Purged","damage_taken":0,"max_hp_gain":0,"max_hp_loss":0,"event_name":"Purifier","floor":13,"gold_loss":0},{"cards_removed":["Slice"],"damage_healed":5,"gold_gain":0,"player_choice":"Offered Common","damage_taken":0,"max_hp_gain":0,"max_hp_loss":0,"event_name":"Bonfire Elementals","floor":19,"gold_loss":0},{"cards_removed":["Slice"],"damage_healed":5,"gold_gain":0,"player_choice":"Offered Special","damage_taken":0,"max_hp_gain":0,"max_hp_loss":0,"event_name":"Bonfire Elementals","floor":19,"gold_loss":0},{"damage_healed":0,"gold_gain":0,"player_choice":"Ignored","damage_taken":0,"max_hp_gain":0,"max_hp_loss":0,"event_name":"Ghosts","floor":21,"gold_loss":0},{"damage_healed":0,"gold_gain":0,"player_choice":"Fought Bandits","damage_taken":0,"max_hp_gain":0,"max_hp_loss":0,"event_name":"Masked Bandits","floor":22,"gold_loss":0}],"is_beta":false,"boss_relics":[{"not_picked":["Ectoplasm","Astrolabe"],"picked":"Fusion Hammer"}],"items_purged_floors":[5],"is_endless":false,"potions_floor_spawned":[2,12,14,18,22],"killed_by":"Slavers","ascension_level":3}