{"gold_per_floor":[112,112,37,49,124,124,158,176,176,76,107,107,125,177,177,273,273,287,287,287,537,552,582,582],"floor_reached":24,"playtime":973,"items_purged":["Strike_B","Defend_B"],"score":255,"play_id":"62c2e108-b887-4442-b108-36fa7ea3a88a","local_time":"20180802104651","is_ascension_mode":true,"campfire_choices":[{"floor":6,"key":"REST"},{"floor":15,"key":"REST"}],"neow_cost":"","seed_source_timestamp":402560610232998,"circlet_count":0,"master_deck":["Strike_B","Strike_B","Strike_B","Defend_B+1","Defend_B+1","Defend_B","Zap","Dualcast","Defragment+1","Doom and Gloom","Melter","Sweeping Beam","Electrodynamics","Necronomicurse","Regret","Double Energy"],"relics":["Cracked Core","Pantograph","Blood Vial","Singing Bowl","Lantern","Busted Crown","Necronomicon","Vajra"],"potions_floor_usage":[8,11,16,22,23],"damage_taken":[{"damage":6,"enemies":"Cultist","floor":1,"turns":3},{"damage":7,"enemies":"Jaw Worm","floor":4,"turns":3},{"damage":18,"enemies":"3 Sentries","floor":7,"turns":7},{"damage":8,"enemies":"Small Slimes","floor":8,"turns":2},{"damage":15,"enemies":"Gremlin Nob","floor":11,"turns":4},{"damage":20,"enemies":"Exordium Wildlife","floor":13,"turns":3},{"damage":25,"enemies":"Slime Boss","floor":16,"turns":6},{"damage":20,"enemies":"Shell Parasite","floor":18,"turns":3},{"damage":0,"enemies":"Spheric Guardian","floor":22,"turns":1},{"damage":41,"enemies":"Book of Stabbing","floor":23,"turns":4},{"damage":14,"enemies":"Chosen and Byrds","floor":24,"turns":3}],"seed_played":"-456820522750668698","potions_obtained":[{"floor":7,"key":"SteroidPotion"},{"floor":8,"key":"Strength Potion"},{"floor":13,"key":"Dexterity Potion"},{"floor":16,"key":"Explosive Potion"},{"floor":18,"key":"GamblersBrew"}],"is_trial":false,"path_per_floor":["M","?","$","M","?","R","E","M","T","$","E","?","M","T","R","B",null,"M","$","?","?","M","E"],"character_chosen":"DEFECT","items_purchased":[],"campfire_rested":2,"item_purchase_floors":[],"current_hp_per_floor":[69,54,54,47,36,58,40,32,32,32,19,19,3,3,26,28,77,59,59,43,43,45,8,0],"gold":582,"neow_bonus":"","is_prod":false,"is_daily":false,"chose_seed":false,"campfire_upgraded":0,"win_rate":0,"timestamp":1533196011,"path_taken":["M","?","?","?","?","R","E","M","T","$","E","?","?","?","R","BOSS","M","$","?","?","M","E","M"],"build_version":"2018-07-26","purchased_purges":2,"victory":false,"max_hp_per_floor":[75,75,75,75,75,75,75,75,75,75,75,75,77,77,77,77,77,79,79,79,79,79,81,81],"card_choices":[{"not_picked":["Redo","Turbo"],"picked":"Defragment","floor":1},{"not_picked":["Consume","Compile Driver","Coolheaded"],"picked":"SKIP","floor":4},{"not_picked":["Reprogram","Compile Driver"],"picked":"Doom and Gloom","floor":7},{"not_picked":["Cold Snap","Hologram"],"picked":"Melter","floor":8},{"not_picked":["Turbo","Reprogram"],"picked":"Sweeping Beam","floor":11},{"not_picked":["Rebound","Hello World","Glacier"],"picked":"Singing Bowl","floor":13},{"not_picked":["Echo Form","Amplify"],"picked":"Electrodynamics","floor":16},{"not_picked":["Force Field+1"],"picked":"Singing Bowl","floor":18},{"not_picked":[],"picked":"Double Energy","floor":22},{"not_picked":["Stack"],"picked":"Singing Bowl","floor":23}],"player_experience":324352,"relics_obtained":[{"floor":7,"key":"Pantograph"},{"floor":9,"key":"Blood Vial"},{"floor":11,"key":"Singing Bowl"},{"floor":14,"key":"Lantern"},{"floor":20,"key":"Necronomicon"},{"floor":23,"key":"Vajra"}],"event_choices":[{"event_name":"Shining Light","player_choice":"Entered Light","floor":2,"damage_taken":0},{"event_name":"World of Goop","player_choice":"Gather Gold","floor":5,"damage_taken":0},{"event_name":"Living Wall","player_choice":"Grow","floor":12,"damage_taken":0},{"event_name":"Cursed Tome","player_choice":"Obtained Book","floor":20,"damage_taken":0},{"event_name":"Golden Shrine","player_choice":"Desecrate","floor":21,"damage_taken":0}],"is_beta":false,"boss_relics":[{"not_picked":["Nuclear Battery","Eternal Feather"],"picked":"Busted Crown"}],"items_purged_floors":[3,10],"is_endless":false,"potions_floor_spawned":[7,8,13,16,18],"killed_by":"Chosen and Byrds","ascension_level":3}