{"gold_per_floor":[118,118,128,144,144,175,187,215,253,283,323,335,382,569,581,697,709,709,721,648,676,705,717,729,741,753,765,777,789],"floor_reached":29,"playtime":1353,"items_purged":[],"score":289,"play_id":"f02ba098-ebe5-49e7-b8af-da40116f1d15","local_time":"20180824193128","is_ascension_mode":true,"campfire_choices":[{"floor":15,"key":"REST"},{"floor":23,"key":"REST"},{"floor":27,"key":"REST"}],"neow_cost":"NONE","seed_source_timestamp":729379386699233,"circlet_count":0,"master_deck":["Strike_B","Strike_B","Strike_B","Strike_B","Defend_B","Defend_B","Defend_B+1","Zap+1","Dualcast","Glacier","Beam Cell","Auto Shields","Recycle","Blizzard+1","Echo Form","Doubt","Coolheaded","Creative AI","Cold Snap","Cold Snap","Melter","Coolheaded","White Noise+1"],"relics":["Lizard Tail","MawBank","Orichalcum","Dream Catcher","Ornamental Fan","Orrery","Du-Vu Doll","War Paint","Symbiotic Virus"],"potions_floor_usage":[6,10,11],"damage_taken":[{"damage":14,"enemies":"2 Louse","floor":1,"turns":3},{"damage":1,"enemies":"Cultist","floor":3,"turns":5},{"damage":14,"enemies":"Jaw Worm","floor":4,"turns":6},{"damage":30,"enemies":"Gremlin Nob","floor":6,"turns":5},{"damage":2,"enemies":"Large Slime","floor":8,"turns":8},{"damage":1,"enemies":"Looter","floor":10,"turns":3},{"damage":23,"enemies":"3 Sentries","floor":11,"turns":10},{"damage":16,"enemies":"Lagavulin","floor":13,"turns":8},{"damage":23,"enemies":"Slime Boss","floor":16,"turns":11},{"damage":17,"enemies":"2 Thieves","floor":18,"turns":4},{"damage":15,"enemies":"Shell Parasite","floor":21,"turns":6},{"damage":28,"enemies":"Shelled Parasite and Fungi","floor":22,"turns":10},{"damage":60,"enemies":"Book of Stabbing","floor":29,"turns":8}],"seed_played":"-4106854859620327725","potions_obtained":[{"floor":1,"key":"Block Potion"},{"floor":3,"key":"SpeedPotion"},{"floor":10,"key":"GamblersBrew"}],"is_trial":false,"path_per_floor":["M","?","M","M","?","E","?","M","T","M","E","?","E","?","R","B",null,"M","?","?","M","M","R","?","$","T","R","$"],"character_chosen":"DEFECT","items_purchased":[],"campfire_rested":3,"item_purchase_floors":[],"current_hp_per_floor":[61,61,60,46,39,9,34,32,32,31,8,8,31,31,53,30,75,58,58,58,43,15,37,37,37,37,59,59,0],"gold":789,"neow_bonus":"BOSS_RELIC","is_prod":false,"is_daily":false,"chose_seed":false,"campfire_upgraded":0,"win_rate":0,"timestamp":1535128288,"path_taken":["M","?","M","M","?","E","?","?","T","?","E","?","E","?","R","BOSS","M","?","?","M","M","R","?","?","T","R","$","E"],"build_version":"2018-08-23v2","purchased_purges":0,"victory":false,"max_hp_per_floor":[75,75,75,75,75,75,75,75,75,75,75,75,75,75,75,75,75,75,75,75,75,75,75,75,75,75,75,75,75],"card_choices":[{"not_picked":["Ball Lightning","FTL"],"picked":"Glacier","floor":1},{"not_picked":["Compile Driver","Static Discharge","Barrage"],"picked":"SKIP","floor":3},{"not_picked":["Cold Snap","Leap"],"picked":"Beam Cell","floor":4},{"not_picked":["Tempest","Self Repair"],"picked":"Auto Shields","floor":6},{"not_picked":["Biased Cognition","Ball Lightning"],"picked":"Recycle","floor":8},{"not_picked":["Ball Lightning","Hologram"],"picked":"Blizzard","floor":10},{"not_picked":["Conserve Battery","Heatsinks"],"picked":"Echo Form","floor":11},{"not_picked":["Stack","Redo","Streamline"],"picked":"SKIP","floor":13},{"not_picked":["Barrage","Sweeping Beam"],"picked":"Coolheaded","floor":15},{"not_picked":["Rainbow","Echo Form"],"picked":"Creative AI","floor":16},{"not_picked":["Fusion","Compile Driver"],"picked":"Cold Snap","floor":17},{"not_picked":["Auto Shields","Gash"],"picked":"Cold Snap","floor":17},{"not_picked":["Rip and Tear","Doom and Gloom"],"picked":"Melter","floor":17},{"not_picked":["Beam Cell","Rip and Tear"],"picked":"Coolheaded","floor":17},{"not_picked":["Hologram","Barrage","Darkness"],"picked":"SKIP","floor":18},{"not_picked":["Barrage","Leap","Go for the Eyes"],"picked":"SKIP","floor":21},{"not_picked":["Beam Cell","Core Surge"],"picked":"White Noise+1","floor":22}],"player_experience":346104,"relics_obtained":[{"floor":6,"key":"MawBank"},{"floor":9,"key":"Orichalcum"},{"floor":11,"key":"Dream Catcher"},{"floor":13,"key":"Ornamental Fan"},{"floor":26,"key":"Symbiotic Virus"}],"event_choices":[{"event_name":"The Woman in Blue","player_choice":"Bought 0 Potions","floor":2,"damage_taken":0},{"event_name":"Golden Wing","player_choice":"Card Removal","floor":5,"damage_taken":0},{"event_name":"Big Fish","player_choice":"Banana","floor":7,"damage_taken":0},{"event_name":"Living Wall","player_choice":"Grow","floor":12,"damage_taken":0},{"event_name":"Liars Game","player_choice":"agreed","floor":14,"damage_taken":0},{"event_name":"The Mausoleum","player_choice":"Yes","floor":19,"damage_taken":0},{"event_name":"Addict","player_choice":"Obtained Relic","floor":20,"damage_taken":0},{"event_name":"Ghosts","player_choice":"Ignored","floor":24,"damage_taken":0}],"is_beta":false,"boss_relics":[{"not_picked":["Pandora\u0027s Box","Snecko Eye"],"picked":"Orrery"}],"items_purged_floors":[],"is_endless":false,"potions_floor_spawned":[1,3,10],"killed_by":"Book of Stabbing","ascension_level":4}