{"gold_per_floor":[11,11,11,11,23,58,58,76,76,93,111,127,152,163,163,260,260,260,260,260,215,215,215,215,215,215,215,27,27,27,27,27,27],"floor_reached":33,"playtime":1241,"items_purged":[],"score":517,"play_id":"fe733d18-9052-4d3b-9d6c-341d92a97d20","local_time":"20180928115849","is_ascension_mode":true,"campfire_choices":[{"data":"Combust","floor":7,"key":"SMITH"},{"data":"Disarm","floor":15,"key":"SMITH"},{"floor":24,"key":"REST"},{"floor":27,"key":"REST"},{"data":"Disarm","floor":32,"key":"SMITH"}],"neow_cost":"NO_GOLD","seed_source_timestamp":613568152191403,"circlet_count":0,"master_deck":["Strike_R","Strike_R","Strike_R","Strike_R","Defend_R","Defend_R","Defend_R","Defend_R","Bash","Infernal Blade+1","Combust+1","Offering","Flex","Thunderclap","Disarm+1","Shockwave","Disarm+1","Demon Form","Heavy Blade","Flex","Infernal Blade","Rampage"],"relics":["Burning Blood","Nunchaku","Centennial Puzzle","Magic Flower","Red Skull","Ectoplasm","Strawberry","Dream Catcher","Red Mask","Bag of Preparation","Tiny Chest","Anchor"],"potions_floor_usage":[8,11,13,14,16,23,30,33],"damage_taken":[{"damage":11,"enemies":"2 Louse","floor":1,"turns":2},{"damage":0,"enemies":"Jaw Worm","floor":5,"turns":1},{"damage":20,"enemies":"3 Sentries","floor":6,"turns":6},{"damage":6,"enemies":"Cultist","floor":8,"turns":2},{"damage":9,"enemies":"Blue Slaver","floor":10,"turns":2},{"damage":1,"enemies":"Looter","floor":11,"turns":2},{"damage":1,"enemies":"3 Louse","floor":12,"turns":2},{"damage":8,"enemies":"Gremlin Nob","floor":13,"turns":3},{"damage":8,"enemies":"Blue Slaver","floor":14,"turns":3},{"damage":46,"enemies":"The Guardian","floor":16,"turns":10},{"damage":9,"enemies":"3 Byrds","floor":18,"turns":4},{"damage":25,"enemies":"2 Thieves","floor":21,"turns":3},{"damage":49,"enemies":"Slavers","floor":23,"turns":5},{"damage":8,"enemies":"Masked Bandits","floor":25,"turns":2},{"damage":18,"enemies":"Gremlin Leader","floor":29,"turns":6},{"damage":21,"enemies":"Shelled Parasite and Fungi","floor":30,"turns":3},{"damage":16,"enemies":"Snecko","floor":31,"turns":5},{"damage":65,"enemies":"Champ","floor":33,"turns":7}],"seed_played":"-8231408739058454381","potions_obtained":[{"floor":1,"key":"Ancient Potion"},{"floor":5,"key":"Energy Potion"},{"floor":8,"key":"FearPotion"},{"floor":11,"key":"SpeedPotion"},{"floor":13,"key":"Strength Potion"},{"floor":14,"key":"SpeedPotion"},{"floor":25,"key":"GamblersBrew"},{"floor":29,"key":"FearPotion"},{"floor":31,"key":"Block Potion"}],"is_trial":false,"path_per_floor":["M","?","?","?","M","E","R","M","T","M","M","M","E","M","R","B",null,"M","?","?","M","T","E","R","?","T","R","$","E","M","M","R"],"character_chosen":"IRONCLAD","items_purchased":["Tiny Chest","Infernal Blade"],"campfire_rested":2,"item_purchase_floors":[28,28],"current_hp_per_floor":[83,83,80,73,79,65,65,65,65,65,73,81,82,83,83,46,84,84,65,65,54,61,21,54,55,55,88,88,79,67,60,60,0],"gold":27,"neow_bonus":"TWENTY_PERCENT_HP_BONUS","is_prod":false,"is_daily":false,"chose_seed":false,"campfire_upgraded":3,"win_rate":0,"timestamp":1538125129,"path_taken":["M","?","?","?","M","E","R","M","T","M","M","M","E","?","R","BOSS","M","?","?","M","?","E","R","?","T","R","$","E","M","?","R","BOSS"],"build_version":"2018-09-27","purchased_purges":0,"victory":false,"max_hp_per_floor":[96,96,96,96,96,96,96,96,96,96,96,96,96,96,96,96,96,96,101,101,104,111,111,111,111,111,111,111,111,111,111,111,111],"card_choices":[{"not_picked":["Dual Wield","Havoc"],"picked":"Infernal Blade","floor":1},{"not_picked":["Feel No Pain","Second Wind"],"picked":"Combust","floor":5},{"not_picked":["Havoc","Evolve"],"picked":"Offering","floor":6},{"not_picked":["Body Slam","Iron Wave"],"picked":"Flex","floor":8},{"not_picked":["Uppercut","Heavy Blade","Corruption"],"picked":"SKIP","floor":10},{"not_picked":["Warcry","Sword Boomerang"],"picked":"Thunderclap","floor":11},{"not_picked":["Burning Pact","Uppercut"],"picked":"Disarm","floor":12},{"not_picked":["Uppercut","Wild Strike"],"picked":"Shockwave","floor":13},{"not_picked":["Perfected Strike","Anger"],"picked":"Disarm","floor":14},{"not_picked":["Double Tap","Reaper"],"picked":"Demon Form","floor":16},{"not_picked":["Pummel","Rage"],"picked":"Heavy Blade","floor":18},{"not_picked":["True Grit","Havoc+1","Twin Strike"],"picked":"SKIP","floor":21},{"not_picked":["Body Slam","Juggernaut"],"picked":"Flex","floor":23},{"not_picked":["Barricade","Armaments+1"],"picked":"Rampage","floor":29},{"not_picked":["Thunderclap+1","Body Slam","Cleave"],"picked":"SKIP","floor":30},{"not_picked":["Warcry","Thunderclap","Anger+1"],"picked":"SKIP","floor":31}],"player_experience":389508,"relics_obtained":[{"floor":6,"key":"Centennial Puzzle"},{"floor":9,"key":"Magic Flower"},{"floor":13,"key":"Red Skull"},{"floor":22,"key":"Strawberry"},{"floor":23,"key":"Dream Catcher"},{"floor":25,"key":"Red Mask"},{"floor":26,"key":"Bag of Preparation"},{"floor":29,"key":"Anchor"}],"event_choices":[{"event_name":"Living Wall","player_choice":"Grow","floor":2,"damage_taken":0},{"event_name":"Scrap Ooze","player_choice":"success","floor":3,"damage_taken":3},{"event_name":"Golden Wing","player_choice":"Card Removal","floor":4,"damage_taken":0},{"event_name":"Forgotten Altar","player_choice":"Shed Blood","floor":19,"damage_taken":0},{"event_name":"Vampires","player_choice":"Ignored","floor":20,"damage_taken":0},{"event_name":"Masked Bandits","player_choice":"Fought Bandits","floor":25,"damage_taken":0}],"is_beta":false,"boss_relics":[{"not_picked":["Coffee Dripper","Snecko Eye"],"picked":"Ectoplasm"}],"items_purged_floors":[],"is_endless":false,"potions_floor_spawned":[1,5,8,11,13,14,25,29,31],"killed_by":"Champ","ascension_level":9}