{"gold_per_floor":[119,69,87,100,100,100,131,131,180,194,234,234],"floor_reached":12,"playtime":241,"items_purged":[],"score":145,"play_id":"46ab9f7c-6911-4355-8ad6-7201ab3cb163","local_time":"20190406155742","is_ascension_mode":true,"campfire_choices":[{"floor":6,"key":"RECALL"}],"neow_cost":"NONE","seed_source_timestamp":27966808646900,"circlet_count":0,"master_deck":["AscendersBane","Strike_R","Strike_R","Strike_R","Strike_R","Strike_R","Defend_R","Defend_R","Defend_R","Bash","Cleave","Twin Strike","Injury","Whirlwind","Barricade","Iron Wave","Offering"],"relics":["Burning Blood","NeowsBlessing","Golden Idol","Regal Pillow","Strawberry","Centennial Puzzle"],"potions_floor_usage":[11,11],"damage_taken":[{"damage":0,"enemies":"2 Louse","floor":1,"turns":1},{"damage":0,"enemies":"Small Slimes","floor":3,"turns":2},{"damage":0,"enemies":"Cultist","floor":4,"turns":1},{"damage":60,"enemies":"Lagavulin","floor":7,"turns":7},{"damage":12,"enemies":"Looter","floor":10,"turns":3},{"damage":21,"enemies":"Gremlin Nob","floor":11,"turns":4},{"damage":15,"enemies":"Gremlin Gang","floor":12,"turns":1}],"seed_played":"5515108284732549250","potions_obtained":[{"floor":4,"key":"Dexterity Potion"},{"floor":7,"key":"Weak Potion"},{"floor":10,"key":"SkillPotion"}],"is_trial":false,"path_per_floor":["M","?","M","M","?","R","E","?","T","M","E","M"],"character_chosen":"IRONCLAD","items_purchased":[],"campfire_rested":0,"item_purchase_floors":[],"current_hp_per_floor":[78,78,80,80,80,80,26,26,33,27,12,0],"gold":234,"neow_bonus":"THREE_ENEMY_KILL","is_prod":false,"is_daily":false,"chose_seed":false,"campfire_upgraded":0,"win_rate":0,"timestamp":1554555462,"path_taken":["M","?","M","M","?","R","E","?","T","M","E","?"],"build_version":"2019-01-23","purchased_purges":0,"victory":false,"max_hp_per_floor":[80,80,80,80,80,80,80,80,87,87,87,87],"card_choices":[{"not_picked":["Wild Strike","Headbutt"],"picked":"Combust","floor":1},{"not_picked":["Rage","Seeing Red"],"picked":"Cleave","floor":3},{"not_picked":["Sword Boomerang","Perfected Strike"],"picked":"Twin Strike","floor":4},{"not_picked":["Dual Wield","Warcry"],"picked":"Whirlwind","floor":7},{"not_picked":["Havoc","Seeing Red"],"picked":"Iron Wave","floor":10},{"not_picked":["Headbutt","Warcry"],"picked":"Offering","floor":11}],"player_experience":527672,"relics_obtained":[{"floor":7,"key":"Regal Pillow"},{"floor":9,"key":"Strawberry"},{"floor":11,"key":"Centennial Puzzle"}],"event_choices":[{"cards_removed":["Defend_R"],"damage_healed":0,"gold_gain":0,"player_choice":"Card Removal","damage_taken":0,"max_hp_gain":0,"max_hp_loss":0,"event_name":"The Cleric","floor":2,"gold_loss":50},{"damage_healed":0,"gold_gain":0,"player_choice":"Take Wound","damage_taken":0,"relics_obtained":["Golden Idol"],"max_hp_gain":0,"max_hp_loss":0,"event_name":"Golden Idol","floor":5,"gold_loss":0,"cards_obtained":["Injury"]},{"damage_healed":0,"gold_gain":0,"cards_transformed":["Combust"],"player_choice":"Transformed","damage_taken":0,"max_hp_gain":0,"max_hp_loss":0,"event_name":"Transmorgrifier","floor":8,"gold_loss":0,"cards_obtained":["Barricade"]}],"is_beta":false,"boss_relics":[],"items_purged_floors":[],"is_endless":false,"potions_floor_spawned":[4,7,10],"killed_by":"Gremlin Gang","ascension_level":13}