{"gold_per_floor":[118,118,43,57,68,68,82,82,109,5,47,70,102,134,146,255,267,294,306,318,341,353],"floor_reached":22,"playtime":670,"items_purged":["Strike_B"],"score":226,"play_id":"86b06471-44b3-4944-b510-463510087562","local_time":"20181214102604","is_ascension_mode":true,"campfire_choices":[{"data":"Zap","floor":6,"key":"SMITH"},{"data":"Dualcast","floor":8,"key":"SMITH"},{"floor":15,"key":"REST"}],"neow_cost":"NONE","seed_source_timestamp":11848703037900,"circlet_count":0,"master_deck":["Strike_B","Strike_B","Strike_B","Defend_B","Defend_B","Defend_B","Zap+1","Dualcast+1","Sweeping Beam+1","Heatsinks","Gash+1","Scrape","Ball Lightning","Force Field","Coolheaded","Storm","Echo Form","Gash","Static Discharge","Darkness"],"relics":["Cracked Core","Bag of Preparation","Whetstone","MawBank","Smiling Mask","Sozu"],"potions_floor_usage":[12,16,16,16,16,16,16],"damage_taken":[{"damage":3,"enemies":"Small Slimes","floor":1,"turns":4},{"damage":1,"enemies":"Cultist","floor":4,"turns":3},{"damage":5,"enemies":"2 Louse","floor":5,"turns":2},{"damage":4,"enemies":"Red Slaver","floor":7,"turns":2},{"damage":20,"enemies":"3 Sentries","floor":11,"turns":5},{"damage":0,"enemies":"Gremlin Gang","floor":12,"turns":1},{"damage":0,"enemies":"3 Louse","floor":13,"turns":2},{"damage":5,"enemies":"2 Fungi Beasts","floor":14,"turns":3},{"damage":16,"enemies":"The Guardian","floor":16,"turns":11},{"damage":12,"enemies":"Chosen","floor":18,"turns":4},{"damage":12,"enemies":"Shell Parasite","floor":21,"turns":4},{"damage":43,"enemies":"Shelled Parasite and Fungi","floor":22,"turns":3}],"seed_played":"-1432619440374204198","potions_obtained":[{"floor":4,"key":"EssenceOfSteel"},{"floor":11,"key":"Explosive Potion"},{"floor":12,"key":"FearPotion"},{"floor":13,"key":"Swift Potion"},{"floor":14,"key":"EntropicBrew"}],"is_trial":false,"path_per_floor":["M","?","$","M","M","R","M","R","T","?","E","M","M","M","R","B",null,"M","?","?","M","M"],"character_chosen":"DEFECT","items_purchased":[],"campfire_rested":1,"item_purchase_floors":[],"current_hp_per_floor":[72,72,72,71,66,66,62,62,62,62,42,42,42,37,59,43,75,63,63,49,37,0],"gold":353,"neow_bonus":"RANDOM_COMMON_RELIC","is_prod":false,"is_daily":false,"chose_seed":false,"campfire_upgraded":2,"win_rate":0,"timestamp":1544775964,"path_taken":["M","?","$","M","?","R","M","R","T","?","E","?","?","M","R","BOSS","M","?","?","M","M"],"build_version":"2018-12-13","purchased_purges":1,"victory":false,"max_hp_per_floor":[75,75,75,75,75,75,75,75,75,75,75,75,75,75,75,75,75,75,75,80,80,80],"card_choices":[{"not_picked":["Leap","Barrage"],"picked":"Sweeping Beam","floor":1},{"not_picked":["Skim","Hologram"],"picked":"Heatsinks","floor":4},{"not_picked":["Stack","Beam Cell"],"picked":"Gash","floor":5},{"not_picked":["Sweeping Beam","Cold Snap"],"picked":"Scrape","floor":7},{"not_picked":["Recycle","Hologram"],"picked":"Ball Lightning","floor":11},{"not_picked":["Recycle","Heatsinks"],"picked":"Force Field","floor":12},{"not_picked":["Biased Cognition","Recycle"],"picked":"Coolheaded","floor":13},{"not_picked":["Consume","Force Field"],"picked":"Storm","floor":14},{"not_picked":["Reboot","Seek"],"picked":"Echo Form","floor":16},{"not_picked":["Streamline","Cold Snap"],"picked":"Gash","floor":18},{"not_picked":["Amplify","Sunder"],"picked":"Darkness","floor":21}],"player_experience":467832,"relics_obtained":[{"floor":9,"key":"Whetstone"},{"floor":11,"key":"Smiling Mask"}],"event_choices":[{"cards_removed":["Defend_B"],"damage_healed":0,"gold_gain":0,"player_choice":"Purged","damage_taken":0,"max_hp_gain":0,"max_hp_loss":0,"event_name":"Purifier","floor":2,"gold_loss":0},{"damage_healed":0,"gold_gain":0,"player_choice":"Paid Gold","damage_taken":0,"relics_obtained":["MawBank"],"max_hp_gain":0,"max_hp_loss":0,"event_name":"WeMeetAgain","floor":10,"gold_loss":104},{"damage_healed":0,"gold_gain":0,"player_choice":"Read","damage_taken":0,"max_hp_gain":0,"max_hp_loss":0,"event_name":"The Library","floor":19,"gold_loss":0,"cards_obtained":["Static Discharge"]},{"damage_healed":0,"gold_gain":0,"player_choice":"Shed Blood","damage_taken":19,"max_hp_gain":5,"max_hp_loss":0,"event_name":"Forgotten Altar","floor":20,"gold_loss":0}],"is_beta":false,"boss_relics":[{"not_picked":["Snecko Eye","Eternal Feather"],"picked":"Sozu"}],"items_purged_floors":[3],"is_endless":false,"potions_floor_spawned":[4,11,12,13,14,21],"killed_by":"Shelled Parasite and Fungi","ascension_level":4}