{"gold_per_floor":[111,286,298,298,67,67,67,94,117,117,117,135,162,179,179,283,283,300,311,321,346,396,396,416,331,355,355,355,84,84,103,103,103],"floor_reached":33,"playtime":747,"items_purged":["Doubt"],"score":333,"play_id":"49889e0a-eb78-4887-bbfd-02a232e3e2c1","local_time":"20181204163036","is_ascension_mode":true,"campfire_choices":[{"data":"Static Discharge","floor":6,"key":"SMITH"},{"data":"Dualcast","floor":10,"key":"SMITH"},{"data":"Zap","floor":15,"key":"SMITH"},{"floor":23,"key":"REST"},{"data":"Self Repair","floor":27,"key":"SMITH"},{"data":"Loop","floor":32,"key":"SMITH"}],"neow_cost":"NONE","seed_source_timestamp":31423814425200,"circlet_count":0,"master_deck":["Strike_B+1","Strike_B+1","Strike_B+1","Strike_B+1","Defend_B+1","Defend_B+1","Defend_B+1","Defend_B+1","Zap+1","Dualcast+1","Static Discharge+1","Static Discharge+1","Self Repair+1","Conserve Battery","Steam","Sweeping Beam","Multi-Cast","Cold Snap","Self Repair+1","Glacier","Self Repair+1","Doom and Gloom","Loop+1","Cold Snap+1"],"relics":["Cracked Core","NeowsBlessing","Pocketwatch","PreservedInsect","Bag of Marbles","Smiling Mask","Spirit Poop","Symbiotic Virus","Inserter","Red Mask","Ancient Tea Set","Pear","Vajra","HandDrill"],"potions_floor_usage":[14,16,18,21],"damage_taken":[{"damage":0,"enemies":"Jaw Worm","floor":1,"turns":1},{"damage":0,"enemies":"2 Louse","floor":3,"turns":1},{"damage":4,"enemies":"Lagavulin","floor":8,"turns":3},{"damage":9,"enemies":"Small Slimes","floor":12,"turns":1},{"damage":8,"enemies":"Gremlin Nob","floor":13,"turns":3},{"damage":3,"enemies":"Gremlin Gang","floor":14,"turns":3},{"damage":8,"enemies":"Slime Boss","floor":16,"turns":7},{"damage":21,"enemies":"2 Thieves","floor":18,"turns":3},{"damage":12,"enemies":"Spheric Guardian","floor":19,"turns":3},{"damage":40,"enemies":"Shelled Parasite and Fungi","floor":20,"turns":4},{"damage":26,"enemies":"Masked Bandits","floor":21,"turns":3},{"damage":9,"enemies":"Snecko","floor":24,"turns":4},{"damage":14,"enemies":"Snake Plant","floor":31,"turns":2},{"damage":65,"enemies":"Automaton","floor":33,"turns":6}],"seed_played":"-5665578035147488193","potions_obtained":[{"floor":1,"key":"Fire Potion"},{"floor":3,"key":"Fire Potion"},{"floor":8,"key":"FocusPotion"},{"floor":16,"key":"Block Potion"},{"floor":19,"key":"Dexterity Potion"}],"is_trial":false,"path_per_floor":["M","?","M","?","$","R","?","E","T","R","?","M","E","M","R","B",null,"M","M","M","?","T","R","M","?","T","R","?","$","?","M","R","B"],"character_chosen":"DEFECT","items_purchased":["PreservedInsect","HandDrill","Loop"],"campfire_rested":1,"item_purchase_floors":[5,29,29],"current_hp_per_floor":[75,75,75,75,75,75,75,71,71,71,71,62,61,65,65,64,75,61,56,33,24,24,46,64,74,74,74,74,74,74,60,60,0],"gold":103,"neow_bonus":"THREE_ENEMY_KILL","is_prod":false,"is_daily":false,"chose_seed":false,"campfire_upgraded":5,"win_rate":0,"timestamp":1543933836,"path_taken":["M","?","M","?","?","R","?","E","T","R","?","M","E","M","R","BOSS","M","?","M","?","?","R","M","?","T","R","?","?","?","?","R","BOSS"],"build_version":"2018-11-15","purchased_purges":1,"victory":false,"max_hp_per_floor":[75,75,75,75,75,75,75,75,75,75,75,75,75,75,75,75,75,75,75,75,75,75,75,75,85,85,85,85,85,85,85,85,85],"card_choices":[{"not_picked":["Beam Cell","Barrage"],"picked":"Static Discharge","floor":1},{"not_picked":["Conserve Battery","Tempest"],"picked":"Static Discharge","floor":3},{"not_picked":["Darkness","Rebound"],"picked":"Self Repair","floor":8},{"not_picked":["Streamline","Double Energy"],"picked":"Conserve Battery","floor":12},{"not_picked":["Rebound","Biased Cognition"],"picked":"Steam","floor":13},{"not_picked":["Streamline","Ball Lightning"],"picked":"Sweeping Beam","floor":14},{"not_picked":["Hyperbeam","Fission"],"picked":"Multi-Cast","floor":16},{"not_picked":["Gash","Turbo"],"picked":"Cold Snap","floor":18},{"not_picked":["Compile Driver","Conserve Battery+1"],"picked":"Self Repair+1","floor":19},{"not_picked":["Hologram","Leap"],"picked":"Glacier","floor":20},{"not_picked":["Cold Snap","Consume"],"picked":"Self Repair+1","floor":21},{"not_picked":["Beam Cell+1","Leap"],"picked":"Doom and Gloom","floor":24},{"not_picked":["Compile Driver","Double Energy"],"picked":"Cold Snap+1","floor":31}],"player_experience":465366,"relics_obtained":[{"floor":8,"key":"Bag of Marbles"},{"floor":9,"key":"Smiling Mask"},{"floor":13,"key":"Symbiotic Virus"},{"floor":21,"key":"Red Mask"},{"floor":22,"key":"Ancient Tea Set"},{"floor":26,"key":"Vajra"}],"event_choices":[{"damage_healed":0,"gold_gain":175,"player_choice":"AGREE","damage_taken":0,"max_hp_gain":0,"max_hp_loss":0,"event_name":"Liars Game","floor":2,"gold_loss":0,"cards_obtained":["Doubt"]},{"damage_healed":0,"gold_gain":0,"player_choice":"Box","damage_taken":0,"relics_obtained":["Pocketwatch"],"max_hp_gain":0,"max_hp_loss":0,"event_name":"Big Fish","floor":4,"gold_loss":0,"cards_obtained":["Regret"]},{"damage_healed":0,"gold_gain":0,"player_choice":"Grow","damage_taken":0,"max_hp_gain":0,"max_hp_loss":0,"event_name":"Living Wall","floor":7,"gold_loss":0,"cards_upgraded":["Static Discharge"]},{"cards_removed":["Regret"],"damage_healed":0,"gold_gain":0,"player_choice":"Offered Curse","damage_taken":0,"relics_obtained":["Spirit Poop"],"max_hp_gain":0,"max_hp_loss":0,"event_name":"Bonfire Elementals","floor":11,"gold_loss":0},{"damage_healed":0,"gold_gain":0,"player_choice":"Fought Bandits","damage_taken":0,"max_hp_gain":0,"max_hp_loss":0,"event_name":"Masked Bandits","floor":21,"gold_loss":0},{"damage_healed":0,"gold_gain":0,"player_choice":"Obtained Relic","damage_taken":0,"relics_obtained":["Pear"],"max_hp_gain":0,"max_hp_loss":0,"event_name":"Addict","floor":25,"gold_loss":85},{"damage_healed":0,"gold_gain":0,"player_choice":"Simplicity","damage_taken":0,"max_hp_gain":0,"max_hp_loss":0,"event_name":"Back to Basics","floor":28,"gold_loss":0,"cards_upgraded":["Strike_B","Strike_B","Strike_B","Strike_B","Defend_B","Defend_B","Defend_B","Defend_B"]},{"damage_healed":0,"gold_gain":0,"player_choice":"Ignored","damage_taken":0,"max_hp_gain":0,"max_hp_loss":0,"event_name":"Vampires","floor":30,"gold_loss":0}],"is_beta":false,"boss_relics":[{"not_picked":["Busted Crown","Runic Pyramid"],"picked":"Inserter"}],"items_purged_floors":[5],"is_endless":false,"potions_floor_spawned":[1,3,8,16,19],"killed_by":"Automaton","ascension_level":4}