{"path_per_floor":["M","?","M","$","M","E","?","M","T","$","R","E","R","M","R","B",null,"M","?","?","?","M","R","M","R","T","R","$","M","R","?","R"],"character_chosen":"IRONCLAD","items_purchased":[],"gold_per_floor":[114,114,127,52,71,106,106,119,119,19,19,46,46,59,59,161,161,174,174,174,89,106,106,123,123,150,150,25,42,42,42,42,42],"floor_reached":33,"campfire_rested":1,"playtime":1180,"current_hp_per_floor":[80,73,73,73,73,52,52,49,49,49,49,52,52,55,55,68,80,67,67,67,67,60,60,41,41,41,41,41,42,42,42,66,0],"items_purged":["Strike_R","Strike_R","Strike_R"],"gold":42,"score":306,"play_id":"21629870-c4e9-45db-afbf-a077f606a7d7","local_time":"20180401180826","is_prod":false,"is_daily":false,"is_ascension_mode":true,"campfire_upgraded":7,"timestamp":1522595306,"path_taken":["M","?","?","$","M","E","?","?","T","?","R","E","R","M","R","BOSS","M","?","?","?","?","R","M","R","T","R","$","M","R","?","R","BOSS"],"build_version":"2018-03-29v2","purchased_purges":3,"victory":false,"master_deck":["Strike_R","Defend_R+1","Defend_R","Defend_R","Defend_R+1","Bash","Pommel Strike","Bloodletting+1","Double Tap+1","Flame Barrier+1","Fire Breathing+1","Cleave","Bludgeon","Disarm+1","Disarm+1","Disarm+1"],"max_hp_per_floor":[80,80,80,80,80,80,80,80,80,80,80,80,80,80,80,80,80,80,80,80,80,80,80,80,80,80,80,80,80,80,80,80,80],"relics":["Burning Blood","Orichalcum","Happy Flower","Pantograph","Red Skull","War Paint","White Beast Statue","Self Forming Clay","Lantern"],"card_choices":[{"not_picked":["Metallicize","Iron Wave"],"picked":"Pommel Strike","floor":1},{"not_picked":["Rupture","Twin Strike"],"picked":"Bloodletting","floor":3},{"not_picked":["Heavy Blade","Rampage"],"picked":"Double Tap","floor":5},{"not_picked":["Sever Soul","Havoc"],"picked":"Flame Barrier","floor":6},{"not_picked":["Metallicize","Havoc"],"picked":"Fire Breathing","floor":12},{"not_picked":["Sword Boomerang","Metallicize"],"picked":"Cleave","floor":14},{"not_picked":["Double Tap","Limit Break"],"picked":"Bludgeon","floor":16},{"not_picked":["Iron Wave","Anger"],"picked":"Disarm","floor":24},{"not_picked":["Rage","Corruption"],"picked":"Disarm","floor":29}],"player_experience":168510,"potions_floor_usage":[6,8,12,16,24,24,29,33],"damage_taken":[{"damage":0,"enemies":"Cultist","floor":1,"turns":3},{"damage":6,"enemies":"2 Louse","floor":3,"turns":2},{"damage":6,"enemies":"Jaw Worm","floor":5,"turns":2},{"damage":27,"enemies":"Lagavulin","floor":6,"turns":5},{"damage":9,"enemies":"Exordium Thugs","floor":8,"turns":5},{"damage":3,"enemies":"Gremlin Nob","floor":12,"turns":3},{"damage":3,"enemies":"Red Slaver","floor":14,"turns":3},{"damage":18,"enemies":"The Guardian","floor":16,"turns":13},{"damage":19,"enemies":"Chosen","floor":18,"turns":4},{"damage":13,"enemies":"Shell Parasite","floor":22,"turns":4},{"damage":25,"enemies":"Sentry and Sphere","floor":24,"turns":9},{"damage":5,"enemies":"Centurion and Healer","floor":29,"turns":4},{"damage":80,"enemies":"Automaton","floor":33,"turns":9}],"event_choices":[{"event_name":"Golden Wing","player_choice":"Card Removal","floor":2,"damage_taken":0},{"event_name":"Dead Adventurer","player_choice":"Searched \u00271\u0027 times","floor":7,"damage_taken":0},{"event_name":"Ghosts","player_choice":"Ignored","floor":19,"damage_taken":0},{"event_name":"The Library","player_choice":"Read","floor":20,"damage_taken":0},{"event_name":"Addict","player_choice":"Obtained Relic","floor":21,"damage_taken":0},{"event_name":"Beggar","player_choice":"Ignored","floor":31,"damage_taken":0}],"boss_relics":[{"not_picked":["Runic Dome","Eternal Feather"],"picked":"White Beast Statue"}],"potions_floor_spawned":[5,6,8,14,18,22,24,29],"seed_played":"-6162980435603004104","killed_by":"Automaton","ascension_level":2,"is_trial":false}