{"gold_per_floor":[116,191,191,141,154,154,183,240,240,252,252,262,278,307,307,404,404,419,419,419,344,361,396,396,411,434,85,85,85,105,121,121,216,216,235,283,302,302,315,315,332,232,232,264,264,274,274,293,293,293],"floor_reached":50,"playtime":1705,"items_purged":["Defend_B","Defend_B"],"score":615,"play_id":"1260b7d9-b90f-4ee8-9af9-4985d4fa1ec4","local_time":"20180922122939","is_ascension_mode":true,"campfire_choices":[{"data":"Electrodynamics","floor":6,"key":"SMITH"},{"floor":11,"key":"REST"},{"floor":15,"key":"REST"},{"floor":24,"key":"REST"},{"floor":28,"key":"REST"},{"data":"Buffer","floor":32,"key":"SMITH"},{"data":"Loop","floor":40,"key":"SMITH"},{"floor":47,"key":"DIG"},{"floor":49,"key":"REST"}],"neow_cost":"TEN_PERCENT_HP_LOSS","seed_source_timestamp":96565553413110,"circlet_count":0,"master_deck":["Strike_B","Zap","Dualcast","Electrodynamics+1","Ball Lightning","Conserve Battery","Redo","Chill","Conserve Battery","Buffer+1","Electrodynamics","Loop+1","Redo+1","Conserve Battery","Barrage"],"relics":["Cracked Core","Dream Catcher","Letter Opener","Sundial","Odd Mushroom","Busted Crown","Mummified Hand","Cables","Turnip","Vajra","Runic Capacitor","Empty Cage","Unceasing Top","Bottled Tornado","Shovel","Dodecahedron","Question Card"],"potions_floor_usage":[7,14,23,31,33,36,41,44,44,50,50,50],"damage_taken":[{"damage":0,"enemies":"Small Slimes","floor":1,"turns":2},{"damage":1,"enemies":"2 Louse","floor":5,"turns":2},{"damage":3,"enemies":"3 Sentries","floor":7,"turns":4},{"damage":32,"enemies":"Gremlin Nob","floor":8,"turns":4},{"damage":0,"enemies":"Jaw Worm","floor":10,"turns":2},{"damage":0,"enemies":"Gremlin Gang","floor":12,"turns":3},{"damage":2,"enemies":"Blue Slaver","floor":13,"turns":3},{"damage":0,"enemies":"The Mushroom Lair","floor":14,"turns":3},{"damage":33,"enemies":"The Guardian","floor":16,"turns":11},{"damage":22,"enemies":"2 Thieves","floor":18,"turns":2},{"damage":0,"enemies":"Spheric Guardian","floor":22,"turns":3},{"damage":34,"enemies":"Book of Stabbing","floor":23,"turns":5},{"damage":0,"enemies":"3 Cultists","floor":25,"turns":4},{"damage":0,"enemies":"Centurion and Healer","floor":30,"turns":4},{"damage":0,"enemies":"Snecko","floor":31,"turns":4},{"damage":50,"enemies":"Champ","floor":33,"turns":10},{"damage":9,"enemies":"3 Shapes","floor":35,"turns":2},{"damage":16,"enemies":"Mysterious Sphere","floor":36,"turns":3},{"damage":0,"enemies":"Orb Walker","floor":37,"turns":3},{"damage":0,"enemies":"Reptomancer","floor":39,"turns":3},{"damage":0,"enemies":"Sphere and 2 Shapes","floor":41,"turns":3},{"damage":1,"enemies":"Nemesis","floor":44,"turns":5},{"damage":0,"enemies":"Transient","floor":46,"turns":5},{"damage":0,"enemies":"3 Darklings","floor":48,"turns":2},{"damage":73,"enemies":"Awakened One","floor":50,"turns":7}],"seed_played":"-3043200660246919575","potions_obtained":[{"floor":5,"key":"SkillPotion"},{"floor":13,"key":"Swift Potion"},{"floor":14,"key":"Strength Potion"},{"floor":16,"key":"LiquidBronze"},{"floor":18,"key":"Ancient Potion"},{"floor":30,"key":"Regen Potion"},{"floor":33,"key":"LiquidBronze"},{"floor":37,"key":"PowerPotion"},{"floor":39,"key":"SkillPotion"},{"floor":41,"key":"AttackPotion"},{"floor":44,"key":"Poison Potion"},{"floor":48,"key":"LiquidBronze"}],"is_trial":false,"path_per_floor":["M","?","?","?","M","R","E","?","T","M","R","M","M","?","R","B",null,"M","?","T","?","M","E","R","M","T","$","R","?","M","M","R","B",null,"M","?","M","?","M","R","M","$","T","E","T","M","R","M","R"],"character_chosen":"DEFECT","items_purchased":["Runic Capacitor","Loop"],"campfire_rested":5,"item_purchase_floors":[27,27],"current_hp_per_floor":[68,57,57,57,56,56,53,21,21,21,41,41,39,39,59,26,68,46,46,46,46,46,12,32,32,32,32,52,52,52,52,52,17,68,59,43,43,43,43,43,50,50,50,49,49,49,49,49,65,0],"gold":293,"neow_bonus":"THREE_RARE_CARDS","is_prod":false,"is_daily":false,"chose_seed":false,"campfire_upgraded":3,"win_rate":0,"timestamp":1537608579,"path_taken":["M","?","?","?","?","R","E","?","T","M","R","M","?","?","R","BOSS","M","?","?","?","?","E","R","M","T","?","R","?","M","M","R","BOSS","M","?","M","?","M","R","?","$","T","E","?","M","R","M","R","BOSS"],"build_version":"2018-09-20","purchased_purges":2,"victory":false,"max_hp_per_floor":[68,68,68,68,68,68,68,68,68,68,68,68,68,68,68,68,68,68,68,68,68,68,68,68,68,68,68,68,68,68,68,68,68,68,68,68,68,65,65,65,65,65,65,65,65,65,65,65,65,65],"card_choices":[{"not_picked":["Hyperbeam","Machine Learning"],"picked":"Electrodynamics","floor":0},{"not_picked":["Cold Snap","Storm"],"picked":"Ball Lightning","floor":1},{"not_picked":["Ball Lightning","Sweeping Beam"],"picked":"Conserve Battery","floor":5},{"not_picked":["Sweeping Beam","Leap","Consume"],"picked":"SKIP","floor":7},{"not_picked":["Beam Cell","Hologram"],"picked":"Redo","floor":8},{"not_picked":["Barrage","Compile Driver","Leap"],"picked":"SKIP","floor":10},{"not_picked":["Seek","Turbo"],"picked":"Chill","floor":11},{"not_picked":["BootSequence","Compile Driver"],"picked":"Conserve Battery","floor":12},{"not_picked":["Compile Driver","Go for the Eyes"],"picked":"Buffer","floor":13},{"not_picked":["Amplify","All For One"],"picked":"Electrodynamics","floor":16},{"not_picked":["Steam"],"picked":"SKIP","floor":18},{"not_picked":["Redo"],"picked":"SKIP","floor":22},{"not_picked":["Gash"],"picked":"SKIP","floor":23},{"not_picked":["Scrape"],"picked":"SKIP","floor":25},{"not_picked":["Leap"],"picked":"SKIP","floor":30},{"not_picked":["Recycle"],"picked":"SKIP","floor":31},{"not_picked":["Steam"],"picked":"SKIP","floor":35},{"not_picked":[],"picked":"Redo+1","floor":37},{"not_picked":["Leap"],"picked":"SKIP","floor":39},{"not_picked":[],"picked":"Conserve Battery","floor":41},{"not_picked":["Storm"],"picked":"SKIP","floor":44},{"not_picked":[],"picked":"Barrage","floor":46},{"not_picked":["Redo","Sunder"],"picked":"SKIP","floor":48}],"player_experience":368361,"relics_obtained":[{"floor":7,"key":"Dream Catcher"},{"floor":8,"key":"Letter Opener"},{"floor":9,"key":"Sundial"},{"floor":14,"key":"Odd Mushroom"},{"floor":20,"key":"Cables"},{"floor":23,"key":"Turnip"},{"floor":26,"key":"Vajra"},{"floor":36,"key":"Unceasing Top"},{"floor":43,"key":"Bottled Tornado"},{"floor":44,"key":"Shovel"},{"floor":45,"key":"Dodecahedron"},{"floor":47,"key":"Question Card"}],"event_choices":[{"event_name":"World of Goop","player_choice":"Gather Gold","floor":2,"damage_taken":0},{"event_name":"Bonfire Elementals","player_choice":"BASIC","floor":3,"damage_taken":0},{"event_name":"The Cleric","player_choice":"Card Removal","floor":4,"damage_taken":0},{"event_name":"Dead Adventurer","player_choice":"Searched \u00271\u0027 times","floor":8,"damage_taken":0},{"event_name":"Mushrooms","player_choice":"Fought Mushrooms","floor":14,"damage_taken":0},{"event_name":"The Mausoleum","player_choice":"Yes","floor":19,"damage_taken":0},{"event_name":"Beggar","player_choice":"Gave Gold","floor":21,"damage_taken":0},{"event_name":"Vampires","player_choice":"Ignored","floor":29,"damage_taken":0},{"event_name":"Mysterious Sphere","player_choice":"Fight","floor":36,"damage_taken":0},{"event_name":"Winding Halls","player_choice":"Max HP","floor":38,"damage_taken":0}],"is_beta":false,"boss_relics":[{"not_picked":["Coffee Dripper","Calling Bell"],"picked":"Busted Crown"},{"not_picked":["Cursed Key","Sozu"],"picked":"Empty Cage"}],"items_purged_floors":[27,42],"is_endless":false,"potions_floor_spawned":[5,13,14,16,18,30,33,37,39,41,44,48],"killed_by":"Awakened One","ascension_level":4}