{"path_per_floor":["M","M","?","$","$","E","?","R","T","?","$","R","M","T","R","B",null,"M","?","?","M","?","R"],"character_chosen":"DEFECT","items_purchased":["Meteor Strike","Madness"],"gold_per_floor":[114,125,225,225,68,96,96,96,96,96,2,2,19,42,42,143,143,68,68,68,68,68,68,68],"floor_reached":24,"campfire_rested":3,"playtime":811,"item_purchase_floors":[5,11],"current_hp_per_floor":[34,34,34,34,34,21,21,43,43,43,43,43,43,43,65,30,75,34,34,34,15,40,62,0],"items_purged":[],"gold":68,"score":209,"play_id":"c439c814-a200-47b2-af28-3040ca1942c9","local_time":"20180614194253","is_prod":false,"is_daily":false,"chose_seed":false,"is_ascension_mode":true,"campfire_upgraded":1,"win_rate":0,"timestamp":1528994573,"campfire_choices":[{"floor":8,"key":"REST"},{"data":"Multi-Cast","floor":12,"key":"SMITH"},{"floor":15,"key":"REST"},{"floor":23,"key":"REST"}],"path_taken":["M","M","?","?","$","E","?","R","T","?","$","R","?","?","R","BOSS","M","?","?","M","?","R","M"],"build_version":"2018-06-07v3","seed_source_timestamp":42165626630889,"purchased_purges":0,"victory":false,"master_deck":["Strike_B","Strike_B","Defend_B","Defend_B","Defend_B","Zap","Dualcast","Defragment","Darkness","Meteor Strike","Chill","Multi-Cast+1","Madness","Fission","Multi-Cast","Chill","White Noise"],"max_hp_per_floor":[75,75,75,75,75,75,75,75,75,75,75,75,75,75,75,75,75,75,75,75,75,75,75,75],"relics":["Cracked Core","Bottled Flame","Question Card","Juzu Bracelet","Ectoplasm"],"card_choices":[{"not_picked":["Go for the Eyes","Streamline"],"picked":"Defragment","floor":1},{"not_picked":["Cold Snap","Gash"],"picked":"Darkness","floor":2},{"not_picked":["Leap","Ball Lightning"],"picked":"Chill","floor":6},{"not_picked":["BootSequence","Capacitor","Gash"],"picked":"Fission","floor":13},{"not_picked":["Rainbow","Hyperbeam","Core Surge"],"picked":"Multi-Cast","floor":16},{"not_picked":["Ball Lightning","Go for the Eyes+1","Stack+1"],"picked":"Chill","floor":18},{"not_picked":["Beam Cell+1","Redo","Sweeping Beam"],"picked":"White Noise","floor":21}],"player_experience":261325,"potions_floor_usage":[13,16,18,24],"damage_taken":[{"damage":4,"enemies":"2 Louse","floor":1,"turns":2},{"damage":0,"enemies":"Cultist","floor":2,"turns":4},{"damage":13,"enemies":"Lagavulin","floor":6,"turns":5},{"damage":0,"enemies":"Jaw Worm","floor":13,"turns":4},{"damage":35,"enemies":"Hexaghost","floor":16,"turns":9},{"damage":41,"enemies":"2 Thieves","floor":18,"turns":4},{"damage":19,"enemies":"Spheric Guardian","floor":21,"turns":5},{"damage":75,"enemies":"Cultist and Chosen","floor":24,"turns":8}],"relics_obtained":[{"floor":6,"key":"Bottled Flame"},{"floor":9,"key":"Question Card"},{"floor":14,"key":"Juzu Bracelet"}],"event_choices":[{"event_name":"Golden Shrine","player_choice":"Pray","floor":3,"damage_taken":0},{"event_name":"The Lab","player_choice":"Got Potions","floor":7,"damage_taken":0},{"event_name":"Match and Keep!","player_choice":"1 cards matched","floor":10,"damage_taken":0},{"event_name":"Golden Shrine","player_choice":"Pray","floor":19,"damage_taken":0},{"event_name":"Bonfire Elementals","player_choice":"BASIC","floor":20,"damage_taken":0},{"event_name":"The Library","player_choice":"Heal","floor":22,"damage_taken":0}],"boss_relics":[{"not_picked":["Calling Bell","Runic Pyramid"],"picked":"Ectoplasm"}],"items_purged_floors":[],"potions_floor_spawned":[1,16,18],"seed_played":"-3586163950981277755","killed_by":"Cultist and Chosen","ascension_level":2,"potions_obtained":[{"floor":1,"key":"FearPotion"},{"floor":7,"key":"Block Potion"},{"floor":7,"key":"Block Potion"},{"floor":16,"key":"SpeedPotion"},{"floor":18,"key":"Energy Potion"}],"is_trial":false}