{"path_per_floor":["M","?","?","M","?","M","R","E","T","M","M","R","$","M","R","B",null,"M","M","$","M","?","R","?","?","T","?","E","R","E","M","R"],"character_chosen":"IRONCLAD","items_purchased":["Bronze Scales"],"gold_per_floor":[109,109,109,120,120,136,136,200,252,268,280,280,58,76,76,172,172,192,203,103,119,119,119,119,119,144,144,169,169,204,214,214,214],"floor_reached":33,"campfire_rested":3,"playtime":1464,"current_hp_per_floor":[79,79,84,85,78,84,84,52,52,27,33,33,33,39,64,20,85,85,81,81,85,85,85,85,85,85,69,46,72,64,63,90,0],"items_purged":["Strike_R","Strike_R"],"gold":214,"score":314,"play_id":"5d564437-11d9-4b44-b885-a2d15ebcceca","local_time":"20180401085501","is_prod":false,"is_daily":false,"is_ascension_mode":true,"campfire_upgraded":3,"timestamp":1522562101,"path_taken":["M","?","?","M","?","?","R","E","T","M","?","R","?","M","R","BOSS","M","?","$","M","?","R","?","?","T","?","E","R","E","M","R","BOSS"],"build_version":"2018-03-29v2","purchased_purges":2,"victory":false,"master_deck":["Strike_R","Strike_R","Defend_R","Defend_R","Defend_R","Defend_R","Bash","Cleave+1","Shrug It Off","Juggernaut","Finesse","Shockwave+1","Inflame+1","Reaper","Uppercut+1","Shrug It Off","Whirlwind","Bloodletting+1","Impervious","Flex+1"],"max_hp_per_floor":[80,80,85,85,85,85,85,85,85,85,85,85,85,85,85,85,85,85,85,85,85,85,85,85,85,85,85,88,88,91,91,91,91],"relics":["Burning Blood","Vajra","Bronze Scales","Velvet Choker","Nloth\u0027s Gift","Dream Catcher","Nilry\u0027s Codex","Gremlin Horn","Bottled Flame"],"card_choices":[{"not_picked":["Seeing Red","Warcry"],"picked":"Cleave","floor":0},{"not_picked":["Hemokinesis","Clash"],"picked":"Shrug It Off","floor":1},{"not_picked":["Rage","True Grit"],"picked":"Shockwave","floor":6},{"not_picked":["Iron Wave","Body Slam"],"picked":"Inflame","floor":8},{"not_picked":["Brutality","Immolate"],"picked":"Reaper","floor":16},{"not_picked":["Iron Wave","Shockwave"],"picked":"Uppercut","floor":18},{"not_picked":["Sword Boomerang","Second Wind"],"picked":"Shrug It Off","floor":21},{"not_picked":["Feel No Pain","Sword Boomerang"],"picked":"Bloodletting","floor":29},{"not_picked":["Heavy Blade","Limit Break"],"picked":"Impervious","floor":30},{"not_picked":["Wild Strike","Cleave"],"picked":"Flex","floor":32}],"player_experience":165724,"potions_floor_usage":[6,16,21,28,28],"damage_taken":[{"damage":7,"enemies":"Small Slimes","floor":1,"turns":3},{"damage":1,"enemies":"Cultist","floor":4,"turns":3},{"damage":0,"enemies":"2 Louse","floor":6,"turns":2},{"damage":38,"enemies":"Gremlin Nob","floor":8,"turns":5},{"damage":31,"enemies":"Exordium Thugs","floor":10,"turns":5},{"damage":0,"enemies":"Large Slime","floor":11,"turns":4},{"damage":0,"enemies":"Gremlin Gang","floor":14,"turns":2},{"damage":50,"enemies":"Slime Boss","floor":16,"turns":11},{"damage":2,"enemies":"3 Byrds","floor":18,"turns":3},{"damage":17,"enemies":"Spheric Guardian","floor":19,"turns":4},{"damage":15,"enemies":"Centurion and Healer","floor":21,"turns":5},{"damage":41,"enemies":"Slavers","floor":28,"turns":4},{"damage":28,"enemies":"Gremlin Leader","floor":30,"turns":6},{"damage":13,"enemies":"Cultist and Chosen","floor":31,"turns":6},{"damage":109,"enemies":"Automaton","floor":33,"turns":10}],"event_choices":[{"event_name":"Match and Keep!","player_choice":"2 cards matched","floor":2,"damage_taken":0},{"event_name":"Big Fish","player_choice":"Donut","floor":3,"damage_taken":0},{"event_name":"Golden Wing","player_choice":"Card Removal","floor":5,"damage_taken":0},{"event_name":"N\u0027loth","player_choice":"Traded a Tiny Chest","floor":22,"damage_taken":0},{"event_name":"The Woman in Blue","player_choice":"Bought 0 Potions","floor":24,"damage_taken":0},{"event_name":"The Library","player_choice":"Read","floor":25,"damage_taken":0},{"event_name":"Cursed Tome","player_choice":"Obtained Book","floor":27,"damage_taken":0}],"boss_relics":[{"not_picked":["Philosopher\u0027s Stone","Astrolabe"],"picked":"Velvet Choker"}],"potions_floor_spawned":[4,6,14,16,19,21,28],"seed_played":"-6237253584943865025","killed_by":"Automaton","ascension_level":2,"is_trial":false}