{"path_per_floor":["?","?","?","?","?","?","?","?","?","?","?","?","?","?","?","B",null,"?","?","?","?","?","?","?","?","?","?"],"character_chosen":"IRONCLAD","items_purchased":["Anchor","Energy Potion","Block Potion","Letter Opener"],"gold_per_floor":[114,129,129,144,159,159,174,249,324,339,369,384,384,386,386,486,486,501,516,441,441,456,56,56,71,146,161],"floor_reached":28,"campfire_rested":2,"playtime":2211,"current_hp_per_floor":[80,80,80,75,69,69,59,59,59,58,65,66,66,65,82,47,87,63,54,54,54,7,7,24,30,30,21],"items_purged":[],"gold":161,"score":214,"play_id":"3639fffc-8a57-4d2c-a80a-31060e478c8d","local_time":"20180308112340","daily_mods":[{"name":"Shiny","description":"Start with 1 Rare card.","modID":"Shiny","img":{"data":{"file":{"file":{"path":"images\\ui\\run_mods\\shiny.png"},"type":"Internal"},"width":64,"height":64,"format":"RGBA8888","useMipMaps":false,"isPrepared":false},"glTarget":3553,"glHandle":682,"minFilter":"Linear","magFilter":"Linear","uWrap":"ClampToEdge","vWrap":"ClampToEdge"},"positive":true},{"name":"Uncertain Future","description":"The map shows only ?.","modID":"Uncertain Future","img":{"data":{"file":{"file":{"path":"images\\ui\\run_mods\\uncertain_future.png"},"type":"Internal"},"width":64,"height":64,"format":"RGBA8888","useMipMaps":false,"isPrepared":false},"glTarget":3553,"glHandle":679,"minFilter":"Linear","magFilter":"Linear","uWrap":"ClampToEdge","vWrap":"ClampToEdge"},"positive":false},{"name":"Night Terrors","description":"Resting at Rest Sites heals 20% of your HP, rather than 30%.","modID":"Night Terrors","img":{"data":{"file":{"file":{"path":"images\\ui\\run_mods\\night_terrors.png"},"type":"Internal"},"width":64,"height":64,"format":"RGBA8888","useMipMaps":false,"isPrepared":false},"glTarget":3553,"glHandle":678,"minFilter":"Linear","magFilter":"Linear","uWrap":"ClampToEdge","vWrap":"ClampToEdge"},"positive":false},{"name":"Vintage","description":"The Merchant\u0027s prices are increased by 25%.","modID":"Vintage","img":{"data":{"file":{"file":{"path":"images\\ui\\run_mods\\vintage.png"},"type":"Internal"},"width":64,"height":64,"format":"RGBA8888","useMipMaps":false,"isPrepared":false},"glTarget":3553,"glHandle":677,"minFilter":"Linear","magFilter":"Linear","uWrap":"ClampToEdge","vWrap":"ClampToEdge"},"positive":false}],"is_prod":false,"is_daily":true,"is_ascension_mode":false,"campfire_upgraded":2,"timestamp":1520501020,"path_taken":["?","?","?","?","?","?","?","?","?","?","?","?","?","?","?","BOSS","?","?","?","?","?","?","?","?","?","?","?"],"build_version":"2018-03-01-PROD1","purchased_purges":0,"victory":false,"master_deck":["Strike_R","Strike_R","Strike_R","Strike_R","Defend_R","Defend_R","Defend_R","Defend_R","Bash","Demon Form+1","Heavy Blade","Cleave","Bash","Jack Of All Trades","Intimidate","Flame Barrier+1","Heavy Blade","Cleave","Whirlwind","Bludgeon","Infernal Blade","Metallicize","Metallicize","Havoc","Thunderclap","Spot Weakness+1"],"max_hp_per_floor":[80,80,80,80,80,80,80,80,80,80,87,87,87,87,87,87,87,87,87,87,87,87,87,87,87,87,87],"relics":["Burning Blood","The Courier","Toolbox","Strawberry","Odd Mushroom","White Beast Statue","Anchor","Letter Opener","Shuriken"],"card_choices":[{"not_picked":["Anger","Iron Wave"],"picked":"Heavy Blade"},{"not_picked":["Sword Boomerang","Clash"],"picked":"Cleave"},{"not_picked":["Perfected Strike","Body Slam"],"picked":"Intimidate"},{"not_picked":["Wild Strike","Hemokinesis"],"picked":"Flame Barrier"},{"not_picked":["Reckless Charge","Sever Soul"],"picked":"Heavy Blade"},{"not_picked":["Uppercut","Demon Form"],"picked":"Cleave"},{"not_picked":["Pommel Strike","Bloodletting"],"picked":"Whirlwind"},{"not_picked":["Double Tap","Demon Form"],"picked":"Bludgeon"},{"not_picked":["Clash","Shrug It Off"],"picked":"Infernal Blade"},{"not_picked":["Anger","Seeing Red"],"picked":"Metallicize"},{"not_picked":["Shrug It Off","Armaments"],"picked":"Havoc"},{"not_picked":["Perfected Strike","Cleave"],"picked":"Thunderclap"},{"not_picked":["True Grit","Flex"],"picked":"Spot Weakness"}],"player_experience":43528,"potions_floor_usage":[4,12,12,19,19,22,25,25,27,27,28],"damage_taken":[{"damage":4,"enemies":"2 Louse","floor":1,"turns":3},{"damage":1,"enemies":"Cultist","floor":2,"turns":3},{"damage":11,"enemies":"Jaw Worm","floor":4,"turns":2},{"damage":12,"enemies":"Exordium Wildlife","floor":5,"turns":4},{"damage":16,"enemies":"2 Fungi Beasts","floor":7,"turns":6},{"damage":7,"enemies":"Blue Slaver","floor":10,"turns":4},{"damage":5,"enemies":"Large Slime","floor":12,"turns":5},{"damage":7,"enemies":"The Mushroom Lair","floor":14,"turns":4},{"damage":45,"enemies":"Slime Boss","floor":16,"turns":7},{"damage":30,"enemies":"Spheric Guardian","floor":18,"turns":5},{"damage":15,"enemies":"2 Thieves","floor":19,"turns":5},{"damage":53,"enemies":"3 Cultists","floor":22,"turns":6},{"damage":0,"enemies":"Centurion and Healer","floor":25,"turns":4},{"damage":15,"enemies":"Snake Plant","floor":27,"turns":5},{"damage":29,"enemies":"Cultist and Chosen","floor":28,"turns":3}],"event_choices":[{"event_name":"Match and Keep!","player_choice":"2 cards matched","floor":3,"damage_taken":0},{"event_name":"Dead Adventurer","player_choice":"Searched \u00273\u0027 times","floor":11,"damage_taken":0},{"event_name":"Mushrooms","player_choice":"Fought Mushrooms","floor":14,"damage_taken":0},{"event_name":"Beggar","player_choice":"Gave Gold","floor":20,"damage_taken":0},{"event_name":"The Library","player_choice":"Read","floor":21,"damage_taken":0}],"boss_relics":[{"not_picked":["Cursed Key","Eternal Feather"],"picked":"White Beast Statue"}],"potions_floor_spawned":[2,7,10,16,18,19,22,25,27],"seed_played":"-8756636655409120335","killed_by":"Cultist and Chosen","ascension_level":0,"is_trial":false}