{"gold_per_floor":[109,124,299,311,386,419,450,462,474,456,468,511,536,25,25,126,126,145,95,46,65,65,65],"floor_reached":23,"playtime":845,"items_purged":["Regret"],"score":456,"play_id":"b374aedb-124e-44d2-99c3-d5be3e466008","local_time":"20190407180142","is_ascension_mode":true,"campfire_choices":[{"floor":11,"key":"REST"},{"floor":15,"key":"REST"}],"neow_cost":"NONE","seed_source_timestamp":34585668782700,"circlet_count":0,"master_deck":["Strike_B","Strike_B","Strike_B","Strike_B","Defend_B","Defend_B","Defend_B","Defend_B","Zap","Dualcast","Go for the Eyes","Hologram","Doubt","Genetic Algorithm","White Noise","Cold Snap","Hologram","Darkness","Creative AI","Doubt","Shame","Writhe","Beam Cell","Storm","Writhe"],"relics":["Cracked Core","NeowsBlessing","MawBank","FossilizedHelix","Peace Pipe","Toy Ornithopter","Lantern","Calling Bell","Boot","Symbiotic Virus","Emotion Chip","Anchor"],"potions_floor_usage":[6,7,12,12,12,16,16,16,21],"damage_taken":[{"damage":0,"enemies":"2 Louse","floor":1,"turns":1},{"damage":0,"enemies":"Small Slimes","floor":2,"turns":1},{"damage":0,"enemies":"Cultist","floor":4,"turns":1},{"damage":42,"enemies":"Gremlin Nob","floor":6,"turns":5},{"damage":3,"enemies":"Looter","floor":7,"turns":3},{"damage":0,"enemies":"3 Sentries","floor":12,"turns":4},{"damage":25,"enemies":"Gremlin Gang","floor":13,"turns":7},{"damage":0,"enemies":"Slime Boss","floor":16,"turns":11},{"damage":51,"enemies":"3 Byrds","floor":18,"turns":5},{"damage":12,"enemies":"Shell Parasite","floor":21,"turns":6},{"damage":14,"enemies":"Gremlin Leader","floor":23,"turns":2}],"seed_played":"-5744990773034685137","potions_obtained":[{"floor":1,"key":"AttackPotion"},{"floor":6,"key":"SteroidPotion"},{"floor":7,"key":"Swift Potion"},{"floor":10,"key":"Block Potion"},{"floor":10,"key":"SkillPotion"},{"floor":13,"key":"EssenceOfSteel"}],"is_trial":false,"path_per_floor":["M","M","?","M","?","E","M","?","T","?","R","E","M","$","R","B",null,"M","?","$","M","?","E"],"character_chosen":"DEFECT","items_purchased":["Toy Ornithopter","Lantern","AttackPotion","FearPotion","AttackPotion"],"campfire_rested":2,"item_purchase_floors":[14,14,14,14,20],"current_hp_per_floor":[68,68,68,68,57,15,12,12,12,12,34,34,9,9,31,46,68,17,17,17,10,10,0],"gold":65,"neow_bonus":"THREE_ENEMY_KILL","is_prod":false,"is_daily":false,"chose_seed":false,"campfire_upgraded":0,"win_rate":0,"timestamp":1554649302,"path_taken":["M","M","?","M","?","E","M","?","T","?","R","E","?","$","R","BOSS","M","?","$","?","?","E"],"build_version":"2019-01-23","purchased_purges":1,"victory":false,"max_hp_per_floor":[75,75,75,75,75,75,75,75,75,75,75,75,75,75,75,75,75,75,75,75,75,75,75],"card_choices":[{"not_picked":["Coolheaded","Cold Snap"],"picked":"Go for the Eyes","floor":1},{"not_picked":["Recycle","Force Field"],"picked":"Hologram","floor":2},{"not_picked":["Stack","Buffer"],"picked":"Genetic Algorithm","floor":4},{"not_picked":["Barrage","Ball Lightning"],"picked":"White Noise","floor":6},{"not_picked":["Streamline","Go for the Eyes"],"picked":"Cold Snap","floor":7},{"not_picked":["Turbo","Chaos"],"picked":"Hologram","floor":12},{"not_picked":["Leap","Redo"],"picked":"Darkness","floor":13},{"not_picked":["Reboot","Amplify"],"picked":"Creative AI","floor":16},{"not_picked":["Sweeping Beam","Streamline"],"picked":"Beam Cell","floor":18},{"not_picked":["Go for the Eyes","Ball Lightning"],"picked":"Storm","floor":21}],"player_experience":529245,"relics_obtained":[{"floor":6,"key":"MawBank"},{"floor":12,"key":"Peace Pipe"},{"floor":17,"key":"Boot"},{"floor":17,"key":"Symbiotic Virus"},{"floor":17,"key":"Emotion Chip"}],"event_choices":[{"damage_healed":0,"gold_gain":175,"player_choice":"AGREE","damage_taken":0,"max_hp_gain":0,"max_hp_loss":0,"event_name":"Liars Game","floor":3,"gold_loss":0,"cards_obtained":["Doubt"]},{"damage_healed":0,"gold_gain":75,"player_choice":"Gather Gold","damage_taken":11,"max_hp_gain":0,"max_hp_loss":0,"event_name":"World of Goop","floor":5,"gold_loss":0},{"damage_healed":0,"gold_gain":0,"player_choice":"Box","damage_taken":0,"relics_obtained":["FossilizedHelix"],"max_hp_gain":0,"max_hp_loss":0,"event_name":"Big Fish","floor":8,"gold_loss":0,"cards_obtained":["Regret"]},{"damage_healed":0,"gold_gain":0,"player_choice":"Bought 2 Potions","damage_taken":0,"max_hp_gain":0,"max_hp_loss":0,"event_name":"The Woman in Blue","floor":10,"gold_loss":0},{"damage_healed":0,"gold_gain":0,"player_choice":"Bet on Murderer","damage_taken":0,"max_hp_gain":0,"max_hp_loss":0,"event_name":"The Joust","floor":19,"gold_loss":50},{"damage_healed":0,"gold_gain":0,"player_choice":"Opened","damage_taken":0,"relics_obtained":["Anchor"],"max_hp_gain":0,"max_hp_loss":0,"event_name":"The Mausoleum","floor":22,"gold_loss":0,"cards_obtained":["Writhe"]}],"is_beta":false,"boss_relics":[{"not_picked":["Coffee Dripper","Black Star"],"picked":"Calling Bell"}],"items_purged_floors":[14],"is_endless":false,"potions_floor_spawned":[1,6,7,13],"killed_by":"Gremlin Leader","ascension_level":6}