{"path_per_floor":["M","M","?","M","?","R","M","R","T","M","M","R","$","M","R","B",null,"M","?","?","M","?","R","M","M","T","M","$","M","E","$","R","B",null,"M","M","?","?","T","R","M","R","T","R","$","R","E"],"character_chosen":"IRONCLAD","items_purchased":["Dodecahedron","Inflame"],"gold_per_floor":[110,123,198,215,315,315,329,329,409,423,441,441,47,57,57,159,159,175,100,100,114,114,114,134,148,148,161,61,72,99,99,99,198,198,212,229,229,229,254,254,270,270,270,270,145,145,175,175],"floor_reached":48,"campfire_rested":3,"playtime":1299,"current_hp_per_floor":[88,85,74,80,80,80,86,86,86,71,77,77,77,66,88,13,88,64,64,88,82,61,61,61,61,75,69,69,68,52,52,74,25,75,75,67,58,58,58,58,31,53,53,53,53,53,11,0],"items_purged":["Strike_R","Bash","Defend_R"],"gold":175,"score":545,"play_id":"b076f8b6-4a42-41af-9ef8-574f132e58d8","local_time":"20180402193537","is_prod":false,"is_daily":false,"is_ascension_mode":true,"campfire_upgraded":7,"timestamp":1522686937,"path_taken":["M","M","?","M","?","R","M","R","T","M","?","R","$","M","R","BOSS","M","?","?","?","?","R","M","M","T","M","$","M","E","$","R","BOSS","M","M","?","?","?","R","M","R","T","R","$","R","E","?"],"build_version":"2018-03-29v2","purchased_purges":3,"victory":false,"master_deck":["Defend_R","Defend_R","Defend_R","Thunderclap+1","Twin Strike+1","Whirlwind+1","Inflame","Offering+1","Bite","Bite","Bite","Bite","Bite","Disarm+1","Inflame+1","Demon Form","Madness+1","Madness+1","Immolate"],"max_hp_per_floor":[88,88,88,88,88,88,88,88,88,88,88,88,88,88,88,88,88,88,88,88,88,61,61,61,61,75,75,75,75,75,75,75,75,75,75,75,75,75,75,75,75,75,75,75,75,75,75,75],"relics":["Burning Blood","Mummified Hand","Dodecahedron","Velvet Choker","Mango","Art of War","Mark of Pain","Ancient Tea Set","Letter Opener","Magic Flower"],"card_choices":[{"not_picked":["Sword Boomerang","Evolve"],"picked":"Thunderclap","floor":1},{"not_picked":["Havoc","Second Wind"],"picked":"Twin Strike","floor":2},{"not_picked":["Infernal Blade","Pommel Strike"],"picked":"Whirlwind","floor":10},{"not_picked":["Immolate","Berserk"],"picked":"Offering","floor":16},{"not_picked":["Juggernaut","Uppercut"],"picked":"Disarm","floor":25},{"not_picked":["Rampage","Whirlwind"],"picked":"Inflame","floor":29},{"not_picked":["Dark Embrace","Bludgeon"],"picked":"Demon Form","floor":33},{"not_picked":["Feed","Armaments"],"picked":"Immolate","floor":47}],"player_experience":171352,"potions_floor_usage":[10,14,25,30,33,47,48],"damage_taken":[{"damage":1,"enemies":"Cultist","floor":1,"turns":3},{"damage":9,"enemies":"Jaw Worm","floor":2,"turns":3},{"damage":0,"enemies":"Small Slimes","floor":4,"turns":2},{"damage":0,"enemies":"2 Fungi Beasts","floor":7,"turns":2},{"damage":21,"enemies":"Exordium Thugs","floor":10,"turns":3},{"damage":0,"enemies":"Gremlin Gang","floor":11,"turns":1},{"damage":17,"enemies":"Exordium Wildlife","floor":14,"turns":3},{"damage":81,"enemies":"Hexaghost","floor":16,"turns":9},{"damage":30,"enemies":"Shell Parasite","floor":18,"turns":3},{"damage":12,"enemies":"Chosen","floor":21,"turns":3},{"damage":4,"enemies":"Centurion and Healer","floor":24,"turns":1},{"damage":7,"enemies":"3 Cultists","floor":25,"turns":3},{"damage":16,"enemies":"Chosen and Byrds","floor":27,"turns":3},{"damage":11,"enemies":"Centurion and Healer","floor":29,"turns":3},{"damage":26,"enemies":"Slavers","floor":30,"turns":2},{"damage":82,"enemies":"Automaton","floor":33,"turns":8},{"damage":3,"enemies":"3 Darklings","floor":35,"turns":3},{"damage":14,"enemies":"Orb Walker","floor":36,"turns":3},{"damage":37,"enemies":"Sphere and 2 Shapes","floor":41,"turns":3},{"damage":68,"enemies":"Giant Head","floor":47,"turns":7},{"damage":23,"enemies":"4 Shapes","floor":48,"turns":1}],"event_choices":[{"event_name":"World of Goop","player_choice":"Gather Gold","floor":3,"damage_taken":0},{"event_name":"Golden Shrine","player_choice":"Pray","floor":5,"damage_taken":0},{"event_name":"Beggar","player_choice":"Gave Gold","floor":19,"damage_taken":0},{"event_name":"The Library","player_choice":"Heal","floor":20,"damage_taken":0},{"event_name":"Vampires","player_choice":"Became a vampire","floor":22,"damage_taken":0},{"event_name":"Winding Halls","player_choice":"Embrace Madness","floor":37,"damage_taken":0},{"event_name":"Mysterious Sphere","player_choice":"Ignore","floor":38,"damage_taken":0}],"boss_relics":[{"not_picked":["Runic Dome","Pandora\u0027s Box"],"picked":"Velvet Choker"},{"not_picked":["Calling Bell","Runic Cube"],"picked":"Mark of Pain"}],"potions_floor_spawned":[2,7,18,25,29,36,47],"seed_played":"3507044995662778689","killed_by":"4 Shapes","ascension_level":2,"is_trial":false}