{"gold_per_floor":[119,149,160,110,110,138,63,63,63,74,94,94,113,127,127,223,223,235,252,152,162,179,179,229,229,255,255,271,282,295,295],"floor_reached":31,"playtime":1272,"items_purged":["Strike_B","Strike_B"],"score":266,"play_id":"eda4c1e4-9ceb-4111-bbad-eb71eb892b3a","local_time":"20190713195417","is_ascension_mode":false,"campfire_choices":[{"data":"Zap","floor":12,"key":"SMITH"},{"data":"Rebound","floor":15,"key":"SMITH"},{"data":"Electrodynamics","floor":23,"key":"SMITH"},{"data":"Hologram","floor":25,"key":"SMITH"},{"floor":27,"key":"RECALL"}],"neow_cost":"NONE","seed_source_timestamp":193476796412276,"circlet_count":0,"master_deck":["Strike_B","Strike_B","Defend_B","Defend_B","Defend_B","Zap+1","Dualcast","Conserve Battery","Genetic Algorithm","Double Energy","Capacitor","Hologram+1","Melter","Rebound+1","Electrodynamics+1","Leap+1","Genetic Algorithm"],"relics":["Cracked Core","NeowsBlessing","Tiny Chest","Oddly Smooth Stone","Ancient Tea Set","FossilizedHelix","Sozu"],"potions_floor_usage":[14,21,21],"damage_taken":[{"damage":0,"enemies":"Small Slimes","floor":1,"turns":1},{"damage":0,"enemies":"Jaw Worm","floor":3,"turns":1},{"damage":0,"enemies":"Lagavulin","floor":6,"turns":1},{"damage":0,"enemies":"Cultist","floor":10,"turns":4},{"damage":0,"enemies":"2 Fungi Beasts","floor":11,"turns":4},{"damage":12,"enemies":"Exordium Thugs","floor":13,"turns":6},{"damage":0,"enemies":"Looter","floor":14,"turns":2},{"damage":44,"enemies":"The Guardian","floor":16,"turns":14},{"damage":0,"enemies":"3 Byrds","floor":18,"turns":2},{"damage":12,"enemies":"Shell Parasite","floor":19,"turns":5},{"damage":12,"enemies":"Centurion and Healer","floor":21,"turns":5},{"damage":1,"enemies":"Cultist and Chosen","floor":22,"turns":8},{"damage":0,"enemies":"Shelled Parasite and Fungi","floor":28,"turns":5},{"damage":0,"enemies":"Centurion and Healer","floor":29,"turns":5},{"damage":14,"enemies":"Snake Plant","floor":30,"turns":5},{"damage":40,"enemies":"Gremlin Leader","floor":31,"turns":5}],"seed_played":"1008302972044015968","potions_obtained":[{"floor":6,"key":"Swift Potion"},{"floor":10,"key":"Fire Potion"},{"floor":14,"key":"FearPotion"},{"floor":16,"key":"Strength Potion"}],"is_trial":false,"path_per_floor":["M","?","M","?","?","E","$","?","T","M","M","R","M","M","R","B",null,"M","M","$","M","M","R","?","R","T","R","M","M","M","E"],"character_chosen":"DEFECT","items_purchased":[],"campfire_rested":0,"item_purchase_floors":[],"current_hp_per_floor":[75,75,75,75,63,63,63,63,63,63,63,63,51,51,51,7,75,75,63,63,51,50,50,50,50,50,50,50,50,36,0],"gold":295,"neow_bonus":"THREE_ENEMY_KILL","is_prod":false,"is_daily":false,"chose_seed":false,"campfire_upgraded":4,"win_rate":0,"timestamp":1563040457,"path_taken":["M","?","M","?","?","E","?","?","T","M","M","R","M","M","R","BOSS","M","?","$","M","M","R","?","R","T","R","M","M","M","E"],"build_version":"2019-07-05","purchased_purges":2,"victory":false,"max_hp_per_floor":[75,75,75,75,75,75,75,75,75,75,75,75,75,75,75,75,75,75,75,75,75,75,75,75,75,75,75,75,75,75,75],"card_choices":[{"not_picked":["Turbo","Gash"],"picked":"Conserve Battery","floor":1},{"not_picked":["Barrage","Rip and Tear"],"picked":"Genetic Algorithm","floor":3},{"not_picked":["Reprogram","Storm"],"picked":"Double Energy","floor":6},{"not_picked":["Force Field","Sweeping Beam"],"picked":"Capacitor","floor":10},{"not_picked":["White Noise","Thunder Strike"],"picked":"Hologram","floor":11},{"not_picked":["Compile Driver","Beam Cell"],"picked":"Melter","floor":13},{"not_picked":["Tempest","Sweeping Beam"],"picked":"Rebound","floor":14},{"not_picked":["Thunder Strike","Seek"],"picked":"Electrodynamics","floor":16},{"not_picked":["Consume","Sunder","Leap+1"],"picked":"SKIP","floor":18},{"not_picked":["Ball Lightning","Beam Cell","Blizzard"],"picked":"SKIP","floor":19},{"not_picked":["Conserve Battery","Hologram"],"picked":"Leap+1","floor":21},{"not_picked":["Undo","Melter+1","Stack"],"picked":"SKIP","floor":22},{"not_picked":["Darkness","Gash"],"picked":"Genetic Algorithm","floor":28},{"not_picked":["Darkness","Go for the Eyes","Compile Driver+1"],"picked":"SKIP","floor":29},{"not_picked":["Compile Driver","Leap","Stack"],"picked":"SKIP","floor":30}],"player_experience":117708,"relics_obtained":[{"floor":6,"key":"Ancient Tea Set"},{"floor":9,"key":"FossilizedHelix"}],"event_choices":[{"damage_healed":0,"gold_gain":0,"player_choice":"Box","damage_taken":0,"relics_obtained":["Tiny Chest"],"max_hp_gain":0,"max_hp_loss":0,"event_name":"Big Fish","floor":2,"gold_loss":0,"cards_obtained":["Regret"]},{"cards_removed":["Regret"],"damage_healed":0,"gold_gain":0,"player_choice":"Card Removal","damage_taken":0,"max_hp_gain":0,"max_hp_loss":0,"event_name":"The Cleric","floor":4,"gold_loss":50},{"damage_healed":0,"gold_gain":0,"player_choice":"Success","damage_taken":12,"relics_obtained":["Oddly Smooth Stone"],"max_hp_gain":0,"max_hp_loss":0,"event_name":"Scrap Ooze","floor":5,"gold_loss":0},{"cards_removed":["Defend_B"],"damage_healed":0,"gold_gain":0,"player_choice":"Purged","damage_taken":0,"max_hp_gain":0,"max_hp_loss":0,"event_name":"Purifier","floor":8,"gold_loss":0},{"damage_healed":0,"gold_gain":100,"player_choice":"Bet on Murderer","damage_taken":0,"max_hp_gain":0,"max_hp_loss":0,"event_name":"The Joust","floor":24,"gold_loss":50}],"is_beta":false,"boss_relics":[{"not_picked":["Cursed Key","Velvet Choker"],"picked":"Sozu"}],"items_purged_floors":[7,20],"is_endless":false,"potions_floor_spawned":[6,10,14,16,19,22,29,30],"killed_by":"Gremlin Leader","ascension_level":0}