{"gold_per_floor":[119,134,134,145,145,145,176,191,191,211,240,256,256,267,267,366,366,379,404,404,422,432,467,477,506,506,517,517,238,238,265,265,360,360,380,380,399,409,463,463],"floor_reached":40,"playtime":2220,"items_purged":["Strike_B"],"score":483,"play_id":"1a12787d-c3c4-4ee7-89e3-4e4cacf0cced","local_time":"20180907215206","is_ascension_mode":true,"campfire_choices":[{"floor":6,"key":"REST"},{"data":"Darkness","floor":15,"key":"SMITH"},{"floor":28,"key":"REST"},{"data":"Loop","floor":30,"key":"SMITH"},{"data":"Zap","floor":32,"key":"SMITH"}],"neow_cost":"NONE","seed_source_timestamp":133946712138213,"circlet_count":0,"master_deck":["Strike_B+1","Strike_B","Strike_B","Defend_B","Defend_B+1","Defend_B","Defend_B","Zap+1","Dualcast","Core Surge","Conserve Battery","BootSequence","Darkness+1","Core Surge","Glacier","Chill","Seek","Sweeping Beam","BootSequence","Sweeping Beam+1","Conserve Battery","Loop+1","BootSequence","Buffer","Loop","Double Energy+1"],"relics":["Cracked Core","Happy Flower","Shuriken","Ancient Tea Set","Pantograph","Velvet Choker","Red Mask","MutagenicStrength","Lantern","Gambling Chip","Emotion Chip","Lee\u0027s Waffle","Bag of Marbles","Cursed Key","StoneCalendar","Nunchaku"],"potions_floor_usage":[4,7,14,16,16,19,19,24,25,27,39,40],"damage_taken":[{"damage":0,"enemies":"Small Slimes","floor":1,"turns":2},{"damage":2,"enemies":"2 Louse","floor":2,"turns":2},{"damage":1,"enemies":"Jaw Worm","floor":4,"turns":3},{"damage":8,"enemies":"Lagavulin","floor":7,"turns":8},{"damage":0,"enemies":"Red Slaver","floor":8,"turns":3},{"damage":0,"enemies":"3 Louse","floor":10,"turns":3},{"damage":10,"enemies":"3 Sentries","floor":11,"turns":7},{"damage":0,"enemies":"Blue Slaver","floor":12,"turns":2},{"damage":0,"enemies":"2 Fungi Beasts","floor":14,"turns":2},{"damage":24,"enemies":"Hexaghost","floor":16,"turns":12},{"damage":8,"enemies":"2 Thieves","floor":18,"turns":4},{"damage":7,"enemies":"Masked Bandits","floor":19,"turns":5},{"damage":3,"enemies":"Shell Parasite","floor":21,"turns":5},{"damage":0,"enemies":"3 Cultists","floor":22,"turns":7},{"damage":29,"enemies":"Gremlin Leader","floor":23,"turns":6},{"damage":7,"enemies":"Cultist and Chosen","floor":24,"turns":7},{"damage":18,"enemies":"Book of Stabbing","floor":25,"turns":7},{"damage":8,"enemies":"Snecko","floor":27,"turns":3},{"damage":20,"enemies":"Slavers","floor":31,"turns":6},{"damage":62,"enemies":"Automaton","floor":33,"turns":14},{"damage":1,"enemies":"Orb Walker","floor":35,"turns":3},{"damage":15,"enemies":"Mind Bloom Boss Battle","floor":36,"turns":6},{"damage":7,"enemies":"3 Darklings","floor":37,"turns":6},{"damage":1,"enemies":"Sphere and 2 Shapes","floor":38,"turns":4},{"damage":14,"enemies":"Mysterious Sphere","floor":39,"turns":7},{"damage":68,"enemies":"2 Orb Walkers","floor":40,"turns":5}],"seed_played":"-8826731911960476845","potions_obtained":[{"floor":0,"key":"FairyPotion"},{"floor":0,"key":"SpeedPotion"},{"floor":0,"key":"Regen Potion"},{"floor":4,"key":"PowerPotion"},{"floor":8,"key":"Poison Potion"},{"floor":14,"key":"LiquidBronze"},{"floor":16,"key":"Block Potion"},{"floor":18,"key":"Fire Potion"},{"floor":21,"key":"Regen Potion"},{"floor":24,"key":"AttackPotion"},{"floor":25,"key":"Swift Potion"},{"floor":31,"key":"Ancient Potion"},{"floor":37,"key":"Strength Potion"}],"is_trial":false,"path_per_floor":["M","M","?","M","?","R","E","M","T","M","E","M","?","M","R","B",null,"M","?","?","M","M","E","M","E","T","M","R","$","R","E","R","B",null,"M","?","M","M","?"],"character_chosen":"DEFECT","items_purchased":["Lee\u0027s Waffle"],"campfire_rested":2,"item_purchase_floors":[29],"current_hp_per_floor":[75,73,48,56,41,63,55,55,55,55,45,45,45,45,45,46,75,67,60,60,57,57,28,36,18,18,10,32,82,82,62,62,20,82,81,67,60,59,45,0],"gold":463,"neow_bonus":"THREE_SMALL_POTIONS","is_prod":false,"is_daily":false,"chose_seed":false,"campfire_upgraded":3,"win_rate":0,"timestamp":1536346326,"path_taken":["M","M","?","?","?","R","E","M","T","M","E","M","?","M","R","BOSS","M","?","?","?","M","E","M","E","T","M","R","$","R","E","R","BOSS","M","?","M","M","?","E"],"build_version":"2018-09-06","purchased_purges":1,"victory":false,"max_hp_per_floor":[75,75,75,75,75,75,75,75,75,75,75,75,75,75,75,75,75,75,75,75,75,75,75,75,75,75,75,75,82,82,82,82,82,82,82,82,82,82,82,82],"card_choices":[{"not_picked":["Leap","Darkness"],"picked":"Core Surge","floor":1},{"not_picked":["Go for the Eyes","Stack"],"picked":"Conserve Battery","floor":2},{"not_picked":["Consume","Steam"],"picked":"BootSequence","floor":4},{"not_picked":["Gash","Hologram"],"picked":"Darkness","floor":7},{"not_picked":["Melter","Streamline"],"picked":"Core Surge","floor":8},{"not_picked":["Aggregate","Recycle","Cold Snap"],"picked":"SKIP","floor":10},{"not_picked":["Turbo","Lockon"],"picked":"Glacier","floor":11},{"not_picked":["Hologram","Rebound","Stack"],"picked":"SKIP","floor":12},{"not_picked":["Genetic Algorithm","Ball Lightning","Compile Driver"],"picked":"SKIP","floor":14},{"not_picked":["Machine Learning","Thunder Strike"],"picked":"Seek","floor":16},{"not_picked":["Turbo","Cold Snap"],"picked":"Sweeping Beam","floor":18},{"not_picked":["Ball Lightning","Coolheaded"],"picked":"BootSequence","floor":19},{"not_picked":["Turbo+1","Scrape","Amplify"],"picked":"SKIP","floor":21},{"not_picked":["FTL+1","Reprogram+1"],"picked":"Sweeping Beam+1","floor":22},{"not_picked":["Storm","Genetic Algorithm"],"picked":"Conserve Battery","floor":23},{"not_picked":["Streamline","Reprogram","Leap"],"picked":"SKIP","floor":24},{"not_picked":["Barrage","Storm","Compile Driver"],"picked":"SKIP","floor":25},{"not_picked":["Rebound","Barrage"],"picked":"Loop","floor":27},{"not_picked":["Fusion+1","Steam"],"picked":"BootSequence","floor":31},{"not_picked":["Meteor Strike","Machine Learning"],"picked":"Buffer","floor":33},{"not_picked":["Conserve Battery+1","Gash"],"picked":"Loop","floor":35},{"not_picked":["Cold Snap+1","Tempest+1","Lockon+1"],"picked":"SKIP","floor":37},{"not_picked":["Turbo","Gash+1","Conserve Battery"],"picked":"SKIP","floor":38},{"not_picked":["Recycle","Auto Shields"],"picked":"Double Energy+1","floor":39}],"player_experience":356763,"relics_obtained":[{"floor":7,"key":"Shuriken"},{"floor":9,"key":"Ancient Tea Set"},{"floor":11,"key":"Pantograph"},{"floor":19,"key":"Red Mask"},{"floor":23,"key":"Lantern"},{"floor":25,"key":"Gambling Chip"},{"floor":26,"key":"Emotion Chip"},{"floor":31,"key":"Bag of Marbles"},{"floor":36,"key":"StoneCalendar"},{"floor":39,"key":"Nunchaku"}],"event_choices":[{"event_name":"Scrap Ooze","player_choice":"success","floor":3,"damage_taken":25},{"event_name":"Shining Light","player_choice":"Entered Light","floor":5,"damage_taken":0},{"event_name":"Match and Keep!","player_choice":"1 cards matched","floor":13,"damage_taken":0},{"event_name":"Masked Bandits","player_choice":"Fought Bandits","floor":19,"damage_taken":0},{"event_name":"Drug Dealer","player_choice":"Inject Mutagens","floor":20,"damage_taken":0},{"event_name":"MindBloom","player_choice":"Fight","floor":36,"damage_taken":0},{"event_name":"Mysterious Sphere","player_choice":"Fight","floor":39,"damage_taken":0}],"is_beta":false,"boss_relics":[{"not_picked":["Pandora\u0027s Box","Runic Dome"],"picked":"Velvet Choker"},{"not_picked":["Eternal Feather","White Beast Statue"],"picked":"Cursed Key"}],"items_purged_floors":[29],"is_endless":false,"potions_floor_spawned":[4,8,11,14,16,18,21,24,25,31,37,38],"killed_by":"2 Orb Walkers","ascension_level":1}