{"path_per_floor":["M","?","?","M","M","R","E","M","T","E","R","M","E","$","R","B",null,"M","?","M","?","M","E","?","$","T","M","E","R","E","M","R","B",null,"M","T","M","M","M","R","E","R","T","E","$","E","?","M","R"],"character_chosen":"THE_SILENT","items_purchased":["Shovel","Regen Potion"],"gold_per_floor":[114,114,114,129,144,144,174,189,214,244,244,259,319,19,19,119,119,119,119,89,89,89,89,89,14,14,14,14,14,14,14,14,14,14,14,14,14,14,14,14,14,14,14,14,14,14,14,14,14,14],"floor_reached":50,"campfire_rested":4,"playtime":3204,"item_purchase_floors":[14,25],"current_hp_per_floor":[68,68,68,68,68,68,58,58,58,30,66,56,41,41,70,38,70,61,80,63,63,63,7,33,33,33,25,25,64,64,48,80,80,80,84,84,84,81,55,55,54,54,61,56,56,58,60,47,47,0],"items_purged":[],"gold":14,"score":785,"play_id":"5c29954f-1568-429f-9406-460631c73a80","local_time":"20180616151647","daily_mods":["Shiny","Elite Swarm","Uncertain Future"],"is_prod":false,"is_daily":true,"chose_seed":false,"is_ascension_mode":false,"campfire_upgraded":1,"win_rate":0,"timestamp":1529151407,"campfire_choices":[{"data":"After Image","floor":6,"key":"SMITH"},{"floor":11,"key":"REST"},{"floor":15,"key":"REST"},{"floor":29,"key":"REST"},{"floor":32,"key":"REST"},{"floor":40,"key":"DIG"},{"floor":42,"key":"DIG"},{"floor":49,"key":"DIG"}],"path_taken":["M","?","?","M","?","R","E","M","T","E","R","M","E","$","R","BOSS","M","?","M","?","M","E","?","$","T","M","E","R","E","M","R","BOSS","M","?","M","M","M","R","E","R","T","E","$","E","?","?","R","BOSS"],"build_version":"2018-06-14v2","seed_source_timestamp":0,"purchased_purges":0,"victory":false,"master_deck":["Venomology","Phantasmal Killer","Die Die Die","Adrenaline+1","Envenom","Doppelganger","Wraith Form v2","Tools of the Trade","Night Terror","Unload","After Image+1","Tactician","Bullet Time","Storm of Steel","Glass Knife","A Thousand Cuts","Grand Finale","Die Die Die+1","Grand Finale+1","Adrenaline","Glass Knife+1","Adrenaline"],"max_hp_per_floor":[70,70,70,70,70,70,70,70,70,70,70,70,70,70,70,70,70,70,80,80,80,80,80,80,80,80,80,80,80,80,80,80,80,80,85,85,85,85,85,85,85,85,92,94,94,96,98,100,100,100],"special_seed":17698,"relics":["Ring of the Snake","Regal Pillow","Dream Catcher","Molten Egg 2","Tiny Chest","Shovel","Ectoplasm","Toolbox","Omamori","Sundial","Snake Skull","Coffee Dripper","Shuriken","Darkstone Periapt","Tingsha","Calipers","Strawberry","Singing Bowl","Old Coin","Unceasing Top"],"card_choices":[{"not_picked":["Crippling Poison","Poisoned Stab","Outmaneuver"],"picked":"SKIP","floor":1},{"not_picked":["Quick Slash","Acrobatics","Deadly Poison"],"picked":"SKIP","floor":4},{"not_picked":["Dagger Spray","Flying Knee","Sucker Punch"],"picked":"SKIP","floor":5},{"not_picked":["Tools of the Trade","Night Terror","Phantasmal Killer"],"picked":"SKIP","floor":7},{"not_picked":["Poisoned Stab","Crippling Poison","Acrobatics"],"picked":"SKIP","floor":8},{"not_picked":["Venomology","Grand Finale"],"picked":"Die Die Die","floor":10},{"not_picked":["Outmaneuver","Deadly Poison","Quick Slash+1"],"picked":"SKIP","floor":12},{"not_picked":["Storm of Steel","Bullet Time"],"picked":"Grand Finale+1","floor":13},{"not_picked":["Storm of Steel","Doppelganger"],"picked":"Adrenaline","floor":16},{"not_picked":["Dagger Spray+1","Bane+1","Dagger Throw+1"],"picked":"SKIP","floor":18},{"not_picked":["Backflip+1","Dagger Spray+1","Acrobatics"],"picked":"SKIP","floor":20},{"not_picked":["Prepared","Eviscerate+1","Dagger Spray+1"],"picked":"SKIP","floor":22},{"not_picked":["Corpse Explosion+1","Doppelganger","Glass Knife+1"],"picked":"SKIP","floor":23},{"not_picked":["Reflex","Expertise","Deflect+1"],"picked":"SKIP","floor":27},{"not_picked":["Unload+1","Corpse Explosion+1"],"picked":"Glass Knife+1","floor":28},{"not_picked":["Grand Finale+1","Corpse Explosion+1","Phantasmal Killer"],"picked":"SKIP","floor":30},{"not_picked":["Bane+1","Quick Slash+1","PiercingWail"],"picked":"SKIP","floor":31},{"not_picked":["Expertise+1","Deflect+1","Outmaneuver"],"picked":"SKIP","floor":35},{"not_picked":["Dagger Spray+1","Backflip","Outmaneuver"],"picked":"SKIP","floor":37},{"not_picked":["Blur","Bane+1","Catalyst+1"],"picked":"SKIP","floor":38},{"not_picked":["Terror","Deadly Poison","Bane+1"],"picked":"SKIP","floor":39},{"not_picked":["Night Terror","Die Die Die+1"],"picked":"Adrenaline","floor":41},{"not_picked":["After Image","Wraith Form v2","Night Terror"],"picked":"Singing Bowl","floor":44},{"not_picked":["Glass Knife+1","Grand Finale+1","Venomology"],"picked":"Singing Bowl","floor":46},{"not_picked":["Flash of Steel+1","Sadistic Nature","Transmutation"],"picked":"Singing Bowl","floor":47},{"not_picked":["Bane+1","Backstab+1","Sucker Punch+1"],"picked":"Singing Bowl","floor":48}],"player_experience":264762,"potions_floor_usage":[4,4,7,12,12,13,16,16,16,16,18,22,23,23,28,30,30,33,33,35,38,39,41,41,41,44,44,48,48],"damage_taken":[{"damage":2,"enemies":"2 Louse","floor":1,"turns":2},{"damage":0,"enemies":"Cultist","floor":4,"turns":3},{"damage":0,"enemies":"Small Slimes","floor":5,"turns":2},{"damage":10,"enemies":"3 Sentries","floor":7,"turns":4},{"damage":0,"enemies":"3 Louse","floor":8,"turns":1},{"damage":28,"enemies":"Gremlin Nob","floor":10,"turns":4},{"damage":10,"enemies":"Red Slaver","floor":12,"turns":2},{"damage":15,"enemies":"Lagavulin","floor":13,"turns":5},{"damage":32,"enemies":"The Guardian","floor":16,"turns":10},{"damage":9,"enemies":"3 Byrds","floor":18,"turns":3},{"damage":17,"enemies":"2 Thieves","floor":20,"turns":2},{"damage":0,"enemies":"Snecko","floor":22,"turns":3},{"damage":56,"enemies":"Slavers","floor":23,"turns":5},{"damage":24,"enemies":"Cultist and Chosen","floor":27,"turns":5},{"damage":0,"enemies":"Gremlin Leader","floor":28,"turns":4},{"damage":0,"enemies":"Book of Stabbing","floor":30,"turns":3},{"damage":16,"enemies":"Snake Plant","floor":31,"turns":3},{"damage":0,"enemies":"Champ","floor":33,"turns":5},{"damage":1,"enemies":"3 Darklings","floor":35,"turns":4},{"damage":0,"enemies":"3 Shapes","floor":37,"turns":1},{"damage":3,"enemies":"Sphere and 2 Shapes","floor":38,"turns":4},{"damage":26,"enemies":"Maw","floor":39,"turns":6},{"damage":15,"enemies":"2 Orb Walkers","floor":41,"turns":5},{"damage":21,"enemies":"Nemesis","floor":44,"turns":5},{"damage":0,"enemies":"Giant Head","floor":46,"turns":5},{"damage":19,"enemies":"4 Shapes","floor":48,"turns":2},{"damage":59,"enemies":"Donu and Deca","floor":50,"turns":3}],"relics_obtained":[{"floor":7,"key":"Regal Pillow"},{"floor":9,"key":"Dream Catcher"},{"floor":10,"key":"Molten Egg 2"},{"floor":13,"key":"Tiny Chest"},{"floor":23,"key":"Toolbox"},{"floor":26,"key":"Omamori"},{"floor":28,"key":"Sundial"},{"floor":30,"key":"Snake Skull"},{"floor":36,"key":"Shuriken"},{"floor":40,"key":"Darkstone Periapt"},{"floor":41,"key":"Tingsha"},{"floor":42,"key":"Calipers"},{"floor":43,"key":"Strawberry"},{"floor":44,"key":"Singing Bowl"},{"floor":46,"key":"Old Coin"},{"floor":49,"key":"Unceasing Top"}],"event_choices":[{"event_name":"Upgrade Shrine","player_choice":"Upgraded","floor":2,"damage_taken":0},{"event_name":"Purifier","player_choice":"One Purge","floor":3,"damage_taken":0},{"event_name":"Bonfire Elementals","player_choice":"RARE","floor":19,"damage_taken":0},{"event_name":"Nest","player_choice":"Stole From Cult","floor":21,"damage_taken":0},{"event_name":"The Library","player_choice":"Heal","floor":24,"damage_taken":0},{"event_name":"SensoryStone","player_choice":"Memory 1","floor":47,"damage_taken":0}],"boss_relics":[{"not_picked":["Tiny House","Philosopher\u0027s Stone"],"picked":"Ectoplasm"},{"not_picked":["Orrery","Lizard Tail"],"picked":"Coffee Dripper"}],"items_purged_floors":[],"is_endless":false,"potions_floor_spawned":[1,4,5,16,23,27,33,35,41],"seed_played":"4610155392597214101","killed_by":"Donu and Deca","ascension_level":0,"potions_obtained":[{"floor":1,"key":"Swift Potion"},{"floor":4,"key":"SkillPotion"},{"floor":16,"key":"PowerPotion"},{"floor":23,"key":"Dexterity Potion"},{"floor":27,"key":"Fire Potion"},{"floor":33,"key":"Fruit Juice"},{"floor":35,"key":"Regen Potion"},{"floor":41,"key":"EssenceOfSteel"}],"is_trial":false}