{"gold_per_floor":[118,118,137,156,204,219,219,5,56,6,6,40,40,70,70,168,168,188,188,188,103,115,115],"floor_reached":23,"playtime":663,"items_purged":[],"score":255,"play_id":"bcb00fec-3230-434e-b5c0-1c1047af2263","local_time":"20180802132930","is_ascension_mode":true,"campfire_choices":[{"data":"Auto Shields","floor":7,"key":"SMITH"},{"floor":15,"key":"REST"}],"neow_cost":"","seed_source_timestamp":412629553148433,"circlet_count":0,"master_deck":["Strike_B","Strike_B","Strike_B","Strike_B","Defend_B","Defend_B","Defend_B","Zap","Dualcast","Force Field","FTL","Beam Cell","Auto Shields+1","Electrodynamics","Loop","Buffer","Decay","Injury","Injury","Doom and Gloom","Defragment"],"relics":["Cracked Core","Lantern","Boot","Blood Vial","Vajra","Pear","Bottled Flame","Calling Bell","Juzu Bracelet","Ornamental Fan","Shovel","Art of War"],"potions_floor_usage":[3,6,12],"damage_taken":[{"damage":0,"enemies":"Small Slimes","floor":1,"turns":3},{"damage":0,"enemies":"2 Louse","floor":3,"turns":1},{"damage":1,"enemies":"Cultist","floor":4,"turns":3},{"damage":13,"enemies":"Exordium Thugs","floor":6,"turns":3},{"damage":0,"enemies":"3 Sentries","floor":12,"turns":3},{"damage":18,"enemies":"Gremlin Nob","floor":14,"turns":4},{"damage":61,"enemies":"The Guardian","floor":16,"turns":11},{"damage":17,"enemies":"Spheric Guardian","floor":18,"turns":5},{"damage":26,"enemies":"2 Thieves","floor":22,"turns":3},{"damage":51,"enemies":"Book of Stabbing","floor":23,"turns":4}],"seed_played":"2258754684091912535","potions_obtained":[{"floor":1,"key":"Explosive Potion"},{"floor":4,"key":"Energy Potion"},{"floor":6,"key":"Weak Potion"}],"is_trial":false,"path_per_floor":["M","?","M","M","T","M","R","$","T","?","$","E","$","E","R","B",null,"M","?","?","?","M"],"character_chosen":"DEFECT","items_purchased":["Electrodynamics","Blood Vial"],"campfire_rested":1,"item_purchase_floors":[8,8],"current_hp_per_floor":[75,68,68,67,67,54,54,54,54,54,54,66,66,50,75,16,85,68,68,68,68,44,0],"gold":115,"neow_bonus":"","is_prod":false,"is_daily":false,"chose_seed":false,"campfire_upgraded":1,"win_rate":0,"timestamp":1533205770,"path_taken":["M","?","?","M","?","M","R","?","T","?","$","E","$","E","R","BOSS","M","?","?","?","M","E"],"build_version":"2018-07-26","purchased_purges":0,"victory":false,"max_hp_per_floor":[75,75,75,75,75,75,75,75,75,75,75,85,85,85,85,85,85,85,85,85,85,85,85],"card_choices":[{"not_picked":["Auto Shields","Melter"],"picked":"Force Field","floor":1},{"not_picked":["Redo","Reinforced Body"],"picked":"FTL","floor":3},{"not_picked":["Barrage","Gash"],"picked":"Beam Cell","floor":4},{"not_picked":["Conserve Battery","Beam Cell"],"picked":"Auto Shields","floor":6},{"not_picked":["Cold Snap","Go for the Eyes"],"picked":"Loop","floor":12},{"not_picked":["Coolheaded","Reinforced Body","Hello World"],"picked":"SKIP","floor":14},{"not_picked":["Echo Form","Amplify"],"picked":"Buffer","floor":16},{"not_picked":["Barrage+1","Steam Power+1"],"picked":"Doom and Gloom","floor":18},{"not_picked":["Sweeping Beam","Reinforced Body+1","Rebound"],"picked":"SKIP","floor":22}],"player_experience":327280,"relics_obtained":[{"floor":5,"key":"Boot"},{"floor":9,"key":"Vajra"},{"floor":12,"key":"Pear"},{"floor":14,"key":"Bottled Flame"},{"floor":17,"key":"Juzu Bracelet"},{"floor":17,"key":"Ornamental Fan"},{"floor":17,"key":"Shovel"}],"event_choices":[{"event_name":"Scrap Ooze","player_choice":"success","floor":2,"damage_taken":7},{"event_name":"The Cleric","player_choice":"Card Removal","floor":10,"damage_taken":0},{"event_name":"The Woman in Blue","player_choice":"Bought 0 Potions","floor":19,"damage_taken":0},{"event_name":"The Library","player_choice":"Read","floor":20,"damage_taken":0},{"event_name":"Addict","player_choice":"Obtained Relic","floor":21,"damage_taken":0}],"is_beta":false,"boss_relics":[{"not_picked":["Philosopher\u0027s Stone","Astrolabe"],"picked":"Calling Bell"}],"items_purged_floors":[],"is_endless":false,"potions_floor_spawned":[1,4,6],"killed_by":"Book of Stabbing","ascension_level":3}