{"gold_per_floor":[115,115,115,290,304,331,281,281,334,364,364,364,364,49,49,147,147,158,158,176,126,144,144,144],"floor_reached":24,"playtime":772,"items_purged":["Defend_B"],"score":248,"play_id":"363fb63f-85ed-4522-b4ce-97270f159bf0","local_time":"20180623095854","is_ascension_mode":true,"campfire_choices":[{"data":"Defend_B","floor":8,"key":"PURGE"},{"floor":11,"key":"DIG"},{"floor":13,"key":"DIG"},{"floor":15,"key":"DIG"},{"floor":23,"key":"DIG"}],"neow_cost":"NONE","seed_source_timestamp":6208035006357,"circlet_count":0,"master_deck":["Strike_B","Strike_B","Strike_B","Defend_B","Defend_B","Zap+1","Dualcast","Beam Cell","Sweeping Beam","Echo Form","BootSequence+1"],"relics":["Cracked Core","NeowsBlessing","Peace Pipe","Bag of Preparation","Shovel","Toolbox","Pantograph","Toxic Egg 2","Potion Belt","Sozu","DataDisk","Cables"],"potions_floor_usage":[10,18],"damage_taken":[{"damage":0,"enemies":"2 Louse","floor":1,"turns":1},{"damage":0,"enemies":"Cultist","floor":5,"turns":1},{"damage":0,"enemies":"Gremlin Nob","floor":6,"turns":1},{"damage":19,"enemies":"3 Sentries","floor":10,"turns":5},{"damage":4,"enemies":"Slime Boss","floor":16,"turns":7},{"damage":0,"enemies":"Chosen","floor":18,"turns":4},{"damage":3,"enemies":"3 Byrds","floor":20,"turns":4},{"damage":22,"enemies":"3 Cultists","floor":22,"turns":4},{"damage":59,"enemies":"Book of Stabbing","floor":24,"turns":5}],"seed_played":"-4003287071129069587","potions_obtained":[{"floor":5,"key":"SteroidPotion"},{"floor":16,"key":"Block Potion"}],"is_trial":false,"path_per_floor":["M","$","?","?","M","E","?","R","T","E","R","?","R","$","R","B",null,"M","?","M","?","M","R"],"character_chosen":"DEFECT","items_purchased":["Toxic Egg 2"],"campfire_rested":0,"item_purchase_floors":[14],"current_hp_per_floor":[75,75,75,75,75,75,75,75,75,56,56,49,49,49,49,70,75,75,75,72,72,50,50,0],"gold":144,"neow_bonus":"THREE_ENEMY_KILL","is_prod":false,"is_daily":false,"chose_seed":false,"campfire_upgraded":0,"win_rate":0,"timestamp":1529737134,"path_taken":["M","$","?","?","?","E","?","R","T","E","R","?","R","?","R","BOSS","M","?","?","?","M","R","E"],"build_version":"2018-06-21v2","purchased_purges":1,"victory":false,"max_hp_per_floor":[75,75,75,75,75,75,75,75,75,75,75,75,75,75,75,75,75,75,75,75,75,75,75,75],"card_choices":[{"not_picked":["Melter","Chill"],"picked":"Beam Cell","floor":1},{"not_picked":["Defragment","Streamline","Consume"],"picked":"SKIP","floor":5},{"not_picked":["Force Field","Undo","Amplify"],"picked":"SKIP","floor":6},{"not_picked":["White Noise","Storm"],"picked":"Sweeping Beam","floor":10},{"not_picked":["Seek+1","Meteor Strike"],"picked":"Echo Form","floor":16},{"not_picked":["Cold Snap","Capacitor","Redo+1"],"picked":"SKIP","floor":18},{"not_picked":["Hello World+1","Gash","Beam Cell"],"picked":"SKIP","floor":20},{"not_picked":["Fusion+1","Leap+1"],"picked":"BootSequence+1","floor":22}],"player_experience":292791,"relics_obtained":[{"floor":6,"key":"Peace Pipe"},{"floor":9,"key":"Bag of Preparation"},{"floor":10,"key":"Shovel"},{"floor":11,"key":"Toolbox"},{"floor":13,"key":"Pantograph"},{"floor":15,"key":"Potion Belt"},{"floor":23,"key":"Cables"}],"event_choices":[{"event_name":"Upgrade Shrine","player_choice":"Upgraded","floor":3,"damage_taken":0},{"event_name":"Liars Game","player_choice":"agreed","floor":4,"damage_taken":0},{"event_name":"The Cleric","player_choice":"Card Removal","floor":7,"damage_taken":0},{"event_name":"Golden Wing","player_choice":"Card Removal","floor":12,"damage_taken":0},{"event_name":"The Mausoleum","player_choice":"Yes","floor":19,"damage_taken":0},{"event_name":"The Joust","player_choice":"Bet on Murderer","floor":21,"damage_taken":0}],"boss_relics":[{"not_picked":["Pandora\u0027s Box","Eternal Feather"],"picked":"Sozu"}],"items_purged_floors":[14],"is_endless":false,"potions_floor_spawned":[5,16,20],"killed_by":"Book of Stabbing","ascension_level":2}