{"gold_per_floor":[15,28,48,102,113,113,113,113,182,107,120,120,158,9,9,138,138,158,171,171,86,86,86,120,141,141,155,180,180,219,234,234,362,362,377,377,401,401,425,458,116,131,185,185,204,219,242,143,143,143,143,143,20,20],"floor_reached":54,"playtime":1845,"items_purged":["Injury","Regret","Strike_B"],"score":933,"play_id":"81188743-2969-405e-b550-3f03c0e5405a","local_time":"20190403110142","is_ascension_mode":true,"campfire_choices":[{"floor":6.0,"key":"RECALL"},{"data":"Tempest","floor":8.0,"key":"SMITH"},{"floor":15.0,"key":"REST"},{"data":"Double Energy","floor":23.0,"key":"SMITH"},{"data":"Defragment","floor":29.0,"key":"SMITH"},{"floor":32.0,"key":"REST"},{"floor":44.0,"key":"REST"},{"floor":49.0,"key":"REST"},{"data":"White Noise","floor":52,"key":"SMITH"}],"neow_cost":"NO_GOLD","seed_source_timestamp":0,"circlet_count":0,"master_deck":["Strike_B","Defend_B","Defend_B","Defend_B","Defend_B","Zap","Dualcast","Static Discharge","Ball Lightning","Double Energy+1","Leap","Electrodynamics","Genetic Algorithm","Tempest+1","Ball Lightning","Heatsinks","BootSequence","Thunder Strike","Static Discharge","Skim+1","Recycle+1","Self Repair","Seek","Sweeping Beam+1","Defragment+1","Doom and Gloom","Capacitor","Ball Lightning+1","Reboot","Defragment","BootSequence+1","Chill","Conserve Battery+1","Chill+1","BootSequence","Fission","Loop+1","Ball Lightning+1","White Noise+1","Ball Lightning+1"],"special_seed":0,"relics":["Cracked Core","Prayer Wheel","Golden Idol","Gremlin Horn","DataDisk","Bottled Flame","Nuclear Battery","Du-Vu Doll","Boot","Symbiotic Virus","Bag of Preparation","Empty Cage","Smiling Mask","Ancient Tea Set","Vajra","Bronze Scales"],"potions_floor_usage":[50,50,50,54],"damage_taken":[{"damage":1.0,"enemies":"Cultist","floor":1.0,"turns":3.0},{"damage":0.0,"enemies":"Small Slimes","floor":2.0,"turns":3.0},{"damage":7.0,"enemies":"Jaw Worm","floor":3.0,"turns":3.0},{"damage":1.0,"enemies":"2 Fungi Beasts","floor":5.0,"turns":4.0},{"damage":7.0,"enemies":"Looter","floor":11.0,"turns":3.0},{"damage":41.0,"enemies":"Lagavulin","floor":13.0,"turns":5.0},{"damage":8.0,"enemies":"Slime Boss","floor":16.0,"turns":5.0},{"damage":0.0,"enemies":"Chosen","floor":18.0,"turns":3.0},{"damage":0.0,"enemies":"Spheric Guardian","floor":19.0,"turns":3.0},{"damage":25.0,"enemies":"Book of Stabbing","floor":24.0,"turns":4.0},{"damage":0.0,"enemies":"Snake Plant","floor":25.0,"turns":2.0},{"damage":2.0,"enemies":"Chosen and Byrds","floor":27.0,"turns":3.0},{"damage":0.0,"enemies":"3 Cultists","floor":28.0,"turns":2.0},{"damage":10.0,"enemies":"Slavers","floor":30.0,"turns":2.0},{"damage":0.0,"enemies":"Sentry and Sphere","floor":31.0,"turns":3.0},{"damage":22.0,"enemies":"Automaton","floor":33.0,"turns":6.0},{"damage":0.0,"enemies":"Orb Walker","floor":35.0,"turns":2.0},{"damage":0.0,"enemies":"3 Shapes","floor":37.0,"turns":3.0},{"damage":0.0,"enemies":"Jaw Worm Horde","floor":39.0,"turns":2.0},{"damage":21.0,"enemies":"Nemesis","floor":40.0,"turns":4.0},{"damage":21.0,"enemies":"3 Darklings","floor":42.0,"turns":5.0},{"damage":19.0,"enemies":"Writhing Mass","floor":45.0,"turns":3.0},{"damage":7.0,"enemies":"Jaw Worm Horde","floor":46.0,"turns":4.0},{"damage":0.0,"enemies":"4 Shapes","floor":47.0,"turns":1.0},{"damage":48,"enemies":"Donu and Deca","floor":50,"turns":6},{"damage":98,"enemies":"Shield and Spear","floor":54,"turns":3}],"seed_played":"1263351194363995847","potions_obtained":[{"floor":1.0,"key":"SneckoOil"},{"floor":5.0,"key":"Energy Potion"},{"floor":13.0,"key":"LiquidBronze"},{"floor":16.0,"key":"GamblersBrew"},{"floor":18.0,"key":"Fire Potion"},{"floor":25.0,"key":"SkillPotion"},{"floor":30.0,"key":"Strength Potion"},{"floor":31.0,"key":"AttackPotion"},{"floor":39.0,"key":"Dexterity Potion"},{"floor":45.0,"key":"Poison Potion"},{"floor":46.0,"key":"Strength Potion"},{"floor":47.0,"key":"EssenceOfSteel"}],"is_trial":false,"path_per_floor":["M","M","M","T","M","R","?","R","T","$","M","?","E","$","R","B",null,"M","M","?","?","?","R","E","M","T","M","M","R","E","M","R","B",null,"M","?","M","?","M","E","$","M","T","R","M","M","M","$","R","B",null,"R","$","E"],"character_chosen":"DEFECT","items_purchased":["Energy Potion","Ancient Tea Set","Vajra","SkillPotion","Fire Potion","Energy Potion","Regen Potion"],"campfire_rested":4,"item_purchase_floors":[14,41,41,41,48,53,53],"current_hp_per_floor":[74,74,67,67,66,66,66,66,66,66,59,59,18,18,40,32,64,64,64,64,64,64,64,39,39,39,44,44,44,34,34,56,41,67,74,74,74,75,75,54,54,40,40,62,50,50,57,57,75,34,65,65,65,0],"gold":20,"neow_bonus":"ONE_RARE_RELIC","is_prod":false,"is_daily":false,"chose_seed":false,"campfire_upgraded":4,"win_rate":0,"timestamp":1554278502,"path_taken":["M","?","M","?","M","R","?","R","T","$","M","?","E","?","R","BOSS","M","M","?","?","?","R","E","M","T","?","?","R","E","M","R","BOSS","M","?","?","?","M","E","$","M","T","R","M","?","M","?","R","BOSS","R","$","E"],"build_version":"2019-01-23","purchased_purges":3,"victory":false,"max_hp_per_floor":[75,75,75,75,75,75,75,75,75,75,75,75,75,75,75,75,75,75,75,75,75,75,75,75,75,75,75,75,75,75,75,75,75,75,75,75,75,75,75,75,75,75,75,75,75,75,75,75,75,75,75,75,75,75],"card_choices":[{"not_picked":["Rebound","Steam Power"],"picked":"Static Discharge","floor":1.0},{"not_picked":["Hologram","Rebound"],"picked":"Ball Lightning","floor":1.0},{"not_picked":["Glacier","Steam Power"],"picked":"Double Energy","floor":2.0},{"not_picked":["Compile Driver","Turbo"],"picked":"Blizzard","floor":2.0},{"not_picked":["Stack","Barrage"],"picked":"Leap","floor":3.0},{"not_picked":["Sweeping Beam","Consume"],"picked":"Electrodynamics","floor":3.0},{"not_picked":["Hologram","Reprogram"],"picked":"Genetic Algorithm","floor":5.0},{"not_picked":["Reinforced Body","Leap"],"picked":"Tempest","floor":5.0},{"not_picked":["Stack","Turbo"],"picked":"Ball Lightning","floor":11.0},{"not_picked":["Streamline","Consume"],"picked":"Heatsinks","floor":11.0},{"not_picked":["Chill","Blizzard"],"picked":"BootSequence","floor":13.0},{"not_picked":["Multi-Cast","Echo Form"],"picked":"Thunder Strike","floor":16.0},{"not_picked":["Hologram+1","Ball Lightning+1"],"picked":"Static Discharge","floor":18.0},{"not_picked":["Compile Driver","Rebound+1","Barrage"],"picked":"SKIP","floor":18.0},{"not_picked":["Redo","Blizzard"],"picked":"Skim+1","floor":19.0},{"not_picked":["Cold Snap","Meteor Strike"],"picked":"Recycle+1","floor":19.0},{"not_picked":["Coolheaded","Undo"],"picked":"Seek","floor":24.0},{"not_picked":["Go for the Eyes+1","Chill"],"picked":"Hello World","floor":25.0},{"not_picked":["Turbo","Beam Cell","Double Energy"],"picked":"SKIP","floor":25.0},{"not_picked":["Steam","Gash"],"picked":"Sweeping Beam+1","floor":27.0},{"not_picked":["Hologram+1","Fission"],"picked":"Defragment","floor":27.0},{"not_picked":["Stack","Lockon","Turbo+1"],"picked":"SKIP","floor":28.0},{"not_picked":["Undo","Compile Driver","Streamline+1"],"picked":"SKIP","floor":28.0},{"not_picked":["Double Energy","Sunder+1"],"picked":"Doom and Gloom","floor":30.0},{"not_picked":["Sweeping Beam","Steam Power"],"picked":"Capacitor","floor":31.0},{"not_picked":["Lockon+1","Redo"],"picked":"Ball Lightning+1","floor":31.0},{"not_picked":["Core Surge","Rainbow"],"picked":"Reboot","floor":33.0},{"not_picked":["Reprogram+1","Loop"],"picked":"Defragment","floor":35.0},{"not_picked":["Self Repair+1","Undo"],"picked":"BootSequence+1","floor":35.0},{"not_picked":["Leap+1","Beam Cell+1","Darkness"],"picked":"SKIP","floor":37.0},{"not_picked":["Rebound+1","Go for the Eyes+1","Glacier"],"picked":"SKIP","floor":37.0},{"not_picked":["Gash+1","Hologram+1"],"picked":"Chill","floor":39.0},{"not_picked":["Reinforced Body","Turbo+1"],"picked":"Conserve Battery+1","floor":39.0},{"not_picked":["Steam Power","Static Discharge+1"],"picked":"Chill+1","floor":40.0},{"not_picked":["Coolheaded+1","Redo","Undo"],"picked":"SKIP","floor":42.0},{"not_picked":["Reinforced Body","Sweeping Beam","Go for the Eyes+1"],"picked":"SKIP","floor":42.0},{"not_picked":["Ball Lightning","Turbo+1"],"picked":"BootSequence","floor":45.0},{"not_picked":["Reprogram","Cold Snap+1"],"picked":"Fission","floor":45.0},{"not_picked":["Chaos","Steam Power+1"],"picked":"Loop+1","floor":46.0},{"not_picked":["Go for the Eyes+1","Turbo"],"picked":"Ball Lightning+1","floor":46.0},{"not_picked":["Steam+1","Ball Lightning"],"picked":"White Noise","floor":47.0},{"not_picked":["Cold Snap","Sunder"],"picked":"Ball Lightning+1","floor":47.0}],"player_experience":515597,"relics_obtained":[{"floor":9.0,"key":"Gremlin Horn"},{"floor":13.0,"key":"Bottled Flame"},{"floor":24.0,"key":"Boot"},{"floor":26.0,"key":"Symbiotic Virus"},{"floor":30.0,"key":"Bag of Preparation"},{"floor":40.0,"key":"Smiling Mask"},{"floor":43.0,"key":"Bronze Scales"}],"event_choices":[{"damage_healed":0.0,"max_hp_gain":0.0,"max_hp_loss":0.0,"gold_gain":0.0,"event_name":"Golden Idol","player_choice":"Take Wound","floor":7.0,"gold_loss":0.0,"damage_taken":0.0,"relics_obtained":["Golden Idol"],"cards_obtained":["Injury"]},{"damage_healed":0.0,"max_hp_gain":0.0,"max_hp_loss":0.0,"gold_gain":0.0,"event_name":"Big Fish","player_choice":"Box","floor":12.0,"gold_loss":0.0,"damage_taken":0.0,"relics_obtained":["DataDisk"],"cards_obtained":["Regret"]},{"damage_healed":0.0,"max_hp_gain":0.0,"max_hp_loss":0.0,"gold_gain":0.0,"event_name":"The Library","player_choice":"Read","floor":20.0,"gold_loss":0.0,"damage_taken":0.0,"cards_obtained":["Self Repair"]},{"damage_healed":0.0,"max_hp_gain":0.0,"max_hp_loss":0.0,"gold_gain":0.0,"event_name":"Addict","player_choice":"Obtained Relic","floor":21.0,"gold_loss":85.0,"damage_taken":0.0,"relics_obtained":["Du-Vu Doll"]},{"cards_removed":["Blizzard"],"damage_healed":0.0,"max_hp_gain":0.0,"max_hp_loss":0.0,"gold_gain":0.0,"event_name":"Back to Basics","player_choice":"Elegance","floor":22.0,"gold_loss":0.0,"damage_taken":0.0},{"cards_removed":["Hello World"],"damage_healed":0.0,"max_hp_gain":0.0,"max_hp_loss":0.0,"gold_gain":0.0,"event_name":"Purifier","player_choice":"Purged","floor":36.0,"gold_loss":0.0,"damage_taken":0.0},{"damage_healed":1.0,"max_hp_gain":0.0,"max_hp_loss":0.0,"gold_gain":0.0,"event_name":"Wheel of Change","player_choice":"Full Heal","floor":38.0,"gold_loss":0.0,"damage_taken":0.0}],"is_beta":false,"boss_relics":[{"not_picked":["Runic Pyramid","Astrolabe"],"picked":"Nuclear Battery"},{"not_picked":["Philosopher\u0027s Stone","Pandora\u0027s Box"],"picked":"Empty Cage"}],"items_purged_floors":[10,14,48],"is_endless":false,"potions_floor_spawned":[1,5,13,16,18,25,28,30,31,39,45,46,47],"killed_by":"Shield and Spear","ascension_level":5}