{"gold_per_floor":[167,167,167,178,178,211,211,244,244,273,273,273,273,287,287,287],"floor_reached":16,"playtime":381,"items_purged":[],"score":191,"play_id":"9fe96600-9bc0-4e52-91f1-67e0d8e26da9","local_time":"20190415085604","is_ascension_mode":true,"campfire_choices":[{"floor":7,"key":"REST"},{"floor":11,"key":"REST"},{"floor":13,"key":"DIG"},{"floor":15,"key":"REST"}],"neow_cost":"NONE","seed_source_timestamp":6241051504400,"circlet_count":0,"master_deck":["AscendersBane","Strike_R+1","Strike_R","Strike_R","Strike_R","Defend_R+1","Defend_R+1","Defend_R","Defend_R","Bash","Twin Strike+1","Carnage","Sever Soul+1","Whirlwind+1","Searing Blow","Cleave","Intimidate"],"relics":["Tiny House","Ginger","Whetstone","Shovel","Orichalcum","Smiling Mask"],"potions_floor_usage":[6,8,10],"damage_taken":[{"damage":6,"enemies":"2 Louse","floor":1,"turns":2},{"damage":0,"enemies":"Small Slimes","floor":4,"turns":3},{"damage":20,"enemies":"3 Sentries","floor":6,"turns":4},{"damage":30,"enemies":"Lagavulin","floor":8,"turns":5},{"damage":18,"enemies":"Gremlin Nob","floor":10,"turns":3},{"damage":1,"enemies":"Cultist","floor":14,"turns":3},{"damage":63,"enemies":"The Guardian","floor":16,"turns":8}],"seed_played":"-2387586314841420914","potions_obtained":[{"floor":0,"key":"SteroidPotion"},{"floor":4,"key":"Weak Potion"},{"floor":6,"key":"Swift Potion"},{"floor":14,"key":"GamblersBrew"}],"is_trial":false,"path_per_floor":["M","?","?","M","?","E","R","E","T","E","R","?","R","M","R","B"],"character_chosen":"IRONCLAD","items_purchased":[],"campfire_rested":3,"item_purchase_floors":[],"current_hp_per_floor":[71,71,71,71,54,34,59,29,29,11,36,36,36,35,60,0],"gold":287,"neow_bonus":"BOSS_RELIC","is_prod":false,"is_daily":false,"chose_seed":false,"campfire_upgraded":0,"win_rate":0,"timestamp":1555307764,"path_taken":["M","?","?","?","?","E","R","E","T","E","R","?","R","?","R","BOSS"],"build_version":"2019-01-23","purchased_purges":0,"victory":false,"max_hp_per_floor":[85,85,85,85,85,85,85,85,85,85,85,85,85,85,85,85],"card_choices":[{"not_picked":["Shrug It Off","Flex"],"picked":"Twin Strike","floor":0},{"not_picked":["True Grit","Heavy Blade"],"picked":"Carnage","floor":1},{"not_picked":["Combust","Perfected Strike"],"picked":"Whirlwind","floor":4},{"not_picked":["Anger","Body Slam","Clash"],"picked":"SKIP","floor":6},{"not_picked":["Reckless Charge","Wild Strike"],"picked":"Searing Blow","floor":8},{"not_picked":["Sword Boomerang","Warcry"],"picked":"Cleave","floor":10},{"not_picked":["Pommel Strike","Burning Pact"],"picked":"Intimidate","floor":14}],"player_experience":548119,"relics_obtained":[{"floor":6,"key":"Ginger"},{"floor":8,"key":"Whetstone"},{"floor":9,"key":"Shovel"},{"floor":10,"key":"Orichalcum"},{"floor":13,"key":"Smiling Mask"}],"event_choices":[{"damage_healed":0,"gold_gain":0,"cards_transformed":["Strike_R"],"player_choice":"Change","damage_taken":0,"max_hp_gain":0,"max_hp_loss":0,"event_name":"Living Wall","floor":2,"gold_loss":0,"cards_obtained":["Sever Soul"]},{"damage_healed":0,"gold_gain":0,"player_choice":"Bought 0 Potions","damage_taken":0,"max_hp_gain":0,"max_hp_loss":0,"event_name":"The Woman in Blue","floor":3,"gold_loss":0},{"damage_healed":0,"gold_gain":0,"player_choice":"Entered Light","damage_taken":17,"max_hp_gain":0,"max_hp_loss":0,"event_name":"Shining Light","floor":5,"gold_loss":0,"cards_upgraded":["Defend_R","Strike_R"]},{"damage_healed":0,"gold_gain":0,"player_choice":"Upgraded","damage_taken":0,"max_hp_gain":0,"max_hp_loss":0,"event_name":"Upgrade Shrine","floor":12,"gold_loss":0,"cards_upgraded":["Whirlwind"]}],"is_beta":false,"boss_relics":[],"items_purged_floors":[],"is_endless":false,"potions_floor_spawned":[4,6,14],"killed_by":"The Guardian","ascension_level":13}