{"gold_per_floor":[113,124,74,149,74,108,108,122,122,145,177,177,77,98,98,223,223,237,253,253,178,192,192],"floor_reached":23,"playtime":757,"items_purged":["Strike_B","Defend_B"],"score":269,"play_id":"a42cf8c2-fe20-4270-904b-dfd84bd464e4","local_time":"20180824135544","is_ascension_mode":true,"campfire_choices":[{"data":"Gash","floor":7,"key":"SMITH"},{"floor":15,"key":"REST"}],"neow_cost":"NONE","seed_source_timestamp":709829984269004,"circlet_count":0,"master_deck":["Strike_B","Strike_B","Defend_B","Defend_B","Defend_B","Zap","Dualcast","Sweeping Beam","Chaos","Gash+1","Gash","Seek","Beam Cell","Core Surge","FTL+1","Scrape+1","Conserve Battery"],"relics":["Cracked Core","NeowsBlessing","Bottled Flame","Question Card","Odd Mushroom","Mango","Golden Idol","Black Star","Bronze Scales"],"potions_floor_usage":[10,11,22,23],"damage_taken":[{"damage":0,"enemies":"Cultist","floor":1,"turns":1},{"damage":0,"enemies":"Jaw Worm","floor":2,"turns":1},{"damage":0,"enemies":"Lagavulin","floor":6,"turns":1},{"damage":12,"enemies":"Small Slimes","floor":8,"turns":2},{"damage":5,"enemies":"The Mushroom Lair","floor":10,"turns":3},{"damage":26,"enemies":"Gremlin Nob","floor":11,"turns":4},{"damage":7,"enemies":"2 Fungi Beasts","floor":14,"turns":3},{"damage":34,"enemies":"The Guardian","floor":16,"turns":9},{"damage":7,"enemies":"3 Byrds","floor":18,"turns":4},{"damage":11,"enemies":"Spheric Guardian","floor":19,"turns":3},{"damage":44,"enemies":"Shelled Parasite and Fungi","floor":22,"turns":6},{"damage":37,"enemies":"Book of Stabbing","floor":23,"turns":3}],"seed_played":"1541457111683369809","potions_obtained":[{"floor":2,"key":"GamblersBrew"},{"floor":8,"key":"Block Potion"},{"floor":16,"key":"EssenceOfSteel"},{"floor":22,"key":"GamblersBrew"}],"is_trial":false,"path_per_floor":["M","M","?","?","$","E","R","M","T","?","E","?","$","M","R","B",null,"M","M","?","?","M"],"character_chosen":"DEFECT","items_purchased":[],"campfire_rested":1,"item_purchase_floors":[],"current_hp_per_floor":[75,75,75,64,64,64,64,52,52,47,35,35,35,28,52,18,82,75,64,64,64,20,0],"gold":192,"neow_bonus":"THREE_ENEMY_KILL","is_prod":false,"is_daily":false,"chose_seed":false,"campfire_upgraded":1,"win_rate":0,"timestamp":1535108144,"path_taken":["M","M","?","?","$","E","R","M","T","?","E","?","?","?","R","BOSS","M","M","?","?","?","E"],"build_version":"2018-08-23v2","purchased_purges":2,"victory":false,"max_hp_per_floor":[75,75,75,75,75,75,75,75,75,75,89,82,82,82,82,82,82,82,82,82,82,82,82],"card_choices":[{"not_picked":["Coolheaded","Redo"],"picked":"Sweeping Beam","floor":1},{"not_picked":["Cold Snap","Redo"],"picked":"Chaos","floor":2},{"not_picked":["Consume","Conserve Battery"],"picked":"Gash","floor":6},{"not_picked":["Compile Driver","Coolheaded"],"picked":"Gash","floor":8},{"not_picked":["Sweeping Beam","Compile Driver","Steam Power"],"picked":"Seek","floor":11},{"not_picked":["Coolheaded","Sweeping Beam","Barrage"],"picked":"Beam Cell","floor":14},{"not_picked":["Meteor Strike","Multi-Cast","Thunder Strike"],"picked":"Core Surge","floor":16},{"not_picked":["Sweeping Beam","Coolheaded+1","Turbo+1"],"picked":"FTL+1","floor":18},{"not_picked":["Stack+1","Conserve Battery","Barrage"],"picked":"Scrape+1","floor":19},{"not_picked":["Turbo","Rebound","Cold Snap+1"],"picked":"Conserve Battery","floor":22}],"player_experience":344634,"relics_obtained":[{"floor":6,"key":"Bottled Flame"},{"floor":9,"key":"Question Card"},{"floor":10,"key":"Odd Mushroom"},{"floor":11,"key":"Mango"}],"event_choices":[{"event_name":"The Cleric","player_choice":"Card Removal","floor":3,"damage_taken":0},{"event_name":"World of Goop","player_choice":"Gather Gold","floor":4,"damage_taken":0},{"event_name":"Mushrooms","player_choice":"Fought Mushrooms","floor":10,"damage_taken":0},{"event_name":"Golden Idol","player_choice":"Lose Max HP","floor":12,"damage_taken":0},{"event_name":"The Mausoleum","player_choice":"Yes","floor":20,"damage_taken":0},{"event_name":"Beggar","player_choice":"Gave Gold","floor":21,"damage_taken":0}],"is_beta":false,"boss_relics":[{"not_picked":["Pandora\u0027s Box","Tiny House"],"picked":"Black Star"}],"items_purged_floors":[5,13],"is_endless":false,"potions_floor_spawned":[2,8,16,22],"killed_by":"Book of Stabbing","ascension_level":4}