{"gold_per_floor":[111,61,4,18,18,18,45,45,121,121,151,113,123,134,134,233,233,245,264,189,189,201,201,220,220,274,274,199,230,242,311,311,311],"floor_reached":33,"playtime":1238,"items_purged":["Writhe"],"score":263,"play_id":"10d20d31-e49d-405c-b104-d27859adc412","local_time":"20190710174218","is_ascension_mode":false,"campfire_choices":[{"data":"Armaments","floor":6,"key":"SMITH"},{"data":"Bash","floor":8,"key":"SMITH"},{"data":"Flame Barrier","floor":15,"key":"SMITH"},{"data":"Fire Breathing","floor":23,"key":"SMITH"},{"data":"True Grit","floor":25,"key":"SMITH"},{"floor":32,"key":"REST"}],"neow_cost":"NONE","seed_source_timestamp":17617923297270,"circlet_count":0,"master_deck":["Strike_R","Strike_R","Strike_R","Defend_R","Defend_R","Defend_R","Bash+1","True Grit+1","Armaments+1","Fire Breathing+1","Flame Barrier+1","Fiend Fire","Rupture+1","Double Tap","Decay"],"relics":["Burning Blood","Strawberry","Bag of Preparation","Blue Candle","Ornamental Fan","Tiny Chest","Cursed Key","Bronze Scales","Orichalcum","Meat on the Bone"],"potions_floor_usage":[33,33,33],"damage_taken":[{"damage":1,"enemies":"Jaw Worm","floor":1,"turns":3},{"damage":3,"enemies":"Small Slimes","floor":4,"turns":6},{"damage":28,"enemies":"Gremlin Nob","floor":7,"turns":5},{"damage":1,"enemies":"Cultist","floor":13,"turns":3},{"damage":1,"enemies":"2 Fungi Beasts","floor":14,"turns":4},{"damage":42,"enemies":"Hexaghost","floor":16,"turns":17},{"damage":5,"enemies":"Spheric Guardian","floor":18,"turns":3},{"damage":0,"enemies":"3 Byrds","floor":19,"turns":4},{"damage":13,"enemies":"Snake Plant","floor":22,"turns":6},{"damage":10,"enemies":"Cultist and Chosen","floor":24,"turns":10},{"damage":38,"enemies":"Gremlin Leader","floor":29,"turns":10},{"damage":25,"enemies":"Sentry and Sphere","floor":30,"turns":11},{"damage":54,"enemies":"Champ","floor":33,"turns":12}],"seed_played":"-4084530120140364342","potions_obtained":[{"floor":4,"key":"SmokeBomb"},{"floor":7,"key":"GamblersBrew"},{"floor":16,"key":"PowerPotion"},{"floor":18,"key":"Block Potion"},{"floor":22,"key":"Strength Potion"}],"is_trial":false,"path_per_floor":["M","?","?","M","$","R","E","R","T","?","?","$","M","M","R","B",null,"M","M","?","$","M","R","M","R","T","?","$","E","M","T","R","B"],"character_chosen":"IRONCLAD","items_purchased":["Fire Breathing"],"campfire_rested":1,"item_purchase_floors":[12],"current_hp_per_floor":[87,87,87,87,87,87,65,65,65,65,53,53,58,63,63,27,87,87,87,87,87,80,80,76,76,76,76,76,44,25,25,51,0],"gold":311,"neow_bonus":"RANDOM_COMMON_RELIC","is_prod":false,"is_daily":false,"chose_seed":false,"campfire_upgraded":5,"win_rate":0,"timestamp":1562773338,"path_taken":["M","?","?","?","$","R","E","R","T","?","?","$","M","M","R","BOSS","M","M","?","$","M","R","M","R","T","?","$","E","M","?","R","BOSS"],"build_version":"2019-07-05","purchased_purges":1,"victory":false,"max_hp_per_floor":[87,87,87,87,87,87,87,87,87,87,87,87,87,87,87,87,87,87,87,87,87,87,87,87,87,87,87,87,87,87,87,87,87],"card_choices":[{"not_picked":["Wild Strike","Twin Strike"],"picked":"True Grit","floor":1},{"not_picked":["Wild Strike","Combust"],"picked":"Armaments","floor":4},{"not_picked":["Flex","Exhume","Warcry"],"picked":"SKIP","floor":7},{"not_picked":["Twin Strike","Pummel"],"picked":"Flame Barrier","floor":13},{"not_picked":["Cleave","Clash","Twin Strike"],"picked":"SKIP","floor":14},{"not_picked":["Barricade","Immolate"],"picked":"Fiend Fire","floor":16},{"not_picked":["Headbutt","Body Slam+1","Sentinel"],"picked":"SKIP","floor":18},{"not_picked":["Thunderclap+1","Inflame+1","Clothesline"],"picked":"SKIP","floor":19},{"not_picked":["Armaments","True Grit"],"picked":"Rupture+1","floor":22},{"not_picked":["Perfected Strike","Anger","Cleave"],"picked":"SKIP","floor":24},{"not_picked":["Headbutt","Sword Boomerang","Immolate"],"picked":"SKIP","floor":29},{"not_picked":["Anger+1","Sword Boomerang","Clash"],"picked":"SKIP","floor":30}],"player_experience":59773,"relics_obtained":[{"floor":7,"key":"Blue Candle"},{"floor":9,"key":"Ornamental Fan"},{"floor":26,"key":"Bronze Scales"},{"floor":29,"key":"Orichalcum"},{"floor":31,"key":"Meat on the Bone"}],"event_choices":[{"cards_removed":["Strike_R"],"damage_healed":0,"gold_gain":0,"player_choice":"Card Removal","damage_taken":0,"max_hp_gain":0,"max_hp_loss":0,"event_name":"The Cleric","floor":2,"gold_loss":50},{"damage_healed":0,"gold_gain":0,"player_choice":"Paid Gold","damage_taken":0,"relics_obtained":["Bag of Preparation"],"max_hp_gain":0,"max_hp_loss":0,"event_name":"WeMeetAgain","floor":3,"gold_loss":57},{"cards_removed":["Strike_R"],"damage_healed":0,"gold_gain":0,"player_choice":"Forget","damage_taken":0,"max_hp_gain":0,"max_hp_loss":0,"event_name":"Living Wall","floor":10,"gold_loss":0},{"damage_healed":0,"gold_gain":0,"player_choice":"Success","damage_taken":12,"relics_obtained":["Tiny Chest"],"max_hp_gain":0,"max_hp_loss":0,"event_name":"Scrap Ooze","floor":11,"gold_loss":0},{"cards_removed":["Defend_R"],"damage_healed":0,"gold_gain":0,"player_choice":"Gave Gold","damage_taken":0,"max_hp_gain":0,"max_hp_loss":0,"event_name":"Beggar","floor":20,"gold_loss":75},{"damage_healed":0,"gold_gain":0,"player_choice":"Read","damage_taken":0,"max_hp_gain":0,"max_hp_loss":0,"event_name":"The Library","floor":27,"gold_loss":0,"cards_obtained":["Double Tap"]}],"is_beta":false,"boss_relics":[{"not_picked":["Velvet Choker","Astrolabe"],"picked":"Cursed Key"}],"items_purged_floors":[28],"is_endless":false,"potions_floor_spawned":[4,7,16,18,19,22],"killed_by":"Champ","ascension_level":0}