{"gold_per_floor":[367,378,378,33,33,64,81,81,81,96,96,96,109,125,125,125],"floor_reached":16,"playtime":391,"items_purged":[],"score":133,"play_id":"4fee913a-1968-4220-9093-a50ef47a534b","local_time":"20190408182734","is_ascension_mode":true,"campfire_choices":[{"floor":12,"key":"REST"},{"floor":15,"key":"REST"}],"neow_cost":"PERCENT_DAMAGE","seed_source_timestamp":39044551845500,"circlet_count":0,"master_deck":["Strike_B","Strike_B","Defend_B","Defend_B","Defend_B","Defend_B","Zap","Dualcast","Redo","Tempest","Glacier","Double Energy","Multi-Cast"],"relics":["Cracked Core","Chemical X","Lantern","Question Card","Blue Candle"],"potions_floor_usage":[16],"damage_taken":[{"damage":1,"enemies":"Cultist","floor":1,"turns":4},{"damage":0,"enemies":"Small Slimes","floor":2,"turns":4},{"damage":42,"enemies":"3 Sentries","floor":6,"turns":6},{"damage":7,"enemies":"Jaw Worm","floor":7,"turns":2},{"damage":0,"enemies":"Blue Slaver","floor":10,"turns":2},{"damage":13,"enemies":"Exordium Thugs","floor":13,"turns":2},{"damage":9,"enemies":"Red Slaver","floor":14,"turns":2},{"damage":31,"enemies":"The Guardian","floor":16,"turns":4}],"seed_played":"-1897186060905517249","potions_obtained":[{"floor":6,"key":"FairyPotion"},{"floor":13,"key":"SneckoOil"}],"is_trial":false,"path_per_floor":["M","M","?","$","?","E","M","?","T","M","?","R","M","M","R","B"],"character_chosen":"DEFECT","items_purchased":["Chemical X","Lantern"],"campfire_rested":2,"item_purchase_floors":[4,4],"current_hp_per_floor":[49,49,49,49,49,7,7,7,7,7,7,29,16,7,29,0],"gold":125,"neow_bonus":"TWO_FIFTY_GOLD","is_prod":false,"is_daily":false,"chose_seed":false,"campfire_upgraded":0,"win_rate":0,"timestamp":1554737254,"path_taken":["M","M","?","?","?","E","M","?","T","?","?","R","M","M","R","BOSS"],"build_version":"2019-01-23","purchased_purges":0,"victory":false,"max_hp_per_floor":[75,75,75,75,75,75,75,75,75,75,75,75,75,75,75,75],"card_choices":[{"not_picked":["Barrage","Compile Driver"],"picked":"Redo","floor":1},{"not_picked":["Undo","Leap"],"picked":"Tempest","floor":2},{"not_picked":["Coolheaded","Sweeping Beam"],"picked":"Glacier","floor":6},{"not_picked":["Leap","Stack","Force Field"],"picked":"Double Energy","floor":7},{"not_picked":["Steam","Steam Power","Conserve Battery"],"picked":"Multi-Cast","floor":10},{"not_picked":["Aggregate","Cold Snap","Steam","Tempest"],"picked":"SKIP","floor":13},{"not_picked":["Gash","Cold Snap","Beam Cell","Steam"],"picked":"SKIP","floor":14}],"player_experience":530090,"relics_obtained":[{"floor":6,"key":"Question Card"}],"event_choices":[{"cards_removed":["Strike_B"],"damage_healed":0,"gold_gain":0,"player_choice":"Offered Basic","damage_taken":0,"max_hp_gain":0,"max_hp_loss":0,"event_name":"Bonfire Elementals","floor":3,"gold_loss":0},{"damage_healed":0,"gold_gain":0,"player_choice":"Leave","damage_taken":0,"max_hp_gain":0,"max_hp_loss":0,"event_name":"The Cleric","floor":5,"gold_loss":0},{"damage_healed":0,"gold_gain":0,"player_choice":"Searched \u00271\u0027 times","damage_taken":0,"relics_obtained":["Blue Candle"],"max_hp_gain":0,"max_hp_loss":0,"event_name":"Dead Adventurer","floor":8,"gold_loss":0},{"cards_removed":["Strike_B"],"damage_healed":0,"gold_gain":0,"player_choice":"Purged","damage_taken":0,"max_hp_gain":0,"max_hp_loss":0,"event_name":"Purifier","floor":11,"gold_loss":0}],"is_beta":false,"boss_relics":[],"items_purged_floors":[],"is_endless":false,"potions_floor_spawned":[6,13],"killed_by":"The Guardian","ascension_level":6}