{"path_per_floor":["M","T","M","?","M","E","$","R","T","M","?","M","R","M","R","B",null,"M","?","?","M","$","R","?","?","T","E","M","R","$","M","R"],"character_chosen":"DEFECT","items_purchased":["Bottled Flame","Bag of Preparation"],"gold_per_floor":[218,266,286,286,305,334,74,74,128,146,146,158,158,177,177,281,281,281,281,281,236,5,5,5,5,5,5,5,5,5,5,5,5],"floor_reached":33,"campfire_rested":6,"playtime":1354,"item_purchase_floors":[7,22],"current_hp_per_floor":[74,74,69,74,64,34,34,58,58,43,18,17,41,35,59,7,80,79,64,46,29,29,54,54,54,54,23,3,28,28,5,30,0],"items_purged":["Strike_B"],"gold":5,"score":292,"play_id":"40d1befe-b6f4-4aaf-b50c-e58572709202","local_time":"20180615081627","is_prod":false,"is_daily":false,"chose_seed":false,"is_ascension_mode":true,"campfire_upgraded":0,"win_rate":0,"timestamp":1529039787,"campfire_choices":[{"floor":8,"key":"REST"},{"floor":13,"key":"REST"},{"floor":15,"key":"REST"},{"floor":23,"key":"REST"},{"floor":29,"key":"REST"},{"floor":32,"key":"REST"}],"path_taken":["M","?","M","?","M","E","$","R","T","?","?","M","R","M","R","BOSS","M","?","?","?","$","R","?","?","T","E","M","R","$","?","R","BOSS"],"build_version":"2018-06-14","seed_source_timestamp":3502695352772,"purchased_purges":1,"victory":false,"master_deck":["Strike_B","Strike_B+1","Strike_B+1","Defend_B","Defend_B","Defend_B","Defend_B","Zap","Dualcast","Tempest+1","Sweeping Beam","Ball Lightning","Double Energy+1","Machine Learning+1","Creative AI+1","Ball Lightning+1","Fusion","Double Energy","Creative AI+1","Conserve Battery"],"max_hp_per_floor":[75,75,75,80,80,80,80,80,80,80,80,80,80,80,80,80,80,80,85,85,85,85,85,85,85,85,85,85,85,85,85,85,85],"relics":["Cracked Core","Whetstone","Frozen Egg 2","Bottled Flame","Bronze Scales","War Paint","Ectoplasm","Red Mask","Bag of Preparation","Centennial Puzzle","Matryoshka"],"card_choices":[{"not_picked":["Redo","Sweeping Beam"],"picked":"Tempest","floor":1},{"not_picked":["Coolheaded","Barrage"],"picked":"Sweeping Beam","floor":3},{"not_picked":["Cold Snap","Coolheaded"],"picked":"Ball Lightning","floor":5},{"not_picked":["Leap","Ball Lightning"],"picked":"Double Energy","floor":6},{"not_picked":["Steam","Cold Snap"],"picked":"Machine Learning+1","floor":10},{"not_picked":["Chaos","Heatsinks+1","Turbo"],"picked":"SKIP","floor":12},{"not_picked":["Stack","Skim","Steam Power"],"picked":"SKIP","floor":14},{"not_picked":["Hyperbeam","Biased Cognition+1"],"picked":"Creative AI+1","floor":16},{"not_picked":["Sweeping Beam","Streamline+1"],"picked":"Ball Lightning+1","floor":18},{"not_picked":["Go for the Eyes+1","Turbo"],"picked":"Fusion","floor":20},{"not_picked":["Cold Snap","Multi-Cast"],"picked":"Double Energy","floor":21},{"not_picked":["Beam Cell","Cold Snap"],"picked":"Creative AI+1","floor":27},{"not_picked":["Beam Cell","Hologram"],"picked":"Conserve Battery","floor":28},{"not_picked":["Genetic Algorithm+1","Go for the Eyes","Skim"],"picked":"SKIP","floor":31}],"player_experience":262757,"potions_floor_usage":[10,20,20,20,27,27,28,31,33],"damage_taken":[{"damage":1,"enemies":"Cultist","floor":1,"turns":3},{"damage":5,"enemies":"Small Slimes","floor":3,"turns":4},{"damage":10,"enemies":"2 Louse","floor":5,"turns":2},{"damage":30,"enemies":"3 Sentries","floor":6,"turns":5},{"damage":15,"enemies":"Exordium Wildlife","floor":10,"turns":2},{"damage":1,"enemies":"Exordium Thugs","floor":12,"turns":3},{"damage":6,"enemies":"3 Louse","floor":14,"turns":2},{"damage":52,"enemies":"The Guardian","floor":16,"turns":9},{"damage":1,"enemies":"Spheric Guardian","floor":18,"turns":3},{"damage":18,"floor":20,"turns":3},{"damage":17,"enemies":"2 Thieves","floor":21,"turns":3},{"damage":40,"enemies":"Slavers","floor":27,"turns":3},{"damage":20,"enemies":"Slaver and Parasite","floor":28,"turns":4},{"damage":23,"enemies":"Cultist and Chosen","floor":31,"turns":4},{"damage":65,"enemies":"Automaton","floor":33,"turns":6}],"relics_obtained":[{"floor":2,"key":"Whetstone"},{"floor":6,"key":"Frozen Egg 2"},{"floor":9,"key":"Bronze Scales"},{"floor":20,"key":"Red Mask"},{"floor":26,"key":"Centennial Puzzle"},{"floor":27,"key":"Matryoshka"}],"event_choices":[{"event_name":"Big Fish","player_choice":"Donut","floor":4,"damage_taken":0},{"event_name":"Scrap Ooze","player_choice":"success","floor":11,"damage_taken":25},{"event_name":"Forgotten Altar","player_choice":"Shed Blood","floor":19,"damage_taken":0},{"event_name":"Masked Bandits","player_choice":"Fought over 281 gold","floor":20,"damage_taken":0},{"event_name":"Addict","player_choice":"Ignored","floor":24,"damage_taken":0},{"event_name":"The Lab","player_choice":"Got Potions","floor":25,"damage_taken":0}],"boss_relics":[{"not_picked":["Philosopher\u0027s Stone","White Beast Statue"],"picked":"Ectoplasm"}],"items_purged_floors":[22],"is_endless":false,"potions_floor_spawned":[5,12,16,18,27,31],"seed_played":"-4051219718879693456","killed_by":"Automaton","ascension_level":2,"potions_obtained":[{"floor":5,"key":"Weak Potion"},{"floor":12,"key":"Dexterity Potion"},{"floor":16,"key":"AttackPotion"},{"floor":18,"key":"Poison Potion"},{"floor":25,"key":"Regen Potion"},{"floor":25,"key":"SneckoOil"},{"floor":25,"key":"LiquidBronze"},{"floor":27,"key":"Swift Potion"},{"floor":31,"key":"GamblersBrew"}],"is_trial":false}