{"gold_per_floor":[117,130,305,305,323,356,356,356,405,405,440,440,455,474,474,598,598,616,634,22,41,41],"floor_reached":22,"playtime":1518,"items_purged":["Strike_R"],"score":216,"play_id":"d595946a-4d72-4e28-bc4c-623d30287587","local_time":"20190712180143","is_ascension_mode":true,"campfire_choices":[{"floor":7.0,"key":"REST"},{"floor":10.0,"key":"REST"},{"data":"Whirlwind","floor":15.0,"key":"SMITH"}],"neow_cost":"TEN_PERCENT_HP_LOSS","seed_source_timestamp":0,"circlet_count":0,"master_deck":["Strike_R","Strike_R","Strike_R","Strike_R","Defend_R","Defend_R","Defend_R","Defend_R","Bash+1","Trip","Blind","Sword Boomerang","Sword Boomerang","Doubt","Shockwave","Whirlwind+1","Ghostly Armor","Parasite","Heavy Blade","True Grit","Demon Form","Twin Strike","Inflame","Limit Break","Barricade"],"special_seed":0,"relics":["Black Blood","Smiling Mask","Golden Idol","Red Skull","Bag of Marbles","Regal Pillow","Bottled Flame"],"potions_floor_usage":[],"damage_taken":[{"damage":12.0,"enemies":"Jaw Worm","floor":1.0,"turns":3.0},{"damage":0.0,"enemies":"Small Slimes","floor":2.0,"turns":2.0},{"damage":16.0,"enemies":"2 Louse","floor":5.0,"turns":3.0},{"damage":39.0,"enemies":"Lagavulin","floor":6.0,"turns":8.0},{"damage":27.0,"enemies":"Gremlin Nob","floor":11.0,"turns":5.0},{"damage":14.0,"enemies":"Blue Slaver","floor":13.0,"turns":3.0},{"damage":7.0,"enemies":"Gremlin Gang","floor":14.0,"turns":4.0},{"damage":25.0,"enemies":"Slime Boss","floor":16.0,"turns":8.0},{"damage":43.0,"enemies":"2 Thieves","floor":18.0,"turns":4.0},{"damage":0.0,"enemies":"3 Byrds","floor":19.0,"turns":4.0},{"damage":45.0,"enemies":"Sentry and Sphere","floor":21.0,"turns":7.0},{"damage":37,"enemies":"Centurion and Healer","floor":22,"turns":4}],"seed_played":"-2732206876989663481","potions_obtained":[{"floor":2.0,"key":"Block Potion"},{"floor":6.0,"key":"SteroidPotion"},{"floor":13.0,"key":"BloodPotion"},{"floor":14.0,"key":"SpeedPotion"},{"floor":19.0,"key":"LiquidBronze"}],"is_trial":false,"path_per_floor":["M","M","?","?","M","E","R","?","T","R","E","?","M","M","R","B",null,"M","M","$","M","M"],"character_chosen":"IRONCLAD","items_purchased":["Regal Pillow","Limit Break","Bottled Flame","Regen Potion"],"campfire_rested":2,"item_purchase_floors":[20,20,20,20],"current_hp_per_floor":[66,72,72,72,62,29,50,50,50,67,46,62,54,53,53,34,67,34,44,44,34,0],"gold":41,"neow_bonus":"RANDOM_COLORLESS_2","is_prod":false,"is_daily":false,"chose_seed":false,"campfire_upgraded":1,"win_rate":0,"timestamp":1562972503,"path_taken":["M","M","?","?","M","E","R","?","T","R","E","?","?","?","R","BOSS","M","M","$","M","M"],"build_version":"2019-07-05","purchased_purges":1,"victory":false,"max_hp_per_floor":[72,72,72,72,72,72,72,67,67,67,67,67,67,67,67,67,67,67,67,67,67,67],"card_choices":[{"not_picked":["Armaments","Hemokinesis"],"picked":"Sword Boomerang","floor":1.0},{"not_picked":["Iron Wave","Anger"],"picked":"Sword Boomerang","floor":2.0},{"not_picked":["True Grit","Infernal Blade"],"picked":"Shockwave","floor":5.0},{"not_picked":["Shockwave","Second Wind"],"picked":"Whirlwind","floor":6.0},{"not_picked":["Dark Embrace","Second Wind"],"picked":"Ghostly Armor","floor":11.0},{"not_picked":["Reckless Charge","Clash"],"picked":"Heavy Blade","floor":13.0},{"not_picked":["Armaments","Twin Strike"],"picked":"True Grit","floor":14.0},{"not_picked":["Barricade","Berserk"],"picked":"Demon Form","floor":16.0},{"not_picked":["Iron Wave","Body Slam"],"picked":"Twin Strike","floor":18.0},{"not_picked":["Twin Strike","Metallicize"],"picked":"Inflame","floor":19.0},{"not_picked":["Twin Strike","Cleave"],"picked":"Barricade","floor":21}],"player_experience":322931,"relics_obtained":[{"floor":6.0,"key":"Smiling Mask"},{"floor":9.0,"key":"Red Skull"},{"floor":11.0,"key":"Bag of Marbles"}],"event_choices":[{"damage_healed":0.0,"max_hp_gain":0.0,"max_hp_loss":0.0,"gold_gain":175.0,"event_name":"Liars Game","player_choice":"AGREE","floor":3.0,"gold_loss":0.0,"damage_taken":0.0,"cards_obtained":["Doubt"]},{"damage_healed":0.0,"max_hp_gain":0.0,"max_hp_loss":0.0,"gold_gain":0.0,"event_name":"Living Wall","player_choice":"Grow","floor":4.0,"gold_loss":0.0,"damage_taken":0.0,"cards_upgraded":["Bash"]},{"damage_healed":0.0,"max_hp_gain":0.0,"max_hp_loss":5.0,"gold_gain":0.0,"event_name":"Golden Idol","player_choice":"Lose Max HP","floor":8.0,"gold_loss":0.0,"damage_taken":0.0,"relics_obtained":["Golden Idol"]},{"damage_healed":16.0,"max_hp_gain":0.0,"max_hp_loss":0.0,"gold_gain":0.0,"event_name":"Mushrooms","player_choice":"Healed and dodged fight","floor":12.0,"gold_loss":0.0,"damage_taken":0.0,"cards_obtained":["Parasite"]}],"is_beta":false,"boss_relics":[{"not_picked":["Coffee Dripper","Runic Pyramid"],"picked":"Black Blood"}],"items_purged_floors":[20],"is_endless":false,"potions_floor_spawned":[2,6,13,14,19],"killed_by":"Centurion and Healer","ascension_level":2}