{"gold_per_floor":[362,362,312,33,33,33,50,50,50,68,80,103,103,137,137,236,236,254,254,254,254,254,254,254],"floor_reached":24,"playtime":629,"items_purged":[],"score":228,"play_id":"9158c37f-e5f0-4f11-8d50-bcbb6abb1ad2","local_time":"20180929092917","is_ascension_mode":true,"campfire_choices":[{"data":"Genetic Algorithm","floor":6,"key":"SMITH"},{"data":"Tempest","floor":8,"key":"SMITH"},{"floor":15,"key":"REST"},{"data":"Zap","floor":23,"key":"SMITH"}],"neow_cost":"PERCENT_DAMAGE","seed_source_timestamp":691608667193719,"circlet_count":0,"master_deck":["Strike_B","Strike_B","Strike_B","Defend_B","Defend_B","Defend_B","Defend_B","Zap+1","Dualcast","Tempest+1","Genetic Algorithm+1","Regret","Conserve Battery","Biased Cognition","Conserve Battery"],"relics":["Cracked Core","Gremlin Horn","Symbiotic Virus","Blue Candle","Happy Flower","Regal Pillow","Orichalcum","Black Star","Bottled Flame","Nilry\u0027s Codex"],"potions_floor_usage":[14,16,24,24],"damage_taken":[{"damage":2,"enemies":"Jaw Worm","floor":1,"turns":3},{"damage":0,"enemies":"2 Louse","floor":7,"turns":1},{"damage":0,"enemies":"Small Slimes","floor":10,"turns":2},{"damage":0,"enemies":"Red Slaver","floor":11,"turns":3},{"damage":9,"enemies":"Lagavulin","floor":14,"turns":6},{"damage":17,"enemies":"The Guardian","floor":16,"turns":13},{"damage":5,"enemies":"Spheric Guardian","floor":18,"turns":3},{"damage":52,"enemies":"Gremlin Leader","floor":24,"turns":6}],"seed_played":"4033662528244497527","potions_obtained":[{"floor":1,"key":"Energy Potion"},{"floor":5,"key":"EssenceOfSteel"},{"floor":5,"key":"Block Potion"},{"floor":16,"key":"Weak Potion"},{"floor":18,"key":"FocusPotion"}],"is_trial":false,"path_per_floor":["M","?","?","$","?","R","M","R","T","M","M","T","?","E","R","B",null,"M","?","T","?","?","R"],"character_chosen":"DEFECT","items_purchased":["Genetic Algorithm","Symbiotic Virus"],"campfire_rested":1,"item_purchase_floors":[4,4],"current_hp_per_floor":[52,45,45,45,45,45,45,45,45,45,45,45,45,36,73,56,75,70,56,56,40,40,40,0],"gold":254,"neow_bonus":"TWO_FIFTY_GOLD","is_prod":false,"is_daily":false,"chose_seed":false,"campfire_upgraded":3,"win_rate":0,"timestamp":1538202557,"path_taken":["M","?","?","?","?","R","M","R","T","M","?","?","?","E","R","BOSS","M","?","?","?","?","R","E"],"build_version":"2018-09-27","purchased_purges":0,"victory":false,"max_hp_per_floor":[75,75,75,75,75,75,75,75,75,75,75,75,75,75,75,75,75,75,80,80,80,80,80,80],"card_choices":[{"not_picked":["Leap","Coolheaded"],"picked":"Tempest","floor":1},{"not_picked":["Rebound","Glacier","Sunder"],"picked":"SKIP","floor":7},{"not_picked":["Gash","Streamline","Go for the Eyes"],"picked":"SKIP","floor":10},{"not_picked":["Turbo","Compile Driver","Hologram"],"picked":"SKIP","floor":11},{"not_picked":["Redo","Turbo"],"picked":"Conserve Battery","floor":14},{"not_picked":["Amplify","Core Surge"],"picked":"Biased Cognition","floor":16},{"not_picked":["Chaos+1","Reinforced Body"],"picked":"Conserve Battery","floor":18}],"player_experience":392513,"relics_obtained":[{"floor":9,"key":"Blue Candle"},{"floor":12,"key":"Happy Flower"},{"floor":14,"key":"Orichalcum"},{"floor":20,"key":"Bottled Flame"},{"floor":21,"key":"Nilry\u0027s Codex"}],"event_choices":[{"event_name":"Scrap Ooze","player_choice":"success","floor":2,"damage_taken":7},{"event_name":"The Cleric","player_choice":"Card Removal","floor":3,"damage_taken":0},{"event_name":"The Lab","player_choice":"Got Potions","floor":5,"damage_taken":0},{"event_name":"Big Fish","player_choice":"Box","floor":13,"damage_taken":0},{"event_name":"Forgotten Altar","player_choice":"Shed Blood","floor":19,"damage_taken":0},{"event_name":"Cursed Tome","player_choice":"Obtained Book","floor":21,"damage_taken":0},{"event_name":"Vampires","player_choice":"Ignored","floor":22,"damage_taken":0}],"is_beta":false,"boss_relics":[{"not_picked":["Ectoplasm","White Beast Statue"],"picked":"Black Star"}],"items_purged_floors":[],"is_endless":false,"potions_floor_spawned":[1,16,18],"killed_by":"Gremlin Leader","ascension_level":4}