{"path_per_floor":["M","?","?","?","?","R","E","?","T","E","R","$","M","M","R","B",null,"M","M","?","$","T","E","M","R","T"],"character_chosen":"IRONCLAD","items_purchased":["Mercury Hourglass"],"gold_per_floor":[112,112,287,287,287,287,320,320,320,383,383,54,72,90,90,191,191,203,218,218,118,118,151,166,166,166,166],"floor_reached":27,"campfire_rested":3,"playtime":613,"current_hp_per_floor":[62,62,62,62,67,67,33,33,33,7,32,32,30,31,56,37,72,56,37,37,37,37,20,14,39,39,0],"items_purged":["Strike_R","Strike_R"],"gold":166,"score":308,"play_id":"263134e6-f215-4823-a3fb-1ec40cc91b24","local_time":"20180505211932","is_prod":false,"is_daily":false,"chose_seed":false,"is_ascension_mode":true,"campfire_upgraded":1,"timestamp":1525544372,"path_taken":["M","?","?","?","?","R","E","?","T","E","R","?","M","M","R","BOSS","M","M","?","$","?","E","M","R","T","M"],"build_version":"2018-05-03","seed_source_timestamp":114960617854508,"purchased_purges":2,"victory":false,"master_deck":["Strike_R","Strike_R","Strike_R","Defend_R","Defend_R","Bash+1","Demon Form","Cleave","Doubt","Bludgeon","Writhe"],"max_hp_per_floor":[72,72,72,79,84,84,84,84,84,84,84,84,84,84,84,84,84,84,84,84,84,84,84,84,84,84,84],"relics":["Burning Blood","Strawberry","Juzu Bracelet","Du-Vu Doll","Tiny Chest","Mercury Hourglass","Cursed Key","Bottled Tornado","Shovel","Toolbox"],"card_choices":[{"not_picked":["Limit Break","Brutality"],"picked":"Demon Form","floor":16},{"not_picked":["Battle Trance","Carnage"],"picked":"Cleave","floor":18},{"not_picked":["Twin Strike","Burning Pact"],"picked":"Bludgeon","floor":23}],"player_experience":238494,"potions_floor_usage":[7,7,10,14,16,16,24,27],"damage_taken":[{"damage":16,"enemies":"Cultist","floor":1,"turns":4},{"damage":40,"enemies":"Lagavulin","floor":7,"turns":5},{"damage":32,"enemies":"Gremlin Nob","floor":10,"turns":4},{"damage":8,"enemies":"2 Louse","floor":13,"turns":2},{"damage":5,"enemies":"Jaw Worm","floor":14,"turns":2},{"damage":25,"enemies":"Slime Boss","floor":16,"turns":12},{"damage":22,"enemies":"Shell Parasite","floor":18,"turns":5},{"damage":25,"enemies":"Spheric Guardian","floor":19,"turns":4},{"damage":23,"enemies":"Gremlin Leader","floor":23,"turns":5},{"damage":12,"enemies":"3 Cultists","floor":24,"turns":4},{"damage":41,"enemies":"Centurion and Healer","floor":27,"turns":3}],"event_choices":[{"event_name":"The Lab","player_choice":"Got Potions","floor":2,"damage_taken":0},{"event_name":"Liars Game","player_choice":"agreed","floor":3,"damage_taken":0},{"event_name":"Scrap Ooze","player_choice":"success","floor":4,"damage_taken":7},{"event_name":"Big Fish","player_choice":"Donut","floor":5,"damage_taken":0},{"event_name":"Living Wall","player_choice":"Forget","floor":8,"damage_taken":0},{"event_name":"Ghosts","player_choice":"Ignored","floor":20,"damage_taken":0}],"boss_relics":[{"not_picked":["Snecko Eye","Lizard Tail"],"picked":"Cursed Key"}],"potions_floor_spawned":[7,10,14,23,24],"seed_played":"-5914949526338988210","killed_by":"Centurion and Healer","ascension_level":6,"is_trial":false}