{"gold_per_floor":[116,126,136,147,72,72,5,33,33,33,65,65,82,82,82,180,180,193,193,193,108,8,8,21,39,63,76,89,102,102,114,114,114],"floor_reached":33,"playtime":2088,"items_purged":["Strike_G","Defend_G"],"score":272,"play_id":"e0f6a90d-2ff8-42af-9027-7dad1292b239","local_time":"20190706160520","is_ascension_mode":true,"campfire_choices":[{"data":"Backstab","floor":6,"key":"SMITH"},{"data":"Backstab","floor":10,"key":"SMITH"},{"data":"Doppelganger","floor":12,"key":"SMITH"},{"floor":15,"key":"REST"},{"data":"Finisher","floor":23,"key":"SMITH"},{"data":"Predator","floor":30,"key":"SMITH"},{"floor":32,"key":"REST"}],"neow_cost":"NONE","seed_source_timestamp":772808945233082,"circlet_count":0,"master_deck":["Strike_G","Strike_G","Strike_G","Defend_G","Defend_G","Defend_G","Defend_G","Survivor","Neutralize+1","Backstab+1","Backstab+1","Masterful Stab","Choke","Finisher+1","Prepared","Doppelganger+1","PiercingWail","Backflip","Bullet Time","RitualDagger","Finisher+1","Predator+1","Masterful Stab","Crippling Poison+1"],"relics":["Ring of the Snake","Dream Catcher","Vajra","Question Card","Eternal Feather","Darkstone Periapt","Art of War"],"potions_floor_usage":[16,16,28,33,33],"damage_taken":[{"damage":1,"enemies":"Cultist","floor":1,"turns":5},{"damage":0,"enemies":"2 Louse","floor":2,"turns":2},{"damage":0,"enemies":"Small Slimes","floor":3,"turns":2},{"damage":0,"enemies":"Blue Slaver","floor":4,"turns":2},{"damage":5,"enemies":"Gremlin Nob","floor":8,"turns":3},{"damage":26,"enemies":"Lagavulin","floor":11,"turns":4},{"damage":0,"enemies":"Lots of Slimes","floor":13,"turns":2},{"damage":58,"enemies":"Slime Boss","floor":16,"turns":16},{"damage":5,"enemies":"2 Thieves","floor":18,"turns":4},{"damage":0,"enemies":"Spheric Guardian","floor":24,"turns":1},{"damage":1,"enemies":"3 Cultists","floor":25,"turns":5},{"damage":21,"enemies":"Snake Plant","floor":27,"turns":2},{"damage":8,"enemies":"Chosen and Byrds","floor":28,"turns":6},{"damage":20,"enemies":"Centurion and Healer","floor":29,"turns":4},{"damage":15,"enemies":"Cultist and Chosen","floor":31,"turns":7},{"damage":71,"enemies":"Collector","floor":33,"turns":6}],"seed_played":"4729216878652313037","potions_obtained":[{"floor":1,"key":"SpeedPotion"},{"floor":2,"key":"Block Potion"},{"floor":4,"key":"SpeedPotion"},{"floor":16,"key":"Ancient Potion"},{"floor":24,"key":"SkillPotion"},{"floor":25,"key":"Regen Potion"}],"is_trial":false,"path_per_floor":["M","M","M","M","$","R","$","E","T","R","E","R","M","?","R","B",null,"M","?","?","?","$","R","M","M","T","M","M","M","R","M","R","B"],"character_chosen":"THE_SILENT","items_purchased":["Finisher"],"campfire_rested":2,"item_purchase_floors":[7],"current_hp_per_floor":[69,69,69,69,69,69,69,64,64,64,38,38,38,38,59,1,70,65,65,59,59,59,70,70,69,69,48,55,35,47,32,65,0],"gold":114,"neow_bonus":"UPGRADE_CARD","is_prod":false,"is_daily":false,"chose_seed":false,"campfire_upgraded":5,"win_rate":0,"timestamp":1562447120,"path_taken":["M","?","?","M","?","R","$","E","T","R","E","R","M","?","R","BOSS","M","?","?","?","?","R","M","?","T","?","M","M","R","M","R","BOSS"],"build_version":"2019-07-05","purchased_purges":2,"victory":false,"max_hp_per_floor":[70,70,70,70,70,70,70,70,70,70,70,70,70,70,70,70,70,70,70,70,70,70,70,70,70,70,70,70,70,70,70,70,70],"card_choices":[{"not_picked":["Dash","Eviscerate"],"picked":"Backstab","floor":1},{"not_picked":["Finisher","Deadly Poison"],"picked":"Backstab","floor":2},{"not_picked":["Slice","Dodge and Roll"],"picked":"Masterful Stab","floor":3},{"not_picked":["Setup","Quick Slash"],"picked":"Choke","floor":4},{"not_picked":["Cloak And Dagger","Catalyst"],"picked":"Prepared","floor":8},{"not_picked":["Outmaneuver","Terror"],"picked":"Doppelganger","floor":11},{"not_picked":["Heel Hook","Riddle With Holes","Deflect"],"picked":"PiercingWail","floor":13},{"not_picked":["Poisoned Stab","Flying Knee","Cloak And Dagger"],"picked":"Backflip","floor":15},{"not_picked":["Burst","Envenom","Tools of the Trade"],"picked":"Bullet Time","floor":16},{"not_picked":["Acrobatics","Underhanded Strike","Deadly Poison","Heel Hook"],"picked":"SKIP","floor":18},{"not_picked":["Leg Sweep+1","Deflect","Dagger Throw"],"picked":"Finisher+1","floor":24},{"not_picked":["Dagger Throw","Blur","Underhanded Strike"],"picked":"Predator","floor":25},{"not_picked":["Blade Dance","Dagger Spray","Quick Slash","Backflip+1"],"picked":"SKIP","floor":27},{"not_picked":["Dodge and Roll","Bane","Prepared","Eviscerate"],"picked":"SKIP","floor":28},{"not_picked":["Cloak And Dagger+1","Deadly Poison","Slice","Underhanded Strike"],"picked":"SKIP","floor":29},{"not_picked":["Tools of the Trade","Dagger Spray+1","Riddle With Holes"],"picked":"Masterful Stab","floor":31},{"not_picked":["Dodge and Roll","Caltrops","Dagger Throw"],"picked":"Crippling Poison+1","floor":32}],"player_experience":318273,"relics_obtained":[{"floor":8,"key":"Dream Catcher"},{"floor":9,"key":"Vajra"},{"floor":11,"key":"Question Card"},{"floor":26,"key":"Art of War"}],"event_choices":[{"damage_healed":0,"gold_gain":0,"player_choice":"Ignored","damage_taken":0,"max_hp_gain":0,"max_hp_loss":0,"event_name":"Shining Light","floor":14,"gold_loss":0},{"cards_removed":["Strike_G"],"damage_healed":0,"gold_gain":0,"player_choice":"Elegance","damage_taken":0,"max_hp_gain":0,"max_hp_loss":0,"event_name":"Back to Basics","floor":19,"gold_loss":0},{"damage_healed":0,"gold_gain":0,"player_choice":"Joined the Cult","damage_taken":6,"max_hp_gain":0,"max_hp_loss":0,"event_name":"Nest","floor":20,"gold_loss":0,"cards_obtained":["RitualDagger"]},{"damage_healed":0,"gold_gain":0,"player_choice":"Obtained Relic","damage_taken":0,"relics_obtained":["Darkstone Periapt"],"max_hp_gain":0,"max_hp_loss":0,"event_name":"Addict","floor":21,"gold_loss":85}],"is_beta":false,"boss_relics":[{"not_picked":["Black Star","Ring of the Serpent"],"picked":"Eternal Feather"}],"items_purged_floors":[5,22],"is_endless":false,"potions_floor_spawned":[1,2,4,16,24,25],"killed_by":"Collector","ascension_level":1}