{"gold_per_floor":[114,39,54,65,80,80,80,80,80,97,97,29,29,54,54,151,151,164,14,14,34,34,34,54,54],"floor_reached":25,"playtime":2155,"items_purged":["Strike_R","Strike_R"],"score":200,"play_id":"cd67a13a-718c-4889-8890-fe368a39f29a","local_time":"20180721013440","is_ascension_mode":false,"campfire_choices":[{"data":"Corruption","floor":7,"key":"SMITH"},{"data":"Battle Trance","floor":11,"key":"SMITH"},{"floor":15,"key":"REST"},{"data":"True Grit","floor":23,"key":"SMITH"}],"neow_cost":"NONE","seed_source_timestamp":864492454241771,"circlet_count":0,"master_deck":["Strike_R","Defend_R","Defend_R","Defend_R","Defend_R","Bash","Corruption+1","Battle Trance+1","Clothesline","Clothesline","Headbutt","Entrench","Feel No Pain+1","Dark Embrace+1","Twin Strike","True Grit+1","True Grit+1","Corruption+1"],"relics":["Lizard Tail","Mummified Hand","Frozen Egg 2","Empty Cage","Spirit Poop","Nloth\u0027s Gift"],"potions_floor_usage":[14,14,16,25],"damage_taken":[{"damage":6,"enemies":"Cultist","floor":1,"turns":5},{"damage":6,"enemies":"Jaw Worm","floor":3,"turns":3},{"damage":6,"enemies":"2 Louse","floor":4,"turns":2},{"damage":12,"enemies":"2 Fungi Beasts","floor":5,"turns":4},{"damage":0,"enemies":"3 Louse","floor":10,"turns":2},{"damage":13,"enemies":"Gremlin Nob","floor":14,"turns":4},{"damage":24,"enemies":"Hexaghost","floor":16,"turns":9},{"damage":18,"enemies":"Spheric Guardian","floor":18,"turns":6},{"damage":5,"enemies":"2 Thieves","floor":21,"turns":5},{"damage":97,"enemies":"3 Cultists","floor":24,"turns":9},{"damage":8,"enemies":"Centurion and Healer","floor":25,"turns":6}],"seed_played":"-1233626471746134641","potions_obtained":[{"floor":1,"key":"BloodPotion"},{"floor":5,"key":"Energy Potion"},{"floor":14,"key":"Strength Potion"},{"floor":16,"key":"Swift Potion"}],"is_trial":false,"path_per_floor":["M","$","M","M","M","?","R","T","T","M","R","$","?","E","R","B",null,"M","$","?","M","?","R","M"],"character_chosen":"IRONCLAD","items_purchased":["Entrench","True Grit"],"campfire_rested":1,"item_purchase_floors":[12,19],"current_hp_per_floor":[74,74,68,62,50,50,50,50,50,50,50,50,50,45,69,45,80,62,62,62,57,57,57,7,0],"gold":54,"neow_bonus":"BOSS_RELIC","is_prod":false,"is_daily":false,"chose_seed":false,"campfire_upgraded":3,"win_rate":0.0,"timestamp":1532154880,"path_taken":["M","$","?","M","M","?","R","?","T","M","R","$","?","E","R","BOSS","M","$","?","M","?","R","M","M"],"build_version":"2018-07-19v2","purchased_purges":2,"victory":false,"max_hp_per_floor":[80,80,80,80,80,80,80,80,80,80,80,80,80,80,80,80,80,80,80,80,80,80,80,80,80],"card_choices":[{"not_picked":["Sever Soul","Warcry"],"picked":"Corruption","floor":1},{"not_picked":["Flex","Carnage"],"picked":"Battle Trance","floor":3},{"not_picked":["Rage","Searing Blow"],"picked":"Clothesline","floor":4},{"not_picked":["Anger","Ghostly Armor"],"picked":"Clothesline","floor":5},{"not_picked":["Anger","Whirlwind"],"picked":"Headbutt","floor":10},{"not_picked":["Twin Strike","Heavy Blade"],"picked":"Feel No Pain","floor":14},{"not_picked":["Feed","Limit Break"],"picked":"Dark Embrace+1","floor":16},{"not_picked":["Heavy Blade","Body Slam"],"picked":"Twin Strike","floor":18},{"not_picked":["Disarm","Shrug It Off"],"picked":"True Grit+1","floor":21},{"not_picked":["Warcry","True Grit"],"picked":"Corruption+1","floor":24}],"player_experience":81808,"relics_obtained":[{"floor":8,"key":"Mummified Hand"},{"floor":9,"key":"Mercury Hourglass"},{"floor":14,"key":"Frozen Egg 2"}],"event_choices":[{"event_name":"Wheel of Change","player_choice":"Curse","floor":6,"damage_taken":0},{"event_name":"The Cleric","player_choice":"Leave","floor":13,"damage_taken":0},{"event_name":"Bonfire Elementals","player_choice":"CURSE","floor":20,"damage_taken":0},{"event_name":"N\u0027loth","player_choice":"Traded a Mercury Hourglass","floor":22,"damage_taken":0}],"is_beta":false,"boss_relics":[{"not_picked":["Snecko Eye","Eternal Feather"],"picked":"Empty Cage"}],"items_purged_floors":[2,19],"is_endless":false,"potions_floor_spawned":[1,5,14,16],"killed_by":"Centurion and Healer","ascension_level":0}