{"gold_per_floor":[110,110,127,127,2,2,45,64,64,64,79,79,79],"floor_reached":13,"playtime":369,"items_purged":[],"score":100,"play_id":"af5d5e88-a0d3-4266-b548-8edf03838a7d","local_time":"20180831115250","is_ascension_mode":true,"campfire_choices":[{"floor":6,"key":"REST"},{"floor":12,"key":"REST"}],"neow_cost":"CURSE","seed_source_timestamp":364366909114761,"circlet_count":0,"master_deck":["Strike_B","Strike_B","Strike_B","Strike_B","Defend_B","Defend_B","Defend_B","Defend_B","Zap","Dualcast","Shame","Force Field","Regret","Turbo","Self Repair","Conserve Battery","Defragment","Conserve Battery","Parasite"],"relics":["Cracked Core","Nunchaku","Blue Candle","Golden Idol","Bag of Preparation","Bottled Lightning"],"potions_floor_usage":[13,13],"damage_taken":[{"damage":3,"enemies":"Cultist","floor":1,"turns":3},{"damage":13,"enemies":"Jaw Worm","floor":3,"turns":2},{"damage":48,"enemies":"3 Sentries","floor":7,"turns":11},{"damage":4,"enemies":"2 Louse","floor":8,"turns":3},{"damage":14,"enemies":"Blue Slaver","floor":11,"turns":5},{"damage":63,"enemies":"Gremlin Nob","floor":13,"turns":4}],"seed_played":"8375226559213986781","potions_obtained":[{"floor":8,"key":"FearPotion"},{"floor":11,"key":"Strength Potion"}],"is_trial":false,"path_per_floor":["M","?","M","?","$","R","E","M","T","?","M","R"],"character_chosen":"DEFECT","items_purchased":["Self Repair","Conserve Battery"],"campfire_rested":2,"item_purchase_floors":[5,5],"current_hp_per_floor":[72,72,59,41,41,63,22,25,25,43,36,58,0],"gold":79,"neow_bonus":"ONE_RARE_RELIC","is_prod":false,"is_daily":false,"chose_seed":false,"campfire_upgraded":0,"win_rate":0,"timestamp":1535705570,"path_taken":["M","?","M","?","$","R","E","?","T","?","M","R","E"],"build_version":"2018-08-30","purchased_purges":0,"victory":false,"max_hp_per_floor":[75,75,75,75,75,75,75,75,75,75,75,75,75],"card_choices":[{"not_picked":["Beam Cell","Capacitor"],"picked":"Force Field","floor":1},{"not_picked":["Hello World","Scrape"],"picked":"Turbo","floor":3},{"not_picked":["Doom and Gloom","Beam Cell"],"picked":"Defragment","floor":7},{"not_picked":["Compile Driver","Gash"],"picked":"Conserve Battery","floor":8},{"not_picked":["Coolheaded","Turbo","Compile Driver"],"picked":"SKIP","floor":11}],"player_experience":353509,"relics_obtained":[{"floor":7,"key":"Bag of Preparation"},{"floor":9,"key":"Bottled Lightning"}],"event_choices":[{"event_name":"Big Fish","player_choice":"Box","floor":2,"damage_taken":0},{"event_name":"Golden Idol","player_choice":"Take Damage","floor":4,"damage_taken":0},{"event_name":"Mushrooms","player_choice":"Healed and dodged fight","floor":10,"damage_taken":0}],"is_beta":false,"boss_relics":[],"items_purged_floors":[],"is_endless":false,"potions_floor_spawned":[8,11],"killed_by":"Gremlin Nob","ascension_level":4}