{"gold_per_floor":[119,119,21,121,137,167,183,246,319,319,319,344,344,12,12,113,113,123,27,42,0,0,0,33,33,33,62,79,16,16,30,30,30],"floor_reached":33,"playtime":2349,"items_purged":["Regret","Strike_B"],"score":303,"play_id":"7e997da2-c767-4ad1-bf7a-27c782487c8f","local_time":"20190629152855","is_ascension_mode":true,"campfire_choices":[{"floor":11,"key":"REST"},{"floor":13,"key":"REST"},{"data":"Loop","floor":15,"key":"SMITH"},{"floor":23,"key":"REST"},{"floor":25,"key":"REST"},{"floor":30,"key":"REST"},{"data":"Dualcast","floor":32,"key":"SMITH"}],"neow_cost":"NONE","seed_source_timestamp":165542067050363,"circlet_count":0,"master_deck":["Strike_B","Strike_B","Strike_B","Defend_B","Defend_B","Defend_B","Defend_B","Zap+1","Dualcast+1","Barrage","Go for the Eyes","Gash","Redo","Loop+1","Cold Snap","Gash","Trip+1","Go for the Eyes","Turbo+1","Leap+1","Seek+1","Go for the Eyes","Panacea+1","Leap+1","Self Repair","Ball Lightning+1","BootSequence+1","Skim+1"],"relics":["Cracked Core","DataDisk","Ornamental Fan","Letter Opener","Question Card","Toxic Egg 2","Busted Crown","Ancient Tea Set","The Courier","Pocketwatch"],"potions_floor_usage":[6,6,12,16,24,24,31,31,31,31,33],"damage_taken":[{"damage":1,"enemies":"Jaw Worm","floor":1,"turns":3},{"damage":2,"enemies":"2 Louse","floor":5,"turns":2},{"damage":16,"enemies":"Gremlin Nob","floor":6,"turns":3},{"damage":1,"enemies":"Cultist","floor":7,"turns":3},{"damage":26,"enemies":"3 Sentries","floor":8,"turns":6},{"damage":12,"enemies":"3 Sentries","floor":12,"turns":6},{"damage":34,"enemies":"Hexaghost","floor":16,"turns":10},{"damage":20,"enemies":"2 Thieves","floor":18,"turns":3},{"damage":2,"enemies":"Shell Parasite","floor":20,"turns":5},{"damage":35,"enemies":"Gremlin Leader","floor":24,"turns":8},{"damage":44,"enemies":"Slavers","floor":27,"turns":6},{"damage":23,"enemies":"Snake Plant","floor":28,"turns":5},{"damage":6,"enemies":"Centurion and Healer","floor":31,"turns":6},{"damage":70,"enemies":"Champ","floor":33,"turns":13}],"seed_played":"1925415488851368378","potions_obtained":[{"floor":1,"key":"Poison Potion"},{"floor":5,"key":"FocusPotion"},{"floor":8,"key":"Fire Potion"},{"floor":12,"key":"Dexterity Potion"},{"floor":18,"key":"Strength Potion"},{"floor":20,"key":"EssenceOfSteel"},{"floor":28,"key":"EntropicBrew"}],"is_trial":false,"path_per_floor":["M","?","$","?","M","E","M","?","T","?","R","E","R","$","R","B",null,"M","$","M","?","?","R","E","R","T","E","M","$","R","M","R","B"],"character_chosen":"DEFECT","items_purchased":["Go for the Eyes","Trip+1","Go for the Eyes","Turbo+1","Leap+1","Panacea+1","Regen Potion"],"campfire_rested":5,"item_purchase_floors":[3,14,14,14,14,19,29],"current_hp_per_floor":[74,74,74,74,72,56,55,29,29,29,51,39,61,61,61,27,75,55,55,53,53,53,75,40,62,62,25,2,2,24,65,65,0],"gold":30,"neow_bonus":"UPGRADE_CARD","is_prod":false,"is_daily":false,"chose_seed":false,"campfire_upgraded":2,"win_rate":0,"timestamp":1561840135,"path_taken":["M","?","?","?","?","E","M","?","T","?","R","E","R","?","R","BOSS","M","$","M","?","?","R","E","R","T","E","M","$","R","M","R","BOSS"],"build_version":"2019-01-23","purchased_purges":2,"victory":false,"max_hp_per_floor":[75,75,75,75,75,75,75,75,75,75,75,75,75,75,75,75,75,75,75,75,75,75,75,75,75,75,75,75,75,75,75,75,75],"card_choices":[{"not_picked":["Hello World","Defragment"],"picked":"Barrage","floor":1},{"not_picked":["Rebound","Chill"],"picked":"Gash","floor":5},{"not_picked":["Leap","Undo"],"picked":"Redo","floor":6},{"not_picked":["Conserve Battery","Turbo"],"picked":"Loop","floor":7},{"not_picked":["Glacier","Reprogram"],"picked":"Cold Snap","floor":8},{"not_picked":["Ball Lightning","Compile Driver","Seek"],"picked":"Gash","floor":12},{"not_picked":["Electrodynamics","Reboot+1","Amplify+1"],"picked":"Seek+1","floor":16},{"not_picked":["Barrage+1"],"picked":"Go for the Eyes","floor":18},{"not_picked":["Fusion+1"],"picked":"Leap+1","floor":20},{"not_picked":["Reprogram+1"],"picked":"Self Repair","floor":24},{"not_picked":["Biased Cognition"],"picked":"Ball Lightning+1","floor":27},{"not_picked":["Double Energy+1"],"picked":"BootSequence+1","floor":28},{"not_picked":["Coolheaded+1"],"picked":"Skim+1","floor":31}],"player_experience":288460,"relics_obtained":[{"floor":6,"key":"Ornamental Fan"},{"floor":8,"key":"Letter Opener"},{"floor":9,"key":"Question Card"},{"floor":12,"key":"Toxic Egg 2"},{"floor":24,"key":"Ancient Tea Set"},{"floor":26,"key":"The Courier"},{"floor":27,"key":"Pocketwatch"}],"event_choices":[{"damage_healed":0,"gold_gain":0,"player_choice":"Box","damage_taken":0,"relics_obtained":["DataDisk"],"max_hp_gain":0,"max_hp_loss":0,"event_name":"Big Fish","floor":2,"gold_loss":0,"cards_obtained":["Regret"]},{"damage_healed":0,"gold_gain":100,"player_choice":"Pray","damage_taken":0,"max_hp_gain":0,"max_hp_loss":0,"event_name":"Golden Shrine","floor":4,"gold_loss":0},{"damage_healed":0,"gold_gain":0,"player_choice":"Searched \u00271\u0027 times","damage_taken":0,"max_hp_gain":0,"max_hp_loss":0,"event_name":"Dead Adventurer","floor":8,"gold_loss":0},{"damage_healed":0,"gold_gain":0,"player_choice":"Ignored","damage_taken":0,"max_hp_gain":0,"max_hp_loss":0,"event_name":"Shining Light","floor":10,"gold_loss":0},{"damage_healed":0,"gold_gain":0,"player_choice":"Paid Fearfully","damage_taken":0,"max_hp_gain":0,"max_hp_loss":0,"event_name":"Masked Bandits","floor":21,"gold_loss":42},{"damage_healed":0,"gold_gain":0,"player_choice":"Ignored","damage_taken":0,"max_hp_gain":0,"max_hp_loss":0,"event_name":"Vampires","floor":22,"gold_loss":0}],"is_beta":false,"boss_relics":[{"not_picked":["Sozu","FrozenCore"],"picked":"Busted Crown"}],"items_purged_floors":[3,14],"is_endless":false,"potions_floor_spawned":[1,5,8,12,18,20,28],"killed_by":"Champ","ascension_level":1}