{"gold_per_floor":[114,134,149,99,109,142,142,142,167,200,227,402,402,128,128,223,223,239,255,255,255,255,273,308,110,110,130,130],"floor_reached":28,"playtime":726,"items_purged":["Doubt","Normality"],"score":283,"play_id":"18ad527e-00fe-49f8-80ed-a3751841b8f9","local_time":"20180730182926","is_ascension_mode":true,"campfire_choices":[{"floor":8,"key":"REST"},{"floor":13,"key":"REST"},{"data":"Static Discharge","floor":15,"key":"SMITH"}],"neow_cost":"","seed_source_timestamp":171369776491654,"circlet_count":0,"master_deck":["Strike_B","Strike_B","Strike_B","Strike_B","Defend_B","Defend_B","Defend_B","Zap","Dualcast","Static Discharge","Sweeping Beam","Ball Lightning","Thunder Strike","Static Discharge+1","Seek","Tempest+1","Ball Lightning+1","Electrodynamics","Doubt","Capacitor"],"relics":["Cracked Core","Bag of Preparation","Dream Catcher","Oddly Smooth Stone","Juzu Bracelet","Vajra","Chemical X","Cursed Key","Molten Egg 2","Mango","Bottled Flame"],"potions_floor_usage":[10,16,16,24,27],"damage_taken":[{"damage":1,"enemies":"Cultist","floor":1,"turns":3},{"damage":7,"enemies":"2 Louse","floor":2,"turns":3},{"damage":5,"enemies":"Small Slimes","floor":3,"turns":2},{"damage":23,"enemies":"Exordium Thugs","floor":5,"turns":5},{"damage":8,"enemies":"Gremlin Nob","floor":6,"turns":3},{"damage":12,"enemies":"3 Sentries","floor":10,"turns":3},{"damage":9,"enemies":"Slime Boss","floor":16,"turns":6},{"damage":16,"enemies":"2 Thieves","floor":18,"turns":2},{"damage":6,"enemies":"3 Byrds","floor":19,"turns":2},{"damage":31,"enemies":"Centurion and Healer","floor":23,"turns":2},{"damage":14,"enemies":"Book of Stabbing","floor":24,"turns":2},{"damage":12,"enemies":"Snake Plant","floor":27,"turns":2},{"damage":12,"enemies":"Snecko","floor":28,"turns":2}],"seed_played":"8364983672133901464","potions_obtained":[{"floor":5,"key":"Explosive Potion"},{"floor":6,"key":"Weak Potion"},{"floor":10,"key":"Poison Potion"},{"floor":23,"key":"GamblersBrew"},{"floor":27,"key":"FearPotion"}],"is_trial":false,"path_per_floor":["M","M","M","?","M","E","?","R","T","E","T","?","R","$","R","B",null,"M","M","?","T","?","M","E","$","T","M"],"character_chosen":"DEFECT","items_purchased":["Chemical X","Fire Potion","PowerPotion"],"campfire_rested":2,"item_purchase_floors":[14,25,25],"current_hp_per_floor":[74,67,62,62,39,31,24,46,46,34,34,34,56,56,56,47,75,59,53,53,53,53,22,22,22,22,10,0],"gold":130,"neow_bonus":"","is_prod":false,"is_daily":false,"chose_seed":false,"campfire_upgraded":1,"win_rate":0,"timestamp":1532964566,"path_taken":["M","?","M","?","M","E","?","R","T","E","?","?","R","$","R","BOSS","M","M","?","?","?","M","E","?","T","M","M"],"build_version":"2018-07-26","purchased_purges":2,"victory":false,"max_hp_per_floor":[75,75,75,75,75,75,75,75,75,75,75,75,75,75,75,75,75,75,75,75,75,75,75,89,89,89,89,89],"card_choices":[{"not_picked":["Conserve Battery","Ball Lightning"],"picked":"Static Discharge","floor":1},{"not_picked":["Darkness","Beam Cell"],"picked":"Sweeping Beam","floor":2},{"not_picked":["Barrage","Go for the Eyes","Steam Power"],"picked":"SKIP","floor":3},{"not_picked":["Stack","Melter"],"picked":"Ball Lightning","floor":5},{"not_picked":["Ball Lightning","Consume"],"picked":"Thunder Strike","floor":6},{"not_picked":["Double Energy","Creative AI"],"picked":"Static Discharge","floor":10},{"not_picked":["All For One","Fission"],"picked":"Seek","floor":16},{"not_picked":["Ball Lightning+1","Reprogram"],"picked":"Tempest+1","floor":18},{"not_picked":["Steam","Conserve Battery"],"picked":"Ball Lightning+1","floor":19},{"not_picked":["Go for the Eyes+1","Reprogram+1","Cold Snap+1"],"picked":"SKIP","floor":23},{"not_picked":["Compile Driver+1","Blizzard+1"],"picked":"Electrodynamics","floor":24},{"not_picked":["Barrage+1","Sweeping Beam+1"],"picked":"Capacitor","floor":27}],"player_experience":319361,"relics_obtained":[{"floor":6,"key":"Bag of Preparation"},{"floor":9,"key":"Oddly Smooth Stone"},{"floor":10,"key":"Juzu Bracelet"},{"floor":11,"key":"Vajra"},{"floor":21,"key":"Molten Egg 2"},{"floor":24,"key":"Mango"},{"floor":26,"key":"Bottled Flame"}],"event_choices":[{"event_name":"The Cleric","player_choice":"Card Removal","floor":4,"damage_taken":0},{"event_name":"Scrap Ooze","player_choice":"success","floor":7,"damage_taken":7},{"event_name":"Liars Game","player_choice":"agreed","floor":12,"damage_taken":0},{"event_name":"Drug Dealer","player_choice":"Ignored","floor":20,"damage_taken":0},{"event_name":"Vampires","player_choice":"Ignored","floor":22,"damage_taken":0}],"is_beta":false,"boss_relics":[{"not_picked":["Lizard Tail","White Beast Statue"],"picked":"Cursed Key"}],"items_purged_floors":[14,25],"is_endless":false,"potions_floor_spawned":[5,6,10,23,27],"killed_by":"Snecko","ascension_level":3}