{"gold_per_floor":[115,135,135,154,329,362,362,362,362,362,382,400,400,475,475,475],"floor_reached":16,"playtime":402,"items_purged":[],"score":157,"play_id":"269c38cb-77ed-47ce-af63-892e8351b080","local_time":"20181126101721","is_ascension_mode":true,"campfire_choices":[{"floor":8,"key":"REST"},{"floor":13,"key":"REST"},{"floor":15,"key":"REST"}],"neow_cost":"NONE","seed_source_timestamp":10783524181900,"circlet_count":0,"master_deck":["AscendersBane","Strike_R","Strike_R","Strike_R","Strike_R+1","Strike_R","Defend_R","Defend_R","Defend_R+1","Defend_R","Bash","Shockwave+1","Thunderclap","Ghostly Armor","Doubt","Flex","Regret","Iron Wave","Disarm"],"relics":["Burning Blood","NeowsBlessing","WingedGreaves","Question Card","Mercury Hourglass","Odd Mushroom"],"potions_floor_usage":[6],"damage_taken":[{"damage":0,"enemies":"Cultist","floor":1,"turns":1},{"damage":0,"enemies":"Small Slimes","floor":2,"turns":1},{"damage":0,"enemies":"2 Louse","floor":4,"turns":1},{"damage":68,"enemies":"Lagavulin","floor":6,"turns":9},{"damage":24,"enemies":"The Mushroom Lair","floor":11,"turns":4},{"damage":5,"enemies":"2 Fungi Beasts","floor":12,"turns":4},{"damage":55,"enemies":"The Guardian","floor":16,"turns":9}],"seed_played":"6193034630825177939","potions_obtained":[{"floor":4,"key":"GamblersBrew"}],"is_trial":false,"path_per_floor":["M","M","?","M","?","E","?","R","T","?","?","M","R","?","R","B"],"character_chosen":"IRONCLAD","items_purchased":[],"campfire_rested":3,"item_purchase_floors":[],"current_hp_per_floor":[78,80,64,70,70,8,8,32,32,32,14,15,39,28,52,0],"gold":475,"neow_bonus":"THREE_ENEMY_KILL","is_prod":false,"is_daily":false,"chose_seed":false,"campfire_upgraded":0,"win_rate":0,"timestamp":1543220241,"path_taken":["M","M","?","M","?","E","?","R","T","?","?","?","R","?","R","BOSS"],"build_version":"2018-11-15","purchased_purges":0,"victory":false,"max_hp_per_floor":[80,80,80,80,80,80,80,80,80,80,80,80,80,80,80,80],"card_choices":[{"not_picked":["Clash","Ghostly Armor"],"picked":"Shockwave","floor":1},{"not_picked":["Perfected Strike","Sword Boomerang"],"picked":"Thunderclap","floor":2},{"not_picked":["Anger","Perfected Strike"],"picked":"Ghostly Armor","floor":4},{"not_picked":["Heavy Blade","Fire Breathing"],"picked":"Flex","floor":6},{"not_picked":["Wild Strike","Havoc","Perfected Strike"],"picked":"Iron Wave","floor":11},{"not_picked":["Fire Breathing","Combust","Pommel Strike"],"picked":"Disarm","floor":12}],"player_experience":462387,"relics_obtained":[{"floor":6,"key":"WingedGreaves"},{"floor":9,"key":"Mercury Hourglass"},{"floor":11,"key":"Odd Mushroom"}],"event_choices":[{"damage_healed":0,"gold_gain":0,"player_choice":"Entered Light","damage_taken":16,"max_hp_gain":0,"max_hp_loss":0,"event_name":"Shining Light","floor":3,"gold_loss":0,"cards_upgraded":["Strike_R","Defend_R"]},{"damage_healed":0,"gold_gain":175,"player_choice":"AGREE","damage_taken":0,"max_hp_gain":0,"max_hp_loss":0,"event_name":"Liars Game","floor":5,"gold_loss":0,"cards_obtained":["Doubt"]},{"damage_healed":0,"gold_gain":0,"player_choice":"Box","damage_taken":0,"relics_obtained":["Question Card"],"max_hp_gain":0,"max_hp_loss":0,"event_name":"Big Fish","floor":7,"gold_loss":0,"cards_obtained":["Regret"]},{"damage_healed":0,"gold_gain":0,"player_choice":"Grow","damage_taken":0,"max_hp_gain":0,"max_hp_loss":0,"event_name":"Living Wall","floor":10,"gold_loss":0,"cards_upgraded":["Shockwave"]},{"damage_healed":0,"gold_gain":0,"player_choice":"Fought Mushrooms","damage_taken":0,"max_hp_gain":0,"max_hp_loss":0,"event_name":"Mushrooms","floor":11,"gold_loss":0},{"damage_healed":0,"gold_gain":75,"player_choice":"Gather Gold","damage_taken":11,"max_hp_gain":0,"max_hp_loss":0,"event_name":"World of Goop","floor":14,"gold_loss":0}],"is_beta":false,"boss_relics":[],"items_purged_floors":[],"is_endless":false,"potions_floor_spawned":[4],"killed_by":"The Guardian","ascension_level":12}