{"gold_per_floor":[114,114,114,125,141,141,66,92,92,167,167,181,193,207,207,207],"floor_reached":16,"playtime":422,"items_purged":["Strike_R"],"score":102,"play_id":"dd608a12-c421-4454-be99-d5c28bc1832b","local_time":"20181123223528","is_ascension_mode":false,"campfire_choices":[{"data":"Whirlwind","floor":6,"key":"SMITH"},{"data":"Carnage","floor":11,"key":"SMITH"},{"floor":15,"key":"REST"}],"neow_cost":"NONE","seed_source_timestamp":53582836886600,"circlet_count":0,"master_deck":["Strike_R","Strike_R","Strike_R+1","Defend_R","Defend_R+1","Defend_R","Defend_R","Bash","Purity","Carnage+1","Whirlwind+1","Shrug It Off","Dropkick","Flame Barrier","Immolate"],"relics":["Burning Blood","Self Forming Clay","Blue Candle"],"potions_floor_usage":[12,14],"damage_taken":[{"damage":0,"enemies":"2 Louse","floor":1,"turns":3},{"damage":10,"enemies":"Small Slimes","floor":4,"turns":3},{"damage":1,"enemies":"Cultist","floor":5,"turns":3},{"damage":22,"enemies":"Gremlin Nob","floor":8,"turns":4},{"damage":0,"enemies":"Blue Slaver","floor":12,"turns":2},{"damage":3,"enemies":"Red Slaver","floor":13,"turns":4},{"damage":4,"enemies":"Exordium Thugs","floor":14,"turns":2},{"damage":76,"enemies":"Hexaghost","floor":16,"turns":9}],"seed_played":"6458304380481996957","potions_obtained":[{"floor":8,"key":"Block Potion"},{"floor":13,"key":"FearPotion"}],"is_trial":false,"path_per_floor":["M","?","?","M","M","R","$","E","T","?","R","M","M","M","R","B"],"character_chosen":"IRONCLAD","items_purchased":[],"campfire_rested":1,"item_purchase_floors":[],"current_hp_per_floor":[80,64,64,60,65,65,65,49,49,41,41,47,50,52,76,0],"gold":207,"neow_bonus":"RANDOM_COLORLESS","is_prod":false,"is_daily":false,"chose_seed":false,"campfire_upgraded":2,"win_rate":0,"timestamp":1543005328,"path_taken":["M","?","?","?","M","R","$","E","T","?","R","M","M","?","R","BOSS"],"build_version":"2018-11-15","purchased_purges":1,"victory":false,"max_hp_per_floor":[80,80,80,80,80,80,80,80,80,80,80,80,80,80,80,80],"card_choices":[{"not_picked":["Perfected Strike","Headbutt"],"picked":"Carnage","floor":1},{"not_picked":["Perfected Strike","Heavy Blade"],"picked":"Whirlwind","floor":4},{"not_picked":["Anger","Body Slam"],"picked":"Shrug It Off","floor":5},{"not_picked":["Headbutt","Corruption"],"picked":"Dropkick","floor":8},{"not_picked":["Blood for Blood","Body Slam","Iron Wave"],"picked":"SKIP","floor":12},{"not_picked":["Thunderclap","Heavy Blade"],"picked":"Flame Barrier","floor":13},{"not_picked":["Whirlwind","Reckless Charge"],"picked":"Immolate","floor":14}],"player_experience":459963,"relics_obtained":[{"floor":8,"key":"Self Forming Clay"},{"floor":9,"key":"Blue Candle"}],"event_choices":[{"damage_healed":0,"gold_gain":0,"player_choice":"Entered Light","damage_taken":16,"max_hp_gain":0,"max_hp_loss":0,"event_name":"Shining Light","floor":2,"gold_loss":0,"cards_upgraded":["Strike_R","Defend_R"]},{"cards_removed":["Strike_R"],"damage_healed":0,"gold_gain":0,"player_choice":"Purged","damage_taken":0,"max_hp_gain":0,"max_hp_loss":0,"event_name":"Purifier","floor":3,"gold_loss":0},{"damage_healed":0,"gold_gain":75,"player_choice":"Touch","damage_taken":8,"max_hp_gain":0,"max_hp_loss":0,"event_name":"FaceTrader","floor":10,"gold_loss":0}],"is_beta":false,"boss_relics":[],"items_purged_floors":[7],"is_endless":false,"potions_floor_spawned":[8,13],"killed_by":"Hexaghost","ascension_level":0}