{"gold_per_floor":[116,191,141,141,141,141,141,141,141,141,174,191,211,245,245,340,340,350,350,360,41,59,59,76,76,76,76,109,140,140,172,172,274,274,288,288,304,318,334,359,581,581,604,214,239,16,16,35,35,35],"floor_reached":50,"playtime":1741,"items_purged":["Regret","Defend_B","Strike_B+1"],"score":619,"play_id":"fcd6740d-6ea3-420a-ae09-ecfbfff3fe33","local_time":"20190628150356","is_ascension_mode":false,"campfire_choices":[{"data":"Zap","floor":6,"key":"SMITH"},{"data":"Ball Lightning","floor":8,"key":"SMITH"},{"data":"Dualcast","floor":10,"key":"SMITH"},{"floor":15,"key":"REST"},{"data":"Electrodynamics","floor":23,"key":"SMITH"},{"data":"Beam Cell","floor":25,"key":"SMITH"},{"data":"Hologram","floor":32,"key":"SMITH"},{"data":"Thunder Strike","floor":42,"key":"SMITH"},{"data":"Sweeping Beam","floor":49,"key":"SMITH"}],"neow_cost":"NONE","seed_source_timestamp":21435576579854,"circlet_count":0,"master_deck":["Strike_B+1","Defend_B+1","Defend_B+1","Defend_B+1","Zap+1","Dualcast+1","Ball Lightning+1","Self Repair","Go for the Eyes","Beam Cell+1","Go for the Eyes","Electrodynamics+1","Blizzard+1","Ball Lightning+1","Cold Snap","Necronomicurse","Hologram+1","Thunder Strike+1","Finesse","FTL","Sweeping Beam+1","Skim","Finesse","Sweeping Beam+1"],"relics":["Cracked Core","NeowsBlessing","Anchor","Gremlin Horn","Whetstone","Pantograph","Busted Crown","Regal Pillow","Kunai","War Paint","MutagenicStrength","Bag of Preparation","Red Mask","Necronomicon","Meat on the Bone","Philosopher\u0027s Stone","Potion Belt","Dream Catcher","Membership Card","Vajra","Sundial","Bag of Marbles","Question Card"],"potions_floor_usage":[14,16,31,40,50,50],"damage_taken":[{"damage":0,"enemies":"Jaw Worm","floor":1,"turns":1},{"damage":0,"enemies":"Gremlin Nob","floor":11,"turns":1},{"damage":0,"enemies":"Small Slimes","floor":12,"turns":1},{"damage":0,"enemies":"2 Louse","floor":13,"turns":2},{"damage":15,"enemies":"3 Sentries","floor":14,"turns":7},{"damage":25,"enemies":"Slime Boss","floor":16,"turns":7},{"damage":14,"enemies":"Shell Parasite","floor":18,"turns":6},{"damage":6,"enemies":"Spheric Guardian","floor":20,"turns":3},{"damage":2,"enemies":"Shelled Parasite and Fungi","floor":22,"turns":4},{"damage":13,"enemies":"Centurion and Healer","floor":24,"turns":6},{"damage":0,"enemies":"Slavers","floor":28,"turns":2},{"damage":0,"enemies":"Masked Bandits","floor":29,"turns":1},{"damage":1,"enemies":"Gremlin Leader","floor":31,"turns":5},{"damage":53,"enemies":"Champ","floor":33,"turns":13},{"damage":3,"enemies":"3 Shapes","floor":35,"turns":4},{"damage":0,"enemies":"Orb Walker","floor":37,"turns":2},{"damage":2,"enemies":"Maw","floor":38,"turns":7},{"damage":21,"enemies":"Transient","floor":39,"turns":5},{"damage":19,"enemies":"Nemesis","floor":40,"turns":7},{"damage":1,"enemies":"Giant Head","floor":45,"turns":5},{"damage":0,"enemies":"Jaw Worm Horde","floor":48,"turns":2},{"damage":83,"enemies":"Time Eater","floor":50,"turns":9}],"seed_played":"-7864933431208122683","potions_obtained":[{"floor":12,"key":"EssenceOfSteel"},{"floor":13,"key":"Poison Potion"},{"floor":16,"key":"Block Potion"},{"floor":18,"key":"SteroidPotion"},{"floor":20,"key":"Ancient Potion"},{"floor":29,"key":"Regen Potion"},{"floor":35,"key":"GamblersBrew"},{"floor":40,"key":"Dexterity Potion"},{"floor":45,"key":"Energy Potion"}],"is_trial":false,"path_per_floor":["M","?","?","?","?","R","?","R","T","R","E","M","M","E","R","B",null,"M","?","M","$","M","R","M","R","T","?","E","?","?","E","R","B",null,"M","?","M","M","M","E","?","R","T","$","E","$","T","M","R","B"],"character_chosen":"DEFECT","items_purchased":["Kunai","Membership Card","FTL","Sweeping Beam","Vajra","Skim","Finesse","Bag of Marbles"],"campfire_rested":1,"item_purchase_floors":[21,44,44,44,44,46,46,46],"current_hp_per_floor":[75,64,64,64,49,49,42,42,42,42,42,42,49,34,56,57,75,68,68,69,69,74,74,68,68,68,68,68,75,59,65,65,41,75,75,75,75,75,61,63,63,63,63,63,69,69,69,75,75,0],"gold":35,"neow_bonus":"THREE_ENEMY_KILL","is_prod":false,"is_daily":false,"chose_seed":false,"campfire_upgraded":8,"win_rate":0.0,"timestamp":1561727036,"path_taken":["M","?","?","?","?","R","?","R","T","R","E","M","?","E","R","BOSS","M","?","M","$","M","R","M","R","T","?","E","?","?","E","R","BOSS","M","?","?","M","M","E","?","R","T","?","E","$","?","M","R","BOSS"],"build_version":"2019-01-23","purchased_purges":3,"victory":false,"max_hp_per_floor":[75,75,75,75,75,75,75,75,75,75,75,75,75,75,75,75,75,75,75,75,75,75,75,75,75,75,75,75,75,75,75,75,75,75,75,75,75,75,75,75,75,75,75,75,75,75,75,75,75,75],"card_choices":[{"not_picked":["Rebound","Undo"],"picked":"Ball Lightning","floor":1},{"not_picked":["Doom and Gloom","Turbo"],"picked":"Self Repair","floor":11},{"not_picked":["Barrage","Rainbow"],"picked":"Go for the Eyes","floor":12},{"not_picked":["Reprogram","Leap"],"picked":"Beam Cell","floor":13},{"not_picked":["Heatsinks","Creative AI"],"picked":"Go for the Eyes","floor":14},{"not_picked":["Seek","Biased Cognition"],"picked":"Electrodynamics","floor":16},{"not_picked":["Redo"],"picked":"SKIP","floor":18},{"not_picked":["Redo"],"picked":"SKIP","floor":20},{"not_picked":[],"picked":"Blizzard+1","floor":22},{"not_picked":[],"picked":"Ball Lightning+1","floor":24},{"not_picked":[],"picked":"Cold Snap","floor":28},{"not_picked":[],"picked":"Hologram","floor":31},{"not_picked":[],"picked":"Thunder Strike","floor":33},{"not_picked":["Stack"],"picked":"SKIP","floor":35},{"not_picked":["Beam Cell"],"picked":"SKIP","floor":37},{"not_picked":["Streamline+1"],"picked":"SKIP","floor":38},{"not_picked":["Barrage+1"],"picked":"SKIP","floor":39},{"not_picked":["Blizzard"],"picked":"SKIP","floor":40},{"not_picked":["Stack"],"picked":"SKIP","floor":45},{"not_picked":["Stack"],"picked":"Sweeping Beam+1","floor":48}],"player_experience":7611,"relics_obtained":[{"floor":9,"key":"Gremlin Horn"},{"floor":11,"key":"Whetstone"},{"floor":14,"key":"Pantograph"},{"floor":26,"key":"War Paint"},{"floor":28,"key":"Bag of Preparation"},{"floor":29,"key":"Red Mask"},{"floor":30,"key":"Necronomicon"},{"floor":31,"key":"Meat on the Bone"},{"floor":40,"key":"Potion Belt"},{"floor":43,"key":"Dream Catcher"},{"floor":45,"key":"Sundial"},{"floor":47,"key":"Question Card"}],"event_choices":[{"damage_healed":0,"gold_gain":75,"player_choice":"Gather Gold","damage_taken":11,"max_hp_gain":0,"max_hp_loss":0,"event_name":"World of Goop","floor":2,"gold_loss":0},{"cards_removed":["Strike_B"],"damage_healed":0,"gold_gain":0,"player_choice":"Card Removal","damage_taken":0,"max_hp_gain":0,"max_hp_loss":0,"event_name":"The Cleric","floor":3,"gold_loss":50},{"damage_healed":0,"gold_gain":0,"player_choice":"Box","damage_taken":0,"relics_obtained":["Anchor"],"max_hp_gain":0,"max_hp_loss":0,"event_name":"Big Fish","floor":4,"gold_loss":0,"cards_obtained":["Regret"]},{"damage_healed":0,"gold_gain":0,"player_choice":"Entered Light","damage_taken":15,"max_hp_gain":0,"max_hp_loss":0,"event_name":"Shining Light","floor":5,"gold_loss":0,"cards_upgraded":["Defend_B","Strike_B"]},{"cards_removed":["Strike_B"],"damage_healed":0,"gold_gain":0,"player_choice":"Card Removal","damage_taken":7,"max_hp_gain":0,"max_hp_loss":0,"event_name":"Golden Wing","floor":7,"gold_loss":0},{"damage_healed":0,"gold_gain":0,"player_choice":"Opened","damage_taken":0,"relics_obtained":["Regal Pillow"],"max_hp_gain":0,"max_hp_loss":0,"event_name":"The Mausoleum","floor":19,"gold_loss":0},{"damage_healed":0,"gold_gain":0,"player_choice":"Inject Mutagens","damage_taken":0,"relics_obtained":["MutagenicStrength"],"max_hp_gain":0,"max_hp_loss":0,"event_name":"Drug Dealer","floor":27,"gold_loss":0},{"damage_healed":0,"gold_gain":0,"player_choice":"Fought Bandits","damage_taken":0,"max_hp_gain":0,"max_hp_loss":0,"event_name":"Masked Bandits","floor":29,"gold_loss":0},{"damage_healed":0,"gold_gain":0,"player_choice":"Obtained Book","damage_taken":16,"max_hp_gain":0,"max_hp_loss":0,"event_name":"Cursed Tome","floor":30,"gold_loss":0},{"damage_healed":0,"gold_gain":0,"player_choice":"1 cards matched","damage_taken":0,"max_hp_gain":0,"max_hp_loss":0,"event_name":"Match and Keep!","floor":36,"gold_loss":0,"cards_obtained":["Finesse"]},{"damage_healed":0,"gold_gain":222,"player_choice":"Wore Mask","damage_taken":0,"max_hp_gain":0,"max_hp_loss":0,"event_name":"Tomb of Lord Red Mask","floor":41,"gold_loss":0}],"is_beta":false,"boss_relics":[{"not_picked":["Velvet Choker","Eternal Feather"],"picked":"Busted Crown"},{"not_picked":["Black Star","Tiny House"],"picked":"Philosopher\u0027s Stone"}],"items_purged_floors":[21,44,46],"is_endless":false,"potions_floor_spawned":[12,13,16,18,20,22,29,35,40,45],"killed_by":"Time Eater","ascension_level":0}