{"gold_per_floor":[116,130,130,142,142,142,175,188,211,223,241,241],"floor_reached":12,"playtime":365,"items_purged":[],"score":119,"play_id":"e9e9c228-86e4-4317-8841-e7ab6bca3c95","local_time":"20180924202444","is_ascension_mode":true,"campfire_choices":[{"data":"Intimidate","floor":6,"key":"SMITH"}],"neow_cost":"","seed_source_timestamp":299203951339511,"circlet_count":0,"master_deck":["Strike_R","Strike_R","Strike_R","Strike_R+1","Defend_R","Defend_R","Defend_R","Defend_R","Bash+1","Intimidate+1","Spot Weakness","Shockwave"],"relics":["Burning Blood","Bronze Scales","Ancient Tea Set","Whetstone"],"potions_floor_usage":[7,8,11,12],"damage_taken":[{"damage":6,"enemies":"Small Slimes","floor":1,"turns":4},{"damage":3,"enemies":"2 Louse","floor":2,"turns":3},{"damage":11,"enemies":"Jaw Worm","floor":4,"turns":6},{"damage":47,"enemies":"Gremlin Nob","floor":7,"turns":4},{"damage":1,"enemies":"Red Slaver","floor":8,"turns":4},{"damage":5,"enemies":"Blue Slaver","floor":10,"turns":3},{"damage":15,"enemies":"Exordium Wildlife","floor":11,"turns":4},{"damage":19,"enemies":"3 Sentries","floor":12,"turns":2}],"seed_played":"-8687577256918317605","potions_obtained":[{"floor":2,"key":"Swift Potion"},{"floor":7,"key":"Block Potion"},{"floor":8,"key":"Explosive Potion"},{"floor":11,"key":"Swift Potion"}],"is_trial":false,"path_per_floor":["M","M","?","M","?","R","E","M","T","M","M"],"character_chosen":"IRONCLAD","items_purchased":[],"campfire_rested":0,"item_purchase_floors":[],"current_hp_per_floor":[72,75,68,63,63,63,22,27,27,28,19,0],"gold":241,"neow_bonus":"","is_prod":false,"is_daily":false,"chose_seed":false,"campfire_upgraded":1,"win_rate":0,"timestamp":1537809884,"path_taken":["M","M","?","M","?","R","E","?","T","M","?","E"],"build_version":"2018-09-20","purchased_purges":0,"victory":false,"max_hp_per_floor":[80,80,80,80,80,80,80,80,80,80,80,80],"card_choices":[{"not_picked":["True Grit","Ghostly Armor","Twin Strike"],"picked":"SKIP","floor":1},{"not_picked":["Wild Strike","Havoc"],"picked":"Intimidate","floor":2},{"not_picked":["Burning Pact","Wild Strike","Clothesline"],"picked":"SKIP","floor":4},{"not_picked":["Clothesline","Reckless Charge","Perfected Strike"],"picked":"SKIP","floor":7},{"not_picked":["Cleave","Heavy Blade"],"picked":"Spot Weakness","floor":8},{"not_picked":["Cleave","Ghostly Armor"],"picked":"Shockwave","floor":10},{"not_picked":["Heavy Blade","Flame Barrier","Clothesline"],"picked":"SKIP","floor":11}],"player_experience":378265,"relics_obtained":[{"floor":7,"key":"Ancient Tea Set"},{"floor":9,"key":"Whetstone"}],"event_choices":[{"event_name":"Scrap Ooze","player_choice":"success","floor":3,"damage_taken":7},{"event_name":"Purifier","player_choice":"One Purge","floor":5,"damage_taken":0}],"is_beta":false,"boss_relics":[],"items_purged_floors":[],"is_endless":false,"potions_floor_spawned":[2,7,8,11],"killed_by":"3 Sentries","ascension_level":9}