{"gold_per_floor":[116,131,131,2,27,27,71,71,71,106,71,71,13,38,38,163,163,177,200,200,200,79,79,79,112,180,180,192,207,207,306,306,407,407,422,440,52,52,107,107,126,126,126,144,155,155,155,183,183,183],"floor_reached":50,"playtime":3122,"items_purged":["Strike_B","Strike_B","Defend_B"],"score":496,"play_id":"01986e4f-4a29-4d5b-8bd3-20da96f99aa3","local_time":"20190921010808","is_ascension_mode":false,"campfire_choices":[{"data":"Sweeping Beam","floor":6,"key":"SMITH"},{"data":"Cold Snap","floor":8,"key":"SMITH"},{"floor":15,"key":"REST"},{"data":"Machine Learning","floor":23,"key":"SMITH"},{"data":"Conserve Battery","floor":27,"key":"SMITH"},{"data":"Doom and Gloom","floor":30,"key":"SMITH"},{"floor":32,"key":"REST"},{"data":"Beam Cell","floor":40,"key":"SMITH"},{"data":"Cold Snap","floor":42,"key":"SMITH"},{"data":"Static Discharge","floor":47,"key":"SMITH"},{"floor":49,"key":"REST"}],"neow_cost":"NONE","seed_source_timestamp":788876775354800,"circlet_count":0,"master_deck":["Strike_B","Defend_B","Zap+1","Dualcast","Sweeping Beam+1","Static Discharge+1","Beam Cell+1","Cold Snap+1","FTL","Self Repair","Conserve Battery+1","Machine Learning+1","Go for the Eyes","Doom and Gloom+1","Cold Snap+1","Chill+1","Steam+1","Machine Learning+1","Redo+1","Parasite"],"relics":["Cracked Core","Bloody Idol","The Courier","Pear","Shuriken","Empty Cage","Happy Flower","Meat on the Bone","Busted Crown","DollysMirror","Oddly Smooth Stone","Ice Cream","Blood Vial","Anchor"],"potions_floor_usage":[16,29,50,50],"damage_taken":[{"damage":1,"enemies":"Cultist","floor":1,"turns":3},{"damage":0,"enemies":"Small Slimes","floor":2,"turns":3},{"damage":0,"enemies":"2 Louse","floor":5,"turns":3},{"damage":17,"enemies":"3 Sentries","floor":7,"turns":4},{"damage":27,"enemies":"Lagavulin","floor":10,"turns":6},{"damage":9,"enemies":"Large Slime","floor":14,"turns":4},{"damage":41,"enemies":"The Guardian","floor":16,"turns":10},{"damage":19,"enemies":"2 Thieves","floor":18,"turns":4},{"damage":6,"enemies":"Shell Parasite","floor":19,"turns":6},{"damage":47,"enemies":"Book of Stabbing","floor":25,"turns":5},{"damage":19,"enemies":"Snake Plant","floor":28,"turns":6},{"damage":12,"enemies":"Sentry and Sphere","floor":29,"turns":4},{"damage":60,"enemies":"Automaton","floor":33,"turns":11},{"damage":11,"enemies":"Orb Walker","floor":35,"turns":4},{"damage":6,"enemies":"3 Darklings","floor":36,"turns":5},{"damage":34,"enemies":"2 Orb Walkers","floor":39,"turns":4},{"damage":5,"enemies":"Transient","floor":41,"turns":5},{"damage":14,"enemies":"Sphere and 2 Shapes","floor":44,"turns":4},{"damage":0,"enemies":"Writhing Mass","floor":45,"turns":6},{"damage":52,"enemies":"Nemesis","floor":48,"turns":6},{"damage":82,"enemies":"Time Eater","floor":50,"turns":8}],"seed_played":"822775413780055790","potions_obtained":[{"floor":1,"key":"Energy Potion"},{"floor":5,"key":"Strength Potion"},{"floor":10,"key":"FearPotion"},{"floor":18,"key":"Explosive Potion"},{"floor":28,"key":"Fruit Juice"},{"floor":33,"key":"Energy Potion"}],"is_trial":false,"path_per_floor":["M","M","?","$","M","R","E","R","T","E","?","?","$","M","R","B",null,"M","M","?","?","$","R","$","E","T","R","M","M","R","?","R","B",null,"M","M","$","?","?","R","M","R","T","M","M","?","R","E","R","B"],"character_chosen":"DEFECT","items_purchased":["Beam Cell","Self Repair","Cold Snap","DollysMirror","Oddly Smooth Stone"],"campfire_rested":3,"item_purchase_floors":[4,13,22,37,37],"current_hp_per_floor":[74,74,69,69,69,69,52,52,62,35,54,54,54,45,68,27,79,67,68,68,68,68,68,68,26,31,31,36,53,53,58,83,47,84,84,84,84,84,55,55,62,62,62,62,76,76,76,50,75,0],"gold":183,"neow_bonus":"THREE_CARDS","is_prod":false,"is_daily":false,"chose_seed":false,"campfire_upgraded":8,"win_rate":0.0,"timestamp":1569042488,"path_taken":["M","?","?","$","M","R","E","R","T","E","?","?","$","M","R","BOSS","M","M","?","?","$","R","?","E","T","R","M","?","R","?","R","BOSS","M","M","$","?","?","R","M","R","T","M","?","?","R","E","R","BOSS"],"build_version":"2019-07-17","purchased_purges":3,"victory":false,"max_hp_per_floor":[75,75,69,69,69,69,69,69,79,79,79,79,79,79,79,79,79,79,79,79,79,79,79,79,79,79,79,79,84,84,84,84,84,84,84,84,84,84,84,84,84,84,84,84,84,84,84,84,84,84],"card_choices":[{"not_picked":["Coolheaded","Barrage"],"picked":"Sweeping Beam","floor":0},{"not_picked":["Streamline","Go for the Eyes"],"picked":"Static Discharge","floor":1},{"not_picked":["Reprogram","Go for the Eyes","Barrage"],"picked":"SKIP","floor":2},{"not_picked":["Hologram","Go for the Eyes"],"picked":"Cold Snap","floor":5},{"not_picked":["Cold Snap","Glacier","Stack"],"picked":"SKIP","floor":7},{"not_picked":["Reinforced Body","Coolheaded"],"picked":"FTL","floor":10},{"not_picked":["Consume","Compile Driver"],"picked":"Conserve Battery","floor":14},{"not_picked":["Seek","Amplify"],"picked":"Machine Learning","floor":16},{"not_picked":["Lockon","Barrage"],"picked":"Go for the Eyes","floor":18},{"not_picked":["Defragment","Loop+1"],"picked":"Doom and Gloom","floor":19},{"not_picked":["Force Field+1","Ball Lightning"],"picked":"Chill+1","floor":25},{"not_picked":["Melter+1","Leap"],"picked":"Steam+1","floor":28},{"not_picked":["Tempest","Steam Power","Hologram"],"picked":"SKIP","floor":29},{"not_picked":["Darkness"],"picked":"SKIP","floor":35},{"not_picked":["Stack"],"picked":"SKIP","floor":36},{"not_picked":[],"picked":"Redo+1","floor":41},{"not_picked":["Static Discharge+1"],"picked":"SKIP","floor":44},{"not_picked":["Cold Snap+1"],"picked":"SKIP","floor":45},{"not_picked":["Stack+1"],"picked":"SKIP","floor":48}],"player_experience":224926,"relics_obtained":[{"floor":7,"key":"The Courier"},{"floor":9,"key":"Pear"},{"floor":10,"key":"Shuriken"},{"floor":25,"key":"Happy Flower"},{"floor":26,"key":"Meat on the Bone"},{"floor":39,"key":"Ice Cream"},{"floor":43,"key":"Blood Vial"},{"floor":48,"key":"Anchor"}],"event_choices":[{"damage_healed":0,"gold_gain":0,"player_choice":"Lose Max HP","damage_taken":0,"relics_obtained":["Golden Idol"],"max_hp_gain":0,"max_hp_loss":6,"event_name":"Golden Idol","floor":3,"gold_loss":0},{"damage_healed":19,"gold_gain":0,"player_choice":"Healed","damage_taken":0,"max_hp_gain":0,"max_hp_loss":0,"event_name":"The Cleric","floor":11,"gold_loss":35},{"damage_healed":0,"gold_gain":0,"player_choice":"Ignored","damage_taken":0,"max_hp_gain":0,"max_hp_loss":0,"event_name":"Liars Game","floor":12,"gold_loss":0},{"damage_healed":0,"gold_gain":0,"player_choice":"Gave Idol","damage_taken":0,"relics_obtained":["Bloody Idol"],"max_hp_gain":0,"max_hp_loss":0,"event_name":"Forgotten Altar","floor":20,"relics_lost":["Golden Idol"],"gold_loss":0},{"damage_healed":0,"gold_gain":0,"player_choice":"Ignored","damage_taken":0,"max_hp_gain":0,"max_hp_loss":0,"event_name":"Vampires","floor":21,"gold_loss":0},{"damage_healed":0,"gold_gain":99,"player_choice":"Stole From Cult","damage_taken":0,"max_hp_gain":0,"max_hp_loss":0,"event_name":"Nest","floor":31,"gold_loss":0},{"cards_removed":["Defend_B"],"damage_healed":0,"gold_gain":0,"player_choice":"Removed Skill","damage_taken":0,"max_hp_gain":0,"max_hp_loss":0,"event_name":"Falling","floor":38,"gold_loss":0},{"damage_healed":0,"gold_gain":0,"player_choice":"Fight","damage_taken":0,"max_hp_gain":0,"max_hp_loss":0,"event_name":"Mysterious Sphere","floor":39,"gold_loss":0},{"damage_healed":0,"gold_gain":0,"player_choice":"Upgraded","damage_taken":0,"max_hp_gain":0,"max_hp_loss":0,"event_name":"Upgrade Shrine","floor":46,"gold_loss":0,"cards_upgraded":["Zap"]}],"is_beta":false,"boss_relics":[{"not_picked":["Inserter","Runic Dome"],"picked":"Empty Cage"},{"not_picked":["White Beast Statue","Velvet Choker"],"picked":"Busted Crown"}],"items_purged_floors":[4,22,37],"is_endless":false,"potions_floor_spawned":[1,5,10,18,28,33,36,41],"killed_by":"Time Eater","ascension_level":0}