{"gold_per_floor":[109,12,29,29,44,44,77,77,77,89,108,108,108,143,143,238,238,254,270,270,18,18,52,52,52,52,68,68,84,84,94,94,191,191,210,210,229,241,292,292,21,32,57,69,69,69,69,103,103,103],"floor_reached":51,"playtime":3985,"items_purged":["Strike_R","Strike_R","Regret"],"score":721,"play_id":"26a61924-4210-417e-be77-f1f4da777bb9","local_time":"20190915225432","is_ascension_mode":true,"campfire_choices":[{"data":"Thunderclap","floor":6.0,"key":"SMITH"},{"data":"Iron Wave","floor":8.0,"key":"SMITH"},{"data":"Bloodletting","floor":12.0,"key":"SMITH"},{"floor":15.0,"key":"REST"},{"data":"Rampage","floor":25.0,"key":"SMITH"},{"floor":28.0,"key":"REST"},{"floor":30.0,"key":"REST"},{"floor":32.0,"key":"REST"},{"floor":40,"key":"REST"},{"data":"Shrug It Off","floor":45,"key":"SMITH"},{"floor":47,"key":"REST"},{"floor":49,"key":"REST"}],"neow_cost":"TEN_PERCENT_HP_LOSS","seed_source_timestamp":0,"circlet_count":0,"master_deck":["Defend_R","Defend_R","Bash","Pommel Strike","Double Tap","Corruption","Iron Wave+1","Thunderclap+1","Reaper","Bloodletting+1","Shrug It Off+1","Limit Break","Shrug It Off","Rampage+1","Seeing Red","Exhume","Decay","Doubt","Shrug It Off+1","Feel No Pain+1","Parasite","Feel No Pain+1"],"special_seed":0,"relics":["Burning Blood","Singing Bowl","Bag of Preparation","Du-Vu Doll","Black Star","Red Skull","Boot","Charon\u0027s Ashes","FossilizedHelix","Anchor","Calling Bell","Blood Vial","Self Forming Clay","Champion Belt","Unceasing Top","PreservedInsect","Lantern","Ornamental Fan","Juzu Bracelet"],"potions_floor_usage":[42,44,50,50],"damage_taken":[{"damage":1.0,"enemies":"Cultist","floor":1.0,"turns":3.0},{"damage":0.0,"enemies":"2 Louse","floor":3.0,"turns":4.0},{"damage":4.0,"enemies":"Jaw Worm","floor":5.0,"turns":4.0},{"damage":31.0,"enemies":"3 Sentries","floor":7.0,"turns":6.0},{"damage":22.0,"enemies":"Exordium Thugs","floor":10.0,"turns":4.0},{"damage":16.0,"enemies":"Large Slime","floor":11.0,"turns":5.0},{"damage":24.0,"enemies":"Gremlin Nob","floor":14.0,"turns":5.0},{"damage":57.0,"enemies":"The Guardian","floor":16.0,"turns":15.0},{"damage":24.0,"enemies":"2 Thieves","floor":18.0,"turns":4.0},{"damage":31.0,"enemies":"Shell Parasite","floor":19.0,"turns":5.0},{"damage":36.0,"enemies":"Gremlin Leader","floor":23.0,"turns":8.0},{"damage":33.0,"enemies":"Sentry and Sphere","floor":27.0,"turns":7.0},{"damage":11.0,"enemies":"Cultist and Chosen","floor":29.0,"turns":6.0},{"damage":40.0,"enemies":"Chosen and Byrds","floor":31.0,"turns":8.0},{"damage":85.0,"enemies":"Champ","floor":33.0,"turns":17.0},{"damage":27.0,"enemies":"Orb Walker","floor":35.0,"turns":4.0},{"damage":8.0,"enemies":"3 Shapes","floor":37.0,"turns":3.0},{"damage":18.0,"enemies":"3 Darklings","floor":38.0,"turns":6.0},{"damage":98,"enemies":"2 Orb Walkers","floor":39,"turns":7},{"damage":22,"enemies":"Spire Growth","floor":42,"turns":6},{"damage":25,"enemies":"Writhing Mass","floor":44,"turns":7},{"damage":63,"enemies":"Reptomancer","floor":48,"turns":8},{"damage":83,"enemies":"Donu and Deca","floor":50,"turns":10}],"seed_played":"-6295491464252849502","potions_obtained":[{"floor":1.0,"key":"Dexterity Potion"},{"floor":7.0,"key":"Block Potion"},{"floor":19.0,"key":"Fire Potion"},{"floor":29.0,"key":"Strength Potion"},{"floor":31.0,"key":"FearPotion"},{"floor":33.0,"key":"Ancient Potion"},{"floor":42,"key":"EssenceOfSteel"}],"is_trial":false,"path_per_floor":["M","$","M","?","M","R","E","R","T","M","M","R","?","E","R","B",null,"M","M","?","$","$","E","?","R","T","M","R","M","R","M","R","B",null,"M","?","M","M","?","R","$","M","T","M","R","$","R","E","R","B",null],"character_chosen":"IRONCLAD","items_purchased":["Iron Wave","Rampage","Seeing Red","PreservedInsect"],"campfire_rested":7,"item_purchase_floors":[2,21,21,41],"current_hp_per_floor":[72,72,72,72,72,72,47,47,47,39,49,49,49,43,65,17,74,70,51,51,51,51,37,37,37,37,12,35,51,75,55,79,7,82,61,61,82,84,26,51,51,39,39,49,49,49,75,48,75,39],"gold":103,"neow_bonus":"TRANSFORM_TWO_CARDS","is_prod":false,"is_daily":false,"chose_seed":false,"campfire_upgraded":5,"win_rate":0,"timestamp":1568602472,"path_taken":["M","$","M","?","?","R","E","R","T","M","M","R","?","E","R","BOSS","M","M","?","?","$","E","?","R","T","?","R","M","R","M","R","BOSS","M","?","M","M","?","R","$","M","T","M","R","$","R","E","R","BOSS"],"build_version":"2019-07-17","purchased_purges":3,"victory":true,"max_hp_per_floor":[72,72,72,72,72,72,72,72,72,72,74,74,74,74,74,74,74,76,76,76,76,76,76,76,76,76,78,78,80,80,82,82,82,82,82,82,84,84,86,86,86,88,88,88,88,88,88,90,90,90],"card_choices":[{"not_picked":["Twin Strike","Pommel Strike"],"picked":"Corruption","floor":1.0},{"not_picked":["Anger","Rupture"],"picked":"Thunderclap","floor":3.0},{"not_picked":["Twin Strike","Shockwave","Perfected Strike"],"picked":"SKIP","floor":5.0},{"not_picked":["Disarm","Wild Strike"],"picked":"Reaper","floor":7.0},{"not_picked":["Inflame","Havoc"],"picked":"Bloodletting","floor":10.0},{"not_picked":["Body Slam","Rage","Flex"],"picked":"Singing Bowl","floor":11.0},{"not_picked":["Corruption","Fire Breathing"],"picked":"Shrug It Off","floor":14.0},{"not_picked":["Double Tap","Juggernaut"],"picked":"Limit Break","floor":16.0},{"not_picked":["Uppercut","Cleave","Reckless Charge+1"],"picked":"Singing Bowl","floor":18.0},{"not_picked":["True Grit","Ghostly Armor+1"],"picked":"Shrug It Off","floor":19.0},{"not_picked":["Iron Wave","Body Slam","Intimidate"],"picked":"SKIP","floor":23.0},{"not_picked":["Rupture","Iron Wave","Pummel+1"],"picked":"Singing Bowl","floor":27.0},{"not_picked":["Uppercut","Flex","Heavy Blade"],"picked":"Singing Bowl","floor":29.0},{"not_picked":["Sword Boomerang","True Grit","Headbutt"],"picked":"Singing Bowl","floor":31.0},{"not_picked":["Limit Break","Barricade"],"picked":"Exhume","floor":33.0},{"not_picked":["Iron Wave+1","Twin Strike+1"],"picked":"Shrug It Off+1","floor":35.0},{"not_picked":["Thunderclap+1","Body Slam","Clothesline"],"picked":"Singing Bowl","floor":37.0},{"not_picked":["Searing Blow+1","Warcry"],"picked":"Feel No Pain+1","floor":38},{"not_picked":["Feel No Pain+1","Armaments+1","Exhume"],"picked":"Singing Bowl","floor":39},{"not_picked":["Headbutt","Perfected Strike","Clash"],"picked":"Singing Bowl","floor":42},{"not_picked":["Pommel Strike+1","Flex+1"],"picked":"Feel No Pain+1","floor":44},{"not_picked":["Iron Wave","Sword Boomerang+1","Thunderclap+1"],"picked":"Singing Bowl","floor":48}],"player_experience":190998,"relics_obtained":[{"floor":7.0,"key":"Singing Bowl"},{"floor":9.0,"key":"Bag of Preparation"},{"floor":14.0,"key":"Du-Vu Doll"},{"floor":20.0,"key":"Red Skull"},{"floor":23.0,"key":"Boot"},{"floor":23.0,"key":"Charon\u0027s Ashes"},{"floor":26.0,"key":"Anchor"},{"floor":34.0,"key":"Blood Vial"},{"floor":34.0,"key":"Self Forming Clay"},{"floor":34.0,"key":"Champion Belt"},{"floor":39,"key":"Unceasing Top"},{"floor":43,"key":"Lantern"},{"floor":48,"key":"Ornamental Fan"},{"floor":48,"key":"Juzu Bracelet"}],"event_choices":[{"cards_removed":["Defend_R"],"damage_healed":0.0,"max_hp_gain":0.0,"max_hp_loss":0.0,"gold_gain":0.0,"event_name":"Wheel of Change","player_choice":"Card Removal","floor":4.0,"gold_loss":0.0,"damage_taken":0.0},{"cards_removed":["Strike_R"],"damage_healed":0.0,"max_hp_gain":0.0,"max_hp_loss":0.0,"gold_gain":0.0,"event_name":"Purifier","player_choice":"Purged","floor":13.0,"gold_loss":0.0,"damage_taken":0.0},{"damage_healed":0.0,"max_hp_gain":0.0,"max_hp_loss":0.0,"gold_gain":0.0,"event_name":"Wheel of Change","player_choice":"Relic","floor":20.0,"gold_loss":0.0,"damage_taken":0.0},{"damage_healed":0.0,"max_hp_gain":0.0,"max_hp_loss":0.0,"gold_gain":0.0,"event_name":"The Mausoleum","player_choice":"Opened","floor":24.0,"gold_loss":0.0,"damage_taken":0.0,"relics_obtained":["FossilizedHelix"]},{"cards_removed":["Defend_R"],"damage_healed":0.0,"max_hp_gain":0.0,"max_hp_loss":0.0,"gold_gain":0.0,"event_name":"Falling","player_choice":"Removed Skill","floor":36.0,"gold_loss":0.0,"damage_taken":0.0},{"damage_healed":0,"gold_gain":0,"player_choice":"Fight","damage_taken":0,"max_hp_gain":0,"max_hp_loss":0,"event_name":"Mysterious Sphere","floor":39,"gold_loss":0}],"is_beta":false,"boss_relics":[{"not_picked":["Orrery","Pandora\u0027s Box"],"picked":"Black Star"},{"not_picked":["Empty Cage","Lizard Tail"],"picked":"Calling Bell"}],"items_purged_floors":[2,21,41],"is_endless":false,"potions_floor_spawned":[1,7,19,29,31,33,38,42],"ascension_level":2}