{"gold_per_floor":[117,42,53,53,70,103,53,53,53,69,83,113,125,137,137,137],"floor_reached":16,"playtime":1640,"items_purged":["Defend_G"],"score":131,"play_id":"187e5f92-13c6-43d3-ae6b-1701cf10670e","local_time":"20190913190829","is_ascension_mode":true,"campfire_choices":[{"floor":8.0,"key":"REST"},{"floor":15,"key":"REST"}],"neow_cost":"NONE","seed_source_timestamp":0,"circlet_count":0,"master_deck":["Strike_G","Strike_G","Strike_G","Strike_G+1","Defend_G","Defend_G","Defend_G","Defend_G","Survivor","Neutralize+1","Backflip","Backflip","Leg Sweep","Footwork","Setup","Terror"],"special_seed":0,"relics":["Ring of the Snake","Thread and Needle","Matryoshka","Orichalcum"],"potions_floor_usage":[16,16],"damage_taken":[{"damage":0.0,"enemies":"Cultist","floor":1.0,"turns":3.0},{"damage":0.0,"enemies":"Jaw Worm","floor":3.0,"turns":7.0},{"damage":0.0,"enemies":"2 Louse","floor":5.0,"turns":3.0},{"damage":30.0,"enemies":"Lagavulin","floor":6.0,"turns":9.0},{"damage":8.0,"enemies":"Exordium Thugs","floor":10.0,"turns":11.0},{"damage":0.0,"enemies":"Blue Slaver","floor":11.0,"turns":5.0},{"damage":9.0,"enemies":"3 Sentries","floor":12.0,"turns":17.0},{"damage":3.0,"enemies":"Large Slime","floor":13.0,"turns":13.0},{"damage":0,"enemies":"Red Slaver","floor":14,"turns":4},{"damage":63,"enemies":"Hexaghost","floor":16,"turns":23}],"seed_played":"-7780514907329375355","potions_obtained":[{"floor":1.0,"key":"SpeedPotion"},{"floor":3.0,"key":"PowerPotion"},{"floor":6.0,"key":"FearPotion"},{"floor":11.0,"key":"SteroidPotion"},{"floor":14,"key":"Swift Potion"}],"is_trial":false,"path_per_floor":["M","$","M","?","M","E","?","R","T","M","M","E","M","M","R","B"],"character_chosen":"THE_SILENT","items_purchased":[],"campfire_rested":2,"item_purchase_floors":[],"current_hp_per_floor":[77,77,77,62,62,32,32,55,55,47,47,38,35,35,58,0],"gold":137,"neow_bonus":"TEN_PERCENT_HP_BONUS","is_prod":false,"is_daily":false,"chose_seed":false,"campfire_upgraded":0,"win_rate":0,"timestamp":1568416109,"path_taken":["M","?","M","?","M","E","?","R","T","M","M","E","M","M","R","BOSS"],"build_version":"2019-07-17","purchased_purges":1,"victory":false,"max_hp_per_floor":[77,77,77,77,77,77,77,77,77,77,77,77,77,77,77,77],"card_choices":[{"not_picked":["Calculated Gamble","Setup","Catalyst"],"picked":"SKIP","floor":1.0},{"not_picked":["Noxious Fumes","Tactician"],"picked":"Backflip","floor":3.0},{"not_picked":["Slice","Bane"],"picked":"Backflip","floor":5.0},{"not_picked":["Sucker Punch","Blade Dance","Bane"],"picked":"SKIP","floor":6.0},{"not_picked":["Flechettes","Caltrops"],"picked":"Leg Sweep","floor":10.0},{"not_picked":["Blade Dance","Outmaneuver"],"picked":"Footwork","floor":11.0},{"not_picked":["Accuracy","Outmaneuver"],"picked":"Setup","floor":12.0},{"not_picked":["Acrobatics","Backflip"],"picked":"Terror","floor":13},{"not_picked":["Slice","Acrobatics","Masterful Stab"],"picked":"SKIP","floor":14}],"player_experience":128713,"relics_obtained":[{"floor":6.0,"key":"Thread and Needle"},{"floor":9.0,"key":"Matryoshka"},{"floor":12.0,"key":"Orichalcum"}],"event_choices":[{"damage_healed":0.0,"max_hp_gain":0.0,"max_hp_loss":0.0,"gold_gain":0.0,"event_name":"Shining Light","player_choice":"Entered Light","floor":4.0,"gold_loss":0.0,"damage_taken":15.0,"cards_upgraded":["Strike_G","Neutralize"]},{"cards_removed":["Strike_G"],"damage_healed":0.0,"max_hp_gain":0.0,"max_hp_loss":0.0,"gold_gain":0.0,"event_name":"The Cleric","player_choice":"Card Removal","floor":7.0,"gold_loss":50.0,"damage_taken":0.0}],"is_beta":false,"boss_relics":[],"items_purged_floors":[2],"is_endless":false,"potions_floor_spawned":[1,3,6,11,14],"killed_by":"Hexaghost","ascension_level":3}