{"gold_per_floor":[117,117,82,99,111,145,145,178,239,251,274,286,49,49,49,153,153,169,219,230,230],"floor_reached":21,"playtime":5986,"items_purged":["Defend_G"],"score":187,"play_id":"fae32656-4358-4ac3-a983-df1b9599053e","local_time":"20190917183134","is_ascension_mode":false,"campfire_choices":[{"floor":7,"key":"REST"},{"floor":10,"key":"REST"},{"floor":15,"key":"REST"}],"neow_cost":"NONE","seed_source_timestamp":493240940246900,"circlet_count":0,"master_deck":["Strike_G","Strike_G","Strike_G+1","Strike_G","Defend_G","Defend_G+1","Defend_G","Defend_G","Survivor","Neutralize","Flechettes","Deadly Poison","Acrobatics","Sucker Punch","Slice","Finisher","Flying Knee","Noxious Fumes","Burst","Prepared","Predator+1"],"relics":["Ring of the Snake","Darkstone Periapt","Bag of Marbles","MawBank","Smiling Mask","Snecko Eye"],"potions_floor_usage":[6,8,8,16,16],"damage_taken":[{"damage":0,"enemies":"Small Slimes","floor":1,"turns":5},{"damage":4,"enemies":"Jaw Worm","floor":4,"turns":4},{"damage":0,"enemies":"2 Louse","floor":5,"turns":3},{"damage":44,"enemies":"Lagavulin","floor":6,"turns":6},{"damage":24,"enemies":"Gremlin Nob","floor":8,"turns":6},{"damage":16,"enemies":"Exordium Thugs","floor":11,"turns":7},{"damage":18,"enemies":"Hexaghost","floor":16,"turns":10},{"damage":25,"enemies":"Shell Parasite","floor":18,"turns":7},{"damage":29,"enemies":"Spheric Guardian","floor":20,"turns":7},{"damage":21,"enemies":"Chosen and Byrds","floor":21,"turns":5}],"seed_played":"3897818232303349476","potions_obtained":[{"floor":1,"key":"Strength Potion"},{"floor":5,"key":"SteroidPotion"},{"floor":6,"key":"EssenceOfSteel"},{"floor":14,"key":"GhostInAJar"}],"is_trial":false,"path_per_floor":["M","?","?","M","M","E","R","E","T","R","M","?","$","?","R","B",null,"M","?","M","M"],"character_chosen":"THE_SILENT","items_purchased":["GhostInAJar","Flying Knee","Noxious Fumes"],"campfire_rested":3,"item_purchase_floors":[13,13,13],"current_hp_per_floor":[70,52,69,65,65,21,42,18,18,39,23,9,9,9,30,12,70,45,45,16,0],"gold":230,"neow_bonus":"REMOVE_CARD","is_prod":false,"is_daily":false,"chose_seed":false,"campfire_upgraded":0,"win_rate":0.0,"timestamp":1568763094,"path_taken":["M","?","?","M","M","E","R","E","T","R","M","?","$","?","R","BOSS","M","?","M","M"],"build_version":"2019-07-17","purchased_purges":1,"victory":false,"max_hp_per_floor":[70,70,70,70,70,70,70,70,70,70,70,70,70,70,70,70,70,70,70,70,70],"card_choices":[{"not_picked":["Prepared","Masterful Stab"],"picked":"Flechettes","floor":1},{"not_picked":["Acrobatics","Cloak And Dagger"],"picked":"Deadly Poison","floor":4},{"not_picked":["Distraction","Deadly Poison"],"picked":"Acrobatics","floor":5},{"not_picked":["Prepared","Bullet Time"],"picked":"Sucker Punch","floor":6},{"not_picked":["Outmaneuver","Dagger Spray"],"picked":"Slice","floor":8},{"not_picked":["Deadly Poison","Prepared"],"picked":"Finisher","floor":11},{"not_picked":["Die Die Die","Storm of Steel"],"picked":"Burst","floor":16},{"not_picked":["Deflect","Cloak And Dagger"],"picked":"Prepared","floor":18},{"not_picked":["Endless Agony","Terror"],"picked":"Predator+1","floor":20}],"player_experience":47101,"relics_obtained":[{"floor":6,"key":"Bag of Marbles"},{"floor":8,"key":"MawBank"},{"floor":9,"key":"Smiling Mask"}],"event_choices":[{"damage_healed":0,"gold_gain":0,"player_choice":"Success","damage_taken":18,"relics_obtained":["Darkstone Periapt"],"max_hp_gain":0,"max_hp_loss":0,"event_name":"Scrap Ooze","floor":2,"gold_loss":0},{"damage_healed":17,"gold_gain":0,"player_choice":"Healed","damage_taken":0,"max_hp_gain":0,"max_hp_loss":0,"event_name":"The Cleric","floor":3,"gold_loss":35},{"damage_healed":0,"gold_gain":0,"player_choice":"Entered Light","damage_taken":14,"max_hp_gain":0,"max_hp_loss":0,"event_name":"Shining Light","floor":12,"gold_loss":0,"cards_upgraded":["Strike_G","Defend_G"]},{"damage_healed":0,"gold_gain":0,"player_choice":"Got Potions","damage_taken":0,"max_hp_gain":0,"max_hp_loss":0,"event_name":"Lab","floor":14,"gold_loss":0},{"damage_healed":0,"gold_gain":100,"player_choice":"Bet on Murderer","damage_taken":0,"max_hp_gain":0,"max_hp_loss":0,"event_name":"The Joust","floor":19,"gold_loss":50}],"is_beta":false,"boss_relics":[{"not_picked":["Empty Cage","Runic Pyramid"],"picked":"Snecko Eye"}],"items_purged_floors":[13],"is_endless":false,"potions_floor_spawned":[1,5,6],"killed_by":"Chosen and Byrds","ascension_level":0}