{"gold_per_floor":[115,125,137,16,16,30,30,63,63,63,96,96,96,18,18,114,164,177,192,45,63,63,63,78,78,101,112,112,112,143,157,157,261,261,274,292,292,292],"floor_reached":38,"playtime":2949,"items_purged":["Strike_R"],"score":454,"play_id":"3936fe8c-e708-4f08-b774-a4ad108f79be","local_time":"20190902154105","is_ascension_mode":false,"campfire_choices":[{"data":"Armaments","floor":7.0,"key":"SMITH"},{"data":"True Grit","floor":10.0,"key":"SMITH"},{"data":"Body Slam","floor":12.0,"key":"SMITH"},{"data":"Thunderclap","floor":15.0,"key":"SMITH"},{"data":"Cleave","floor":23,"key":"SMITH"},{"floor":25,"key":"REST"},{"data":"Finesse","floor":28,"key":"SMITH"},{"data":"Headbutt","floor":32,"key":"SMITH"}],"neow_cost":"NONE","seed_source_timestamp":0,"circlet_count":0,"master_deck":["Strike_R","Strike_R","Strike_R","Strike_R","Defend_R","Defend_R","Defend_R","Defend_R","Bash+1","Finesse+1","Body Slam+1","Armaments+1","Cleave+1","True Grit+1","Thunderclap+1","Demon Form+1","Shrug It Off+1","Headbutt+1","Barricade+1","Offering","Shrug It Off","Parasite"],"special_seed":0,"relics":["Burning Blood","Ancient Tea Set","Ice Cream","Frozen Egg 2","StoneCalendar","Bronze Scales","Tiny House","Lantern","Juzu Bracelet","Sundial","Eternal Feather"],"potions_floor_usage":[31,35,36,38],"damage_taken":[{"damage":0.0,"enemies":"Cultist","floor":1.0,"turns":3.0},{"damage":2.0,"enemies":"Jaw Worm","floor":2.0,"turns":6.0},{"damage":1.0,"enemies":"Small Slimes","floor":3.0,"turns":4.0},{"damage":5.0,"enemies":"Looter","floor":6.0,"turns":4.0},{"damage":8.0,"enemies":"3 Sentries","floor":8.0,"turns":8.0},{"damage":21.0,"enemies":"Gremlin Nob","floor":11.0,"turns":5.0},{"damage":22.0,"enemies":"The Guardian","floor":16.0,"turns":9.0},{"damage":9.0,"enemies":"Shell Parasite","floor":18.0,"turns":7.0},{"damage":25.0,"enemies":"Spheric Guardian","floor":19.0,"turns":6.0},{"damage":22.0,"enemies":"Shelled Parasite and Fungi","floor":21.0,"turns":7.0},{"damage":20,"enemies":"Centurion and Healer","floor":24,"turns":6},{"damage":0,"enemies":"3 Cultists","floor":27,"turns":4},{"damage":0,"enemies":"Gremlin Leader","floor":30,"turns":6},{"damage":19,"enemies":"Snecko","floor":31,"turns":7},{"damage":8,"enemies":"Champ","floor":33,"turns":10},{"damage":37,"enemies":"3 Darklings","floor":35,"turns":3},{"damage":33,"enemies":"Orb Walker","floor":36,"turns":5},{"damage":33,"enemies":"Writhing Mass","floor":38,"turns":6}],"seed_played":"-6829844324026069754","potions_obtained":[{"floor":1.0,"key":"FearPotion"},{"floor":6.0,"key":"PowerPotion"},{"floor":8.0,"key":"Swift Potion"},{"floor":17.0,"key":"Poison Potion"},{"floor":19.0,"key":"Regen Potion"},{"floor":24,"key":"Poison Potion"},{"floor":30,"key":"Regen Potion"},{"floor":35,"key":"Poison Potion"}],"is_trial":false,"path_per_floor":["M","M","M","$","?","M","R","E","T","R","E","R","?","?","R","B",null,"M","M","$","M","$","R","M","R","T","M","R","?","E","M","R","B",null,"M","M","?","M"],"character_chosen":"IRONCLAD","items_purchased":["Cleave","Lantern"],"campfire_rested":1,"item_purchase_floors":[4,20],"current_hp_per_floor":[80,80,80,80,68,69,69,67,67,67,52,52,78,78,78,62,85,82,63,63,61,61,61,47,72,72,78,78,78,84,71,71,69,85,54,27,27,0],"gold":292,"neow_bonus":"RANDOM_COLORLESS","is_prod":false,"is_daily":false,"chose_seed":false,"campfire_upgraded":7,"win_rate":0,"timestamp":1567453265,"path_taken":["M","M","M","$","?","M","R","E","T","R","E","R","?","?","R","BOSS","M","?","$","M","$","R","M","R","T","M","R","?","E","M","R","BOSS","M","M","?","M"],"build_version":"2019-07-17","purchased_purges":1,"victory":false,"max_hp_per_floor":[80,80,80,80,80,80,80,80,80,80,80,80,80,80,80,80,85,85,85,85,85,85,85,85,85,85,85,85,85,85,85,85,85,85,85,85,85,85],"card_choices":[{"not_picked":["Searing Blow","Flex","Twin Strike"],"picked":"SKIP","floor":1.0},{"not_picked":["Evolve","Bloodletting"],"picked":"Body Slam","floor":2.0},{"not_picked":["Thunderclap","Body Slam"],"picked":"Armaments","floor":3.0},{"not_picked":["Perfected Strike","Carnage"],"picked":"True Grit","floor":6.0},{"not_picked":["Havoc","Combust","True Grit"],"picked":"SKIP","floor":8.0},{"not_picked":["Fire Breathing+1","Anger"],"picked":"Thunderclap","floor":11.0},{"not_picked":["Brutality+1","Exhume"],"picked":"Demon Form+1","floor":16.0},{"not_picked":["Armaments+1","Sword Boomerang","Twin Strike"],"picked":"SKIP","floor":18.0},{"not_picked":["Clothesline+1","Feel No Pain+1"],"picked":"Shrug It Off+1","floor":19.0},{"not_picked":["Body Slam","Dropkick","Disarm"],"picked":"SKIP","floor":21.0},{"not_picked":["Body Slam","Dropkick","Disarm"],"picked":"SKIP","floor":21.0},{"not_picked":["Disarm","Flex","Feel No Pain+1"],"picked":"SKIP","floor":24},{"not_picked":["Havoc","Power Through+1","Bloodletting+1"],"picked":"SKIP","floor":27},{"not_picked":["Combust+1","Twin Strike"],"picked":"Headbutt","floor":30},{"not_picked":["Headbutt","Iron Wave"],"picked":"Barricade+1","floor":31},{"not_picked":["Demon Form+1","Bludgeon"],"picked":"Offering","floor":33},{"not_picked":["Uppercut+1","Flame Barrier"],"picked":"Shrug It Off","floor":35},{"not_picked":["Shrug It Off+1","Sword Boomerang","Fire Breathing+1"],"picked":"SKIP","floor":36}],"player_experience":41240,"relics_obtained":[{"floor":8.0,"key":"Ice Cream"},{"floor":9.0,"key":"Frozen Egg 2"},{"floor":11.0,"key":"StoneCalendar"},{"floor":26,"key":"Juzu Bracelet"},{"floor":30,"key":"Sundial"}],"event_choices":[{"damage_healed":0.0,"max_hp_gain":0.0,"max_hp_loss":0.0,"gold_gain":0.0,"event_name":"Scrap Ooze","player_choice":"Success","floor":5.0,"gold_loss":0.0,"damage_taken":12.0,"relics_obtained":["Ancient Tea Set"]},{"damage_healed":26.0,"max_hp_gain":0.0,"max_hp_loss":0.0,"gold_gain":0.0,"event_name":"Big Fish","player_choice":"Banana","floor":13.0,"gold_loss":0.0,"damage_taken":0.0},{"damage_healed":0.0,"max_hp_gain":0.0,"max_hp_loss":0.0,"gold_gain":0.0,"event_name":"WeMeetAgain","player_choice":"Paid Gold","floor":14.0,"gold_loss":78.0,"damage_taken":0.0,"relics_obtained":["Bronze Scales"]},{"damage_healed":0,"gold_gain":0,"player_choice":"Ignored","damage_taken":0,"max_hp_gain":0,"max_hp_loss":0,"event_name":"Vampires","floor":29,"gold_loss":0},{"damage_healed":0,"gold_gain":0,"player_choice":"Ignored","damage_taken":0,"max_hp_gain":0,"max_hp_loss":0,"event_name":"Mysterious Sphere","floor":37,"gold_loss":0}],"is_beta":false,"boss_relics":[{"not_picked":["Busted Crown","Orrery"],"picked":"Tiny House"},{"not_picked":["Sozu","Calling Bell"],"picked":"Eternal Feather"}],"items_purged_floors":[4],"is_endless":false,"potions_floor_spawned":[1,6,8,19,21,24,30,35],"killed_by":"Writhing Mass","ascension_level":0}