{"gold_per_floor":[114,129,144,144,159,159,46,61,116,129,129,144,35,0,0,100,100,115,115,130,23,38,68,68,68,143,218,233,263,263],"floor_reached":30,"playtime":10017,"items_purged":["Defend_B"],"score":285,"play_id":"c6a377ef-031b-48fe-b0da-6cddd0873cbf","local_time":"20190911201842","daily_mods":["Allstar","Vintage","Lethality"],"is_ascension_mode":false,"campfire_choices":[{"data":"Mayhem","floor":6.0,"key":"SMITH"},{"data":"Panache","floor":15.0,"key":"SMITH"},{"data":"Hyperbeam","floor":24.0,"key":"SMITH"}],"neow_cost":"","seed_source_timestamp":0,"circlet_count":0,"master_deck":["Strike_B","Strike_B","Strike_B","Strike_B","Defend_B+1","Defend_B","Defend_B+1","Zap","Dualcast","Panache+1","Mayhem+1","Swift Strike","Swift Strike","Jack Of All Trades+1","Rip and Tear","Hello World+1","Loop+1","Rip and Tear","Hyperbeam+1","Self Repair+1","Lockon","Heatsinks+1","Shame"],"special_seed":18151,"relics":["Cracked Core","Kunai","Shuriken","Frozen Egg 2","Regal Pillow","Mummified Hand","Happy Flower","Tiny Chest","Odd Mushroom","PreservedInsect","Nuclear Battery","War Paint","MutagenicStrength","Emotion Chip","Bottled Lightning","Girya","Anchor","Letter Opener","Singing Bowl","Torii"],"potions_floor_usage":[29],"damage_taken":[{"damage":0.0,"enemies":"2 Louse","floor":1.0,"turns":2.0},{"damage":0.0,"enemies":"Small Slimes","floor":2.0,"turns":2.0},{"damage":0.0,"enemies":"Cultist","floor":3.0,"turns":3.0},{"damage":7.0,"enemies":"Looter","floor":5.0,"turns":2.0},{"damage":5.0,"enemies":"3 Louse","floor":8.0,"turns":2.0},{"damage":13.0,"enemies":"The Mushroom Lair","floor":10.0,"turns":2.0},{"damage":5.0,"enemies":"Blue Slaver","floor":12.0,"turns":3.0},{"damage":27.0,"enemies":"The Guardian","floor":16.0,"turns":4.0},{"damage":18.0,"enemies":"Shell Parasite","floor":18.0,"turns":3.0},{"damage":13.0,"enemies":"2 Thieves","floor":20.0,"turns":3.0},{"damage":0.0,"enemies":"Chosen and Byrds","floor":22.0,"turns":2.0},{"damage":0.0,"enemies":"Book of Stabbing","floor":23.0,"turns":2.0},{"damage":12.0,"enemies":"Shelled Parasite and Fungi","floor":28.0,"turns":2.0},{"damage":23,"enemies":"Slavers","floor":29,"turns":2},{"damage":17,"enemies":"Centurion and Healer","floor":30,"turns":2}],"seed_played":"-4731178760956062909","potions_obtained":[{"floor":1.0,"key":"FearPotion"},{"floor":10.0,"key":"Block Potion"},{"floor":12.0,"key":"AttackPotion"},{"floor":16.0,"key":"SpeedPotion"},{"floor":18.0,"key":"Strength Potion"},{"floor":20.0,"key":"AttackPotion"},{"floor":28.0,"key":"Strength Potion"}],"is_trial":false,"path_per_floor":["?","?","?","M","?","?","?","?","M"],"character_chosen":"DEFECT","items_purchased":["Rip and Tear","Hello World+1","Rip and Tear","Self Repair+1","Lockon"],"campfire_rested":0,"item_purchase_floors":[7,7,13,21,21],"current_hp_per_floor":[75,75,75,68,61,61,61,56,56,43,43,38,38,56,56,29,75,57,57,44,44,44,44,44,44,44,37,25,14,0],"gold":263,"neow_bonus":"","is_prod":false,"is_daily":true,"chose_seed":false,"campfire_upgraded":3,"win_rate":0.0,"timestamp":1568258322,"path_taken":["M","M","M","?","M","R","$","M","T","?","?","?","$","?","R","BOSS","M","?","M","$","M","E","R","?","T","?","?","E","M"],"build_version":"2019-01-23","purchased_purges":1,"victory":false,"max_hp_per_floor":[75,75,75,75,75,75,75,75,75,75,75,75,75,75,75,75,75,75,75,75,75,75,75,75,75,75,75,75,77,77],"card_choices":[{"not_picked":["Cold Snap","Streamline"],"picked":"Loop+1","floor":10.0},{"not_picked":["Multi-Cast","Reboot"],"picked":"Hyperbeam","floor":16.0},{"not_picked":["Redo","Aggregate+1"],"picked":"Heatsinks+1","floor":23.0},{"not_picked":["Reprogram","Recycle+1","Redo+1"],"picked":"Singing Bowl","floor":29}],"player_experience":3375,"relics_obtained":[{"floor":1.0,"key":"Kunai"},{"floor":2.0,"key":"Shuriken"},{"floor":3.0,"key":"Frozen Egg 2"},{"floor":5.0,"key":"Mummified Hand"},{"floor":8.0,"key":"Happy Flower"},{"floor":9.0,"key":"Tiny Chest"},{"floor":10.0,"key":"Odd Mushroom"},{"floor":12.0,"key":"PreservedInsect"},{"floor":18.0,"key":"War Paint"},{"floor":20.0,"key":"Emotion Chip"},{"floor":22.0,"key":"Bottled Lightning"},{"floor":23.0,"key":"Girya"},{"floor":26.0,"key":"Letter Opener"},{"floor":28.0,"key":"Singing Bowl"},{"floor":29,"key":"Torii"}],"event_choices":[{"damage_healed":0.0,"max_hp_gain":0.0,"max_hp_loss":0.0,"gold_gain":0.0,"event_name":"Scrap Ooze","player_choice":"Success","floor":4.0,"gold_loss":0.0,"damage_taken":7.0,"relics_obtained":["Regal Pillow"]},{"damage_healed":0.0,"max_hp_gain":0.0,"max_hp_loss":0.0,"gold_gain":0.0,"event_name":"Mushrooms","player_choice":"Fought Mushrooms","floor":10.0,"gold_loss":0.0,"damage_taken":0.0},{"damage_healed":0.0,"max_hp_gain":0.0,"max_hp_loss":0.0,"gold_gain":0.0,"event_name":"Upgrade Shrine","player_choice":"Upgraded","floor":11.0,"gold_loss":0.0,"damage_taken":0.0,"cards_upgraded":["Jack Of All Trades"]},{"damage_healed":18.0,"max_hp_gain":0.0,"max_hp_loss":0.0,"gold_gain":0.0,"event_name":"The Cleric","player_choice":"Healed","floor":14.0,"gold_loss":35.0,"damage_taken":0.0},{"damage_healed":0.0,"max_hp_gain":0.0,"max_hp_loss":0.0,"gold_gain":0.0,"event_name":"Drug Dealer","player_choice":"Inject Mutagens","floor":19.0,"gold_loss":0.0,"damage_taken":0.0,"relics_obtained":["MutagenicStrength"]},{"damage_healed":0.0,"max_hp_gain":0.0,"max_hp_loss":0.0,"gold_gain":0.0,"event_name":"Addict","player_choice":"Stole Relic","floor":25.0,"gold_loss":0.0,"damage_taken":0.0,"relics_obtained":["Anchor"],"cards_obtained":["Shame"]},{"damage_healed":0.0,"max_hp_gain":0.0,"max_hp_loss":0.0,"gold_gain":75.0,"event_name":"FaceTrader","player_choice":"Touch","floor":27.0,"gold_loss":0.0,"damage_taken":7.0}],"is_beta":false,"boss_relics":[{"not_picked":["Busted Crown","Calling Bell"],"picked":"Nuclear Battery"}],"items_purged_floors":[13],"is_endless":false,"potions_floor_spawned":[1,10,12,16,18,20,28],"killed_by":"Centurion and Healer","ascension_level":0}