{"gold_per_floor":[113,132,57,67,78,109,109,128,128,128,139,139,39,58,58,157,157,173,48,48,65,95,95,124,140,140,140,174,188,206,56,56,156,156,170,181,181,111,111,111,140,140,163,179,179,198,13,23,23,23],"floor_reached":51,"playtime":4268,"items_purged":["Doubt","Defend_G","Strike_G","Strike_G","Strike_G"],"score":669,"play_id":"79a1dbfa-5d46-4bdf-b617-b37a49d99184","local_time":"20190910002213","is_ascension_mode":false,"campfire_choices":[{"data":"Leg Sweep","floor":7.0,"key":"SMITH"},{"data":"Backflip","floor":12.0,"key":"SMITH"},{"data":"Quick Slash","floor":15.0,"key":"SMITH"},{"data":"Envenom","floor":23.0,"key":"SMITH"},{"floor":27.0,"key":"REST"},{"data":"A Thousand Cuts","floor":32,"key":"SMITH"},{"data":"Noxious Fumes","floor":40,"key":"SMITH"},{"data":"All Out Attack","floor":42,"key":"SMITH"},{"data":"Well Laid Plans","floor":45,"key":"SMITH"},{"floor":49,"key":"REST"}],"neow_cost":"CURSE","seed_source_timestamp":0,"circlet_count":0,"master_deck":["Strike_G","Defend_G","Survivor","Neutralize","Crippling Poison","Quick Slash+1","All Out Attack+1","Leg Sweep+1","Backflip+1","Calculated Gamble","A Thousand Cuts+1","Envenom+1","Adrenaline","Noxious Fumes+1","Expertise+1","Unload","Underhanded Strike+1","Leg Sweep+1","Malaise+1","Well Laid Plans+1","Terror","After Image","Backstab"],"special_seed":0,"relics":["Ring of the Snake","Peace Pipe","Pantograph","Mercury Hourglass","Sozu","Red Mask","Meat on the Bone","Girya","Mummified Hand","Astrolabe","Dodecahedron","Smiling Mask"],"potions_floor_usage":[50,50],"damage_taken":[{"damage":1.0,"enemies":"Cultist","floor":1.0,"turns":5.0},{"damage":0.0,"enemies":"2 Louse","floor":2.0,"turns":3.0},{"damage":0.0,"enemies":"Small Slimes","floor":4.0,"turns":3.0},{"damage":4.0,"enemies":"3 Louse","floor":5.0,"turns":2.0},{"damage":23.0,"enemies":"Lagavulin","floor":6.0,"turns":11.0},{"damage":0.0,"enemies":"Exordium Wildlife","floor":8.0,"turns":2.0},{"damage":1.0,"enemies":"2 Fungi Beasts","floor":11.0,"turns":3.0},{"damage":0.0,"enemies":"Lots of Slimes","floor":14.0,"turns":1.0},{"damage":23.0,"enemies":"The Guardian","floor":16.0,"turns":16.0},{"damage":5.0,"enemies":"Chosen","floor":18.0,"turns":5.0},{"damage":12.0,"enemies":"Spheric Guardian","floor":21.0,"turns":6.0},{"damage":17.0,"enemies":"Masked Bandits","floor":22.0,"turns":3.0},{"damage":18.0,"enemies":"Book of Stabbing","floor":24.0,"turns":8.0},{"damage":1.0,"enemies":"Snake Plant","floor":25.0,"turns":5.0},{"damage":15.0,"enemies":"Gremlin Leader","floor":28.0,"turns":5.0},{"damage":19.0,"enemies":"Centurion and Healer","floor":29.0,"turns":7.0},{"damage":0,"enemies":"Snecko","floor":30,"turns":4},{"damage":32,"enemies":"Automaton","floor":33,"turns":9},{"damage":3,"enemies":"Orb Walker","floor":35,"turns":3},{"damage":0,"enemies":"3 Shapes","floor":36,"turns":4},{"damage":24,"enemies":"Reptomancer","floor":41,"turns":6},{"damage":6,"enemies":"Jaw Worm Horde","floor":44,"turns":3},{"damage":16,"enemies":"Writhing Mass","floor":46,"turns":8},{"damage":0,"enemies":"Spire Growth","floor":48,"turns":4},{"damage":26,"enemies":"Time Eater","floor":50,"turns":13}],"seed_played":"-951567245141764626","potions_obtained":[{"floor":2.0,"key":"PowerPotion"},{"floor":5.0,"key":"Weak Potion"},{"floor":11.0,"key":"SneckoOil"}],"is_trial":false,"path_per_floor":["M","M","$","M","M","E","R","M","T","?","M","R","$","M","R","B",null,"M","$","?","M","?","R","E","M","T","R","E","M","M","$","R","B",null,"M","M","?","$","?","R","E","R","T","M","R","M","$","M","R","B",null],"character_chosen":"THE_SILENT","items_purchased":["Well Laid Plans","After Image","Backstab"],"campfire_rested":2,"item_purchase_floors":[38,47,47],"current_hp_per_floor":[69,69,69,69,65,42,42,42,42,47,46,46,46,46,46,48,75,70,70,70,58,41,41,23,34,34,56,41,34,46,46,46,39,75,72,72,71,71,71,71,47,47,47,41,41,37,37,37,58,45],"gold":23,"neow_bonus":"ONE_RARE_RELIC","is_prod":false,"is_daily":false,"chose_seed":false,"campfire_upgraded":8,"win_rate":0,"timestamp":1568089333,"path_taken":["M","M","$","M","M","E","R","M","T","?","M","R","$","M","R","BOSS","M","$","?","M","?","R","E","M","T","R","E","M","M","$","R","BOSS","M","M","?","$","?","R","E","R","T","M","R","M","$","M","R","BOSS"],"build_version":"2019-07-17","purchased_purges":5,"victory":true,"max_hp_per_floor":[70,70,70,70,70,70,70,70,70,75,75,75,75,75,75,75,75,75,75,75,75,75,75,75,75,75,75,75,75,75,75,75,75,75,75,75,71,71,71,71,71,71,71,71,71,71,71,71,71,71],"card_choices":[{"not_picked":["PiercingWail","Deflect"],"picked":"Crippling Poison","floor":1.0},{"not_picked":["Dodge and Roll","Poisoned Stab"],"picked":"Quick Slash","floor":2.0},{"not_picked":["Dagger Throw","Sucker Punch"],"picked":"All Out Attack","floor":4.0},{"not_picked":["Crippling Poison","Acrobatics"],"picked":"Leg Sweep","floor":5.0},{"not_picked":["Bane","Quick Slash","Setup"],"picked":"SKIP","floor":6.0},{"not_picked":["Bouncing Flask","Expertise"],"picked":"Backflip","floor":8.0},{"not_picked":["Quick Slash","Riddle With Holes"],"picked":"Calculated Gamble","floor":11.0},{"not_picked":["Deflect","Dagger Throw"],"picked":"A Thousand Cuts","floor":14.0},{"not_picked":["Wraith Form v2","Grand Finale"],"picked":"Envenom","floor":16.0},{"not_picked":["PiercingWail+1","Deflect+1","Slice"],"picked":"SKIP","floor":18.0},{"not_picked":["Underhanded Strike+1","Dagger Spray","Caltrops"],"picked":"SKIP","floor":21.0},{"not_picked":["Poisoned Stab","Cloak And Dagger"],"picked":"Adrenaline","floor":22.0},{"not_picked":["All Out Attack+1","Poisoned Stab+1","Backflip"],"picked":"SKIP","floor":24.0},{"not_picked":["Choke","Quick Slash","Calculated Gamble"],"picked":"SKIP","floor":25.0},{"not_picked":["Acrobatics","Heel Hook"],"picked":"Noxious Fumes","floor":28.0},{"not_picked":["Blade Dance","Expertise","Prepared"],"picked":"SKIP","floor":29},{"not_picked":["Setup","Prepared"],"picked":"Expertise+1","floor":30},{"not_picked":["Doppelganger","A Thousand Cuts"],"picked":"Unload","floor":33},{"not_picked":["Leg Sweep+1","Slice","Endless Agony+1"],"picked":"SKIP","floor":35},{"not_picked":["Deadly Poison+1","Quick Slash","Distraction"],"picked":"SKIP","floor":36},{"not_picked":["Poisoned Stab","Bouncing Flask+1","Blade Dance+1"],"picked":"SKIP","floor":41},{"not_picked":["Dagger Spray+1","Dagger Throw"],"picked":"Terror","floor":44},{"not_picked":["Sucker Punch","Endless Agony","Riddle With Holes"],"picked":"SKIP","floor":46},{"not_picked":["Tactician","Dagger Throw","Catalyst"],"picked":"SKIP","floor":48}],"player_experience":107552,"relics_obtained":[{"floor":6.0,"key":"Pantograph"},{"floor":9.0,"key":"Mercury Hourglass"},{"floor":22.0,"key":"Red Mask"},{"floor":24.0,"key":"Meat on the Bone"},{"floor":26.0,"key":"Girya"},{"floor":28.0,"key":"Mummified Hand"},{"floor":41,"key":"Dodecahedron"},{"floor":43,"key":"Smiling Mask"}],"event_choices":[{"damage_healed":0.0,"max_hp_gain":5.0,"max_hp_loss":0.0,"gold_gain":0.0,"event_name":"Big Fish","player_choice":"Donut","floor":10.0,"gold_loss":0.0,"damage_taken":0.0},{"cards_removed":["Defend_G"],"damage_healed":0.0,"max_hp_gain":0.0,"max_hp_loss":0.0,"gold_gain":0.0,"event_name":"Back to Basics","player_choice":"Elegance","floor":20.0,"gold_loss":0.0,"damage_taken":0.0},{"damage_healed":0.0,"max_hp_gain":0.0,"max_hp_loss":0.0,"gold_gain":0.0,"event_name":"Masked Bandits","player_choice":"Fought Bandits","floor":22.0,"gold_loss":0.0,"damage_taken":0.0},{"damage_healed":0,"gold_gain":0,"player_choice":"Max HP","damage_taken":0,"max_hp_gain":0,"max_hp_loss":4,"event_name":"Winding Halls","floor":37,"gold_loss":0},{"damage_healed":0,"gold_gain":0,"player_choice":"Memory 1","damage_taken":0,"max_hp_gain":0,"max_hp_loss":0,"event_name":"SensoryStone","floor":39,"gold_loss":0}],"is_beta":false,"boss_relics":[{"not_picked":["WristBlade","Cursed Key"],"picked":"Sozu"},{"not_picked":["Eternal Feather","Orrery"],"picked":"Astrolabe"}],"items_purged_floors":[3,13,19,31,47],"is_endless":false,"potions_floor_spawned":[2,5,11,22,24,28,29,35,44,48],"ascension_level":0}