{"gold_per_floor":[112,128,128,147,147,147,162,173,173,173,153,78,78,91,91,91],"floor_reached":16,"playtime":1267,"items_purged":["Decay"],"score":94,"play_id":"af72fc35-0d20-4ece-9742-0787a795a775","local_time":"20190907011636","is_ascension_mode":false,"campfire_choices":[{"data":"Prepared","floor":6,"key":"SMITH"},{"data":"Outmaneuver","floor":10,"key":"SMITH"},{"data":"Backflip","floor":13,"key":"SMITH"},{"data":"Blur","floor":15,"key":"SMITH"}],"neow_cost":"NONE","seed_source_timestamp":484111304987900,"circlet_count":0,"master_deck":["Strike_G+1","Strike_G","Strike_G+1","Strike_G","Strike_G","Defend_G","Defend_G","Defend_G","Defend_G","Defend_G","Survivor+1","Neutralize","Prepared+1","Blur+1","Outmaneuver+1","Dagger Throw","Backflip+1"],"relics":["Ring of the Snake","Whetstone"],"potions_floor_usage":[16,16],"damage_taken":[{"damage":4,"enemies":"Cultist","floor":1,"turns":4},{"damage":0,"enemies":"Small Slimes","floor":2,"turns":4},{"damage":0,"enemies":"2 Louse","floor":4,"turns":4},{"damage":6,"enemies":"Large Slime","floor":7,"turns":11},{"damage":2,"enemies":"Blue Slaver","floor":8,"turns":7},{"damage":0,"enemies":"Exordium Thugs","floor":11,"turns":5},{"damage":6,"enemies":"Red Slaver","floor":14,"turns":5},{"damage":56,"enemies":"The Guardian","floor":16,"turns":21}],"seed_played":"5199407995498642918","potions_obtained":[{"floor":7,"key":"Block Potion"},{"floor":14,"key":"Explosive Potion"}],"is_trial":false,"path_per_floor":["M","M","?","M","?","R","M","M","T","R","M","$","R","M","R","B"],"character_chosen":"THE_SILENT","items_purchased":[],"campfire_rested":0,"item_purchase_floors":[],"current_hp_per_floor":[66,66,66,66,66,66,60,58,58,58,58,58,58,52,52,0],"gold":91,"neow_bonus":"UPGRADE_CARD","is_prod":false,"is_daily":false,"chose_seed":false,"campfire_upgraded":4,"win_rate":0,"timestamp":1567833396,"path_taken":["M","M","?","M","?","R","?","M","T","R","M","$","R","M","R","BOSS"],"build_version":"2019-07-17","purchased_purges":1,"victory":false,"max_hp_per_floor":[70,70,70,70,70,70,70,70,70,70,70,70,70,70,70,70],"card_choices":[{"not_picked":["Underhanded Strike","Deflect"],"picked":"Prepared","floor":1},{"not_picked":["Sucker Punch","Acrobatics"],"picked":"Blur","floor":2},{"not_picked":["Sucker Punch","Deflect"],"picked":"Outmaneuver","floor":4},{"not_picked":["Catalyst","Distraction"],"picked":"Dagger Throw","floor":7},{"not_picked":["Deflect","Caltrops"],"picked":"Backflip","floor":8},{"not_picked":["Blur","Predator","Masterful Stab"],"picked":"SKIP","floor":11},{"not_picked":["Heel Hook","Blade Dance","Outmaneuver"],"picked":"SKIP","floor":14}],"player_experience":79100,"relics_obtained":[{"floor":9,"key":"Whetstone"}],"event_choices":[{"damage_healed":0,"gold_gain":0,"player_choice":"Ignored","damage_taken":0,"max_hp_gain":0,"max_hp_loss":0,"event_name":"Liars Game","floor":3,"gold_loss":0},{"damage_healed":0,"gold_gain":0,"player_choice":"Cursed","damage_taken":0,"max_hp_gain":0,"max_hp_loss":0,"event_name":"Wheel of Change","floor":5,"gold_loss":0,"cards_obtained":["Decay"]}],"is_beta":false,"boss_relics":[],"items_purged_floors":[12],"is_endless":false,"potions_floor_spawned":[7,14],"killed_by":"The Guardian","ascension_level":0}