{"gold_per_floor":[114,289,289,304,319,349,364,394,394,394,394,409,409,424,424,524,524,539,168,183,183,282,282,297,327,327,342,357,11,11,11,11,111,111,126,126,0,0,15,15,345,360,435,450,725,725,755,770,770,770],"floor_reached":51,"playtime":5569,"items_purged":["Defend_R","Defend_R"],"score":1037,"play_id":"4d181f13-7bd9-4a83-aebb-81035bdf3da5","local_time":"20191004072835","daily_mods":["Cursed Run","Colorless Cards","Lethality"],"is_ascension_mode":false,"campfire_choices":[{"data":"Heavy Blade","floor":10,"key":"SMITH"},{"data":"Armaments","floor":15,"key":"SMITH"},{"data":"Offering","floor":23,"key":"SMITH"},{"data":"Pummel","floor":30,"key":"SMITH"},{"data":"Flex","floor":32,"key":"SMITH"},{"floor":40,"key":"REST"},{"data":"Impatience","floor":46,"key":"SMITH"},{"floor":49,"key":"REST"}],"neow_cost":"","seed_source_timestamp":0,"circlet_count":0,"master_deck":["Defend_R","Defend_R","Bash","Cleave","Doubt","Heavy Blade+1","Pummel+1","Thinking Ahead","Anger","Burning Pact","Pain","Swift Strike+1","Regret","Armaments+1","Injury","Offering+1","Whirlwind+1","Flex","Flash of Steel+1","Shame","Burning Pact","Thunderclap+1","Pain","Clash+1","Cleave+1","Anger+1","Flex+1","Bite+1","Bite+1","Bite+1","Bite+1","Bite+1","Regret","Immolate+1","Impatience+1","Writhe","Dramatic Entrance+1","Discovery","Purity","Cleave+1","Limit Break","Shame","Parasite","Twin Strike+1","Regret","Flex+1","Anger+1","Clumsy"],"special_seed":18173,"relics":["Cursed Key","Darkstone Periapt","Du-Vu Doll","Lantern","Molten Egg 2","Dodecahedron","Black Star","Bottled Lightning","Bronze Scales","Kunai","Unceasing Top","Letter Opener","Pen Nib","Sozu","Red Mask","Old Coin","Thread and Needle","Paper Frog","Ancient Tea Set","Smiling Mask"],"potions_floor_usage":[6,7,7,8,8,12,16,25,25,33,33,44],"damage_taken":[{"damage":4,"enemies":"Jaw Worm","floor":1,"turns":2},{"damage":0,"enemies":"2 Louse","floor":4,"turns":1},{"damage":0,"enemies":"Cultist","floor":5,"turns":2},{"damage":12,"enemies":"3 Sentries","floor":6,"turns":2},{"damage":0,"enemies":"Large Slime","floor":7,"turns":1},{"damage":0,"enemies":"Lagavulin","floor":8,"turns":2},{"damage":11,"enemies":"Red Slaver","floor":12,"turns":2},{"damage":1,"enemies":"Looter","floor":14,"turns":1},{"damage":4,"enemies":"Slime Boss","floor":16,"turns":5},{"damage":0,"enemies":"Spheric Guardian","floor":18,"turns":1},{"damage":0,"enemies":"2 Thieves","floor":20,"turns":1},{"damage":6,"enemies":"Snake Plant","floor":24,"turns":1},{"damage":0,"enemies":"Slavers","floor":25,"turns":1},{"damage":6,"enemies":"Centurion and Healer","floor":27,"turns":1},{"damage":0,"enemies":"Shelled Parasite and Fungi","floor":28,"turns":1},{"damage":45,"enemies":"Champ","floor":33,"turns":3},{"damage":6,"enemies":"3 Darklings","floor":35,"turns":1},{"damage":6,"enemies":"3 Shapes","floor":39,"turns":2},{"damage":30,"enemies":"Giant Head","floor":41,"turns":4},{"damage":15,"enemies":"Transient","floor":42,"turns":5},{"damage":10,"enemies":"Writhing Mass","floor":44,"turns":2},{"damage":53,"enemies":"Reptomancer","floor":47,"turns":3},{"damage":6,"enemies":"Maw","floor":48,"turns":2},{"damage":47,"enemies":"Time Eater","floor":50,"turns":5}],"seed_played":"5898277998764713723","potions_obtained":[{"floor":1,"key":"BloodPotion"},{"floor":3,"key":"EntropicBrew"},{"floor":5,"key":"SteroidPotion"},{"floor":6,"key":"Fire Potion"},{"floor":16,"key":"SkillPotion"},{"floor":20,"key":"Explosive Potion"},{"floor":24,"key":"AttackPotion"},{"floor":25,"key":"Swift Potion"},{"floor":33,"key":"Fire Potion"}],"is_trial":false,"path_per_floor":["?","?","M","?","M","?","?","?","?","?","?","?","M","?"],"character_chosen":"IRONCLAD","items_purchased":["Flex","Bottled Lightning","Pen Nib","Anger+1","Flex"],"campfire_rested":2,"item_purchase_floors":[19,19,29,29,29],"current_hp_per_floor":[76,82,82,82,82,70,78,78,84,84,84,75,81,82,82,86,104,104,104,104,110,110,110,104,106,112,108,110,110,110,110,110,77,122,116,128,128,118,115,128,105,105,111,110,116,116,69,66,109,74],"gold":770,"neow_bonus":"","is_prod":false,"is_daily":true,"chose_seed":false,"campfire_upgraded":6,"win_rate":0,"timestamp":1570199315,"path_taken":["M","?","?","?","M","E","M","E","T","R","?","?","?","M","R","BOSS","M","$","M","?","?","R","M","E","T","M","M","$","R","?","R","BOSS","M","?","?","?","M","R","E","?","T","M","?","R","E","M","R","BOSS"],"build_version":"2019-01-23","purchased_purges":2,"victory":true,"max_hp_per_floor":[80,86,86,86,86,86,86,86,92,92,92,92,98,98,98,104,104,104,104,104,110,110,110,110,110,116,116,116,116,116,116,116,122,122,122,128,128,128,128,128,128,128,134,140,146,146,146,146,146,152],"card_choices":[{"not_picked":["Dual Wield","Flame Barrier"],"picked":"Cleave","floor":1},{"not_picked":["Havoc","Body Slam"],"picked":"Heavy Blade","floor":4},{"not_picked":["Dropkick","Armaments"],"picked":"Pummel","floor":5},{"not_picked":["Battle Trance","Burning Pact"],"picked":"Thinking Ahead","floor":6},{"not_picked":["Pommel Strike","Headbutt"],"picked":"Anger","floor":7},{"not_picked":["Ghostly Armor","Iron Wave"],"picked":"Burning Pact","floor":8},{"not_picked":["Havoc","Panacea"],"picked":"Swift Strike+1","floor":12},{"not_picked":["Carnage+1","Shrug It Off"],"picked":"Armaments","floor":14},{"not_picked":["Impervious","Magnetism"],"picked":"Offering","floor":16},{"not_picked":["Shrug It Off","Dark Shackles"],"picked":"Whirlwind+1","floor":18},{"not_picked":["True Grit","Iron Wave+1"],"picked":"Flash of Steel+1","floor":20},{"not_picked":["Trip","True Grit"],"picked":"Burning Pact","floor":24},{"not_picked":["Discovery","Perfected Strike+1"],"picked":"Thunderclap+1","floor":25},{"not_picked":["True Grit+1","Body Slam+1"],"picked":"Clash+1","floor":27},{"not_picked":["True Grit+1","Anger+1"],"picked":"Cleave+1","floor":28},{"not_picked":["Panache","Barricade"],"picked":"Immolate+1","floor":33},{"not_picked":["Enlightenment","Dropkick+1"],"picked":"Impatience","floor":35},{"not_picked":["Trip","Panacea"],"picked":"Dramatic Entrance+1","floor":38},{"not_picked":["Jack Of All Trades","Forethought"],"picked":"Discovery","floor":38},{"not_picked":["HandOfGreed+1","Panacea"],"picked":"Purity","floor":38},{"not_picked":["Disarm+1","Body Slam+1"],"picked":"Cleave+1","floor":39},{"not_picked":["Body Slam+1","Warcry+1"],"picked":"Limit Break","floor":41},{"not_picked":["Headbutt+1","Forethought","Twin Strike+1"],"picked":"SKIP","floor":42},{"not_picked":["Perfected Strike+1","Dropkick+1"],"picked":"Twin Strike+1","floor":44},{"not_picked":["Transmutation","Shrug It Off+1"],"picked":"Flex+1","floor":47},{"not_picked":["Searing Blow+1","Rampage+1"],"picked":"Anger+1","floor":48}],"player_experience":288323,"relics_obtained":[{"floor":6,"key":"Lantern"},{"floor":8,"key":"Blood Vial"},{"floor":9,"key":"Molten Egg 2"},{"floor":25,"key":"Kunai"},{"floor":25,"key":"Unceasing Top"},{"floor":26,"key":"Letter Opener"},{"floor":41,"key":"Old Coin"},{"floor":41,"key":"Thread and Needle"},{"floor":43,"key":"Paper Frog"},{"floor":47,"key":"Ancient Tea Set"},{"floor":47,"key":"Smiling Mask"}],"event_choices":[{"damage_healed":0,"gold_gain":175,"player_choice":"AGREE","damage_taken":0,"max_hp_gain":0,"max_hp_loss":0,"event_name":"Liars Game","floor":2,"gold_loss":0,"cards_obtained":["Doubt"]},{"damage_healed":0,"gold_gain":0,"player_choice":"Got Potions","damage_taken":0,"max_hp_gain":0,"max_hp_loss":0,"event_name":"Lab","floor":3,"gold_loss":0},{"damage_healed":0,"gold_gain":0,"player_choice":"Ignored","damage_taken":0,"max_hp_gain":0,"max_hp_loss":0,"event_name":"Fountain of Cleansing","floor":11,"gold_loss":0},{"damage_healed":0,"gold_gain":0,"player_choice":"Box","damage_taken":0,"relics_obtained":["Dodecahedron"],"max_hp_gain":0,"max_hp_loss":0,"event_name":"Big Fish","floor":13,"gold_loss":0,"cards_obtained":["Regret"]},{"damage_healed":0,"gold_gain":0,"player_choice":"Stole Relic","damage_taken":0,"relics_obtained":["Bronze Scales"],"max_hp_gain":0,"max_hp_loss":0,"event_name":"Addict","floor":21,"gold_loss":0,"cards_obtained":["Shame"]},{"damage_healed":0,"gold_gain":99,"player_choice":"Stole From Cult","damage_taken":0,"max_hp_gain":0,"max_hp_loss":0,"event_name":"Nest","floor":22,"gold_loss":0},{"damage_healed":0,"gold_gain":0,"player_choice":"Became a vampire (Vial)","damage_taken":0,"max_hp_gain":0,"max_hp_loss":0,"event_name":"Vampires","floor":31,"relics_lost":["Blood Vial"],"gold_loss":0,"cards_obtained":["Bite","Bite","Bite","Bite","Bite"]},{"damage_healed":31,"gold_gain":0,"player_choice":"Writhe","damage_taken":0,"max_hp_gain":0,"max_hp_loss":0,"event_name":"Winding Halls","floor":36,"gold_loss":0,"cards_obtained":["Writhe"]},{"damage_healed":0,"gold_gain":0,"player_choice":"Paid","damage_taken":0,"relics_obtained":["Red Mask"],"max_hp_gain":0,"max_hp_loss":0,"event_name":"Tomb of Lord Red Mask","floor":37,"gold_loss":126},{"damage_healed":0,"gold_gain":0,"player_choice":"Memory 3","damage_taken":10,"max_hp_gain":0,"max_hp_loss":0,"event_name":"SensoryStone","floor":38,"gold_loss":0},{"damage_healed":0,"gold_gain":275,"player_choice":"Desecrate","damage_taken":0,"max_hp_gain":0,"max_hp_loss":0,"event_name":"Golden Shrine","floor":45,"gold_loss":0,"cards_obtained":["Regret"]}],"is_beta":false,"boss_relics":[{"not_picked":["Runic Pyramid","Mark of Pain"],"picked":"Black Star"},{"not_picked":["Astrolabe","Velvet Choker"],"picked":"Sozu"}],"items_purged_floors":[19,29],"is_endless":false,"potions_floor_spawned":[1,5,6,16,20,24,25,33,39,47,48],"ascension_level":0}