{"gold_per_floor":[114,132,132,207,80,80,96,96,96,96,113,147,175,195,195,295,295,279,204,204,204,23,52,62,72,99,99,117,117,128,128,128,233,233,251,270,286,286,286,320,270,270,343,354,354,368,368],"floor_reached":47,"playtime":4256,"items_purged":["Strike_G","Strike_G","Defend_G"],"score":500,"play_id":"8e9415d6-39cb-4fb8-89de-28fc853b8a02","local_time":"20191005005237","is_ascension_mode":false,"campfire_choices":[{"data":"Cloak And Dagger","floor":6,"key":"SMITH"},{"data":"Neutralize","floor":8,"key":"SMITH"},{"data":"Backflip","floor":10,"key":"SMITH"},{"data":"Slice","floor":15,"key":"SMITH"},{"floor":27,"key":"REST"},{"data":"Heel Hook","floor":29,"key":"SMITH"},{"data":"Dagger Throw","floor":32,"key":"SMITH"},{"data":"After Image","floor":42,"key":"SMITH"}],"neow_cost":"TEN_PERCENT_HP_LOSS","seed_source_timestamp":1996445361535300,"circlet_count":0,"master_deck":["Strike_G","Defend_G","Defend_G+1","Defend_G","Survivor+1","Neutralize+1","Dagger Throw+1","Leg Sweep","Cloak And Dagger+1","Backflip+1","All Out Attack+1","Prepared","Slice+1","Dodge and Roll","Corpse Explosion","Underhanded Strike","Well Laid Plans","Calculated Gamble+1","PiercingWail","Escape Plan","Heel Hook+1","After Image+1","Dagger Spray+1","Infinite Blades","Finisher+1","Normality","Backstab","Accuracy+1"],"relics":["Ring of the Snake","Turnip","War Paint","Sundial","Odd Mushroom","Eternal Feather","Paper Crane","Oddly Smooth Stone","Cursed Key","Smiling Mask","Pantograph"],"potions_floor_usage":[16,16,23,33,40],"damage_taken":[{"damage":0,"enemies":"Jaw Worm","floor":1,"turns":6},{"damage":0,"enemies":"Small Slimes","floor":2,"turns":3},{"damage":0,"enemies":"2 Louse","floor":7,"turns":2},{"damage":0,"enemies":"Blue Slaver","floor":11,"turns":5},{"damage":12,"enemies":"3 Sentries","floor":12,"turns":6},{"damage":0,"enemies":"The Mushroom Lair","floor":13,"turns":4},{"damage":1,"enemies":"2 Fungi Beasts","floor":14,"turns":3},{"damage":37,"enemies":"The Guardian","floor":16,"turns":19},{"damage":10,"enemies":"2 Thieves","floor":18,"turns":4},{"damage":24,"enemies":"Gremlin Leader","floor":23,"turns":11},{"damage":10,"enemies":"Spheric Guardian","floor":24,"turns":6},{"damage":2,"enemies":"Shelled Parasite and Fungi","floor":25,"turns":7},{"damage":5,"enemies":"Centurion and Healer","floor":28,"turns":5},{"damage":0,"enemies":"3 Cultists","floor":30,"turns":3},{"damage":14,"enemies":"Champ","floor":33,"turns":17},{"damage":0,"enemies":"3 Shapes","floor":35,"turns":4},{"damage":5,"enemies":"3 Darklings","floor":36,"turns":3},{"damage":18,"enemies":"Maw","floor":37,"turns":10},{"damage":22,"enemies":"Giant Head","floor":40,"turns":15},{"damage":16,"enemies":"Writhing Mass","floor":44,"turns":13},{"damage":16,"enemies":"4 Shapes","floor":46,"turns":4},{"damage":6,"enemies":"Jaw Worm Horde","floor":47,"turns":2}],"seed_played":"-9151338924528418567","potions_obtained":[{"floor":2,"key":"GamblersBrew"},{"floor":11,"key":"Energy Potion"},{"floor":14,"key":"Explosive Potion"},{"floor":16,"key":"Strength Potion"},{"floor":18,"key":"Dexterity Potion"},{"floor":23,"key":"FearPotion"},{"floor":33,"key":"GamblersBrew"},{"floor":35,"key":"PowerPotion"},{"floor":46,"key":"Strength Potion"}],"is_trial":false,"path_per_floor":["M","M","?","?","$","R","M","R","T","R","M","E","?","M","R","B",null,"M","?","?","?","$","E","M","M","T","R","M","R","M","?","R","B",null,"M","M","M","?","?","E","$","R","T","M","?","M","M"],"character_chosen":"THE_SILENT","items_purchased":["Cloak And Dagger","Well Laid Plans"],"campfire_rested":1,"item_purchase_floors":[5,22],"current_hp_per_floor":[63,63,68,57,57,57,57,57,57,57,57,45,45,44,44,7,68,58,58,58,58,58,34,24,22,22,54,49,61,61,61,68,54,68,68,63,45,45,45,23,23,38,38,22,22,6,0],"gold":368,"neow_bonus":"ONE_RARE_RELIC","is_prod":false,"is_daily":false,"chose_seed":false,"campfire_upgraded":7,"win_rate":0,"timestamp":1570251157,"path_taken":["M","M","?","?","$","R","M","R","T","R","?","E","?","M","R","BOSS","M","?","?","?","$","E","M","?","T","R","M","R","M","?","R","BOSS","M","M","M","?","?","E","$","R","T","M","?","M","M"],"build_version":"2019-07-17","purchased_purges":3,"victory":false,"max_hp_per_floor":[63,63,68,68,68,68,68,68,68,68,68,68,68,68,68,68,68,68,68,68,68,68,68,68,68,68,68,68,68,68,68,68,68,68,68,68,68,68,68,68,68,68,68,68,68,68,68],"card_choices":[{"not_picked":["Sucker Punch","PiercingWail"],"picked":"Dagger Throw","floor":1},{"not_picked":["Outmaneuver","Poisoned Stab"],"picked":"Leg Sweep","floor":2},{"not_picked":["Underhanded Strike","Backstab"],"picked":"Backflip","floor":7},{"not_picked":["PiercingWail","Burst"],"picked":"All Out Attack","floor":11},{"not_picked":["Flying Knee","Dagger Throw"],"picked":"Prepared","floor":12},{"not_picked":["Accuracy","Cloak And Dagger"],"picked":"Slice","floor":13},{"not_picked":["Flying Knee","Deadly Poison"],"picked":"Dodge and Roll","floor":14},{"not_picked":["Glass Knife","Unload"],"picked":"Corpse Explosion","floor":16},{"not_picked":["Calculated Gamble","Outmaneuver"],"picked":"Underhanded Strike","floor":18},{"not_picked":["Concentrate+1","Cloak And Dagger"],"picked":"Calculated Gamble+1","floor":23},{"not_picked":["Deadly Poison","Backflip+1"],"picked":"PiercingWail","floor":24},{"not_picked":["Cloak And Dagger+1","Acrobatics"],"picked":"Escape Plan","floor":25},{"not_picked":["Acrobatics","Cloak And Dagger"],"picked":"Heel Hook","floor":28},{"not_picked":["Calculated Gamble","Outmaneuver","Underhanded Strike"],"picked":"SKIP","floor":30},{"not_picked":["Night Terror","Adrenaline"],"picked":"After Image","floor":33},{"not_picked":["Eviscerate","Infinite Blades"],"picked":"Dagger Spray+1","floor":35},{"not_picked":["All Out Attack","PiercingWail+1"],"picked":"Infinite Blades","floor":36},{"not_picked":["Acrobatics","Poisoned Stab+1","Eviscerate"],"picked":"SKIP","floor":37},{"not_picked":["Expertise","Flying Knee"],"picked":"Finisher+1","floor":40},{"not_picked":["Outmaneuver+1","Eviscerate+1"],"picked":"Backstab","floor":44},{"not_picked":["Poisoned Stab","Catalyst+1"],"picked":"Accuracy+1","floor":46}],"player_experience":328031,"relics_obtained":[{"floor":9,"key":"War Paint"},{"floor":12,"key":"Sundial"},{"floor":13,"key":"Odd Mushroom"},{"floor":23,"key":"Paper Crane"},{"floor":26,"key":"Oddly Smooth Stone"},{"floor":40,"key":"Smiling Mask"},{"floor":43,"key":"Pantograph"}],"event_choices":[{"damage_healed":0,"gold_gain":0,"player_choice":"Donut","damage_taken":0,"max_hp_gain":5,"max_hp_loss":0,"event_name":"Big Fish","floor":3,"gold_loss":0},{"damage_healed":0,"gold_gain":75,"player_choice":"Gather Gold","damage_taken":11,"max_hp_gain":0,"max_hp_loss":0,"event_name":"World of Goop","floor":4,"gold_loss":0},{"damage_healed":0,"gold_gain":0,"player_choice":"Fought Mushrooms","damage_taken":0,"max_hp_gain":0,"max_hp_loss":0,"event_name":"Mushrooms","floor":13,"gold_loss":0},{"cards_removed":["Strike_G"],"damage_healed":0,"gold_gain":0,"player_choice":"Gave Gold","damage_taken":0,"max_hp_gain":0,"max_hp_loss":0,"event_name":"Beggar","floor":19,"gold_loss":75},{"damage_healed":0,"gold_gain":0,"player_choice":"Ignored","damage_taken":0,"max_hp_gain":0,"max_hp_loss":0,"event_name":"Vampires","floor":20,"gold_loss":0},{"cards_removed":["Defend_G"],"damage_healed":0,"gold_gain":0,"player_choice":"Elegance","damage_taken":0,"max_hp_gain":0,"max_hp_loss":0,"event_name":"Back to Basics","floor":21,"gold_loss":0},{"damage_healed":0,"gold_gain":0,"player_choice":"Forge","damage_taken":0,"max_hp_gain":0,"max_hp_loss":0,"event_name":"Accursed Blacksmith","floor":31,"gold_loss":0,"cards_upgraded":["All Out Attack"]},{"damage_healed":0,"gold_gain":0,"player_choice":"Ignored","damage_taken":0,"max_hp_gain":0,"max_hp_loss":0,"event_name":"Mysterious Sphere","floor":38,"gold_loss":0},{"cards_removed":["Strike_G"],"damage_healed":0,"gold_gain":0,"player_choice":"Removed Attack","damage_taken":0,"max_hp_gain":0,"max_hp_loss":0,"event_name":"Falling","floor":39,"gold_loss":0},{"damage_healed":0,"gold_gain":0,"player_choice":"Ignored","damage_taken":0,"max_hp_gain":0,"max_hp_loss":0,"event_name":"Tomb of Lord Red Mask","floor":45,"gold_loss":0}],"is_beta":false,"boss_relics":[{"not_picked":["Empty Cage","White Beast Statue"],"picked":"Eternal Feather"},{"not_picked":["Tiny House","Calling Bell"],"picked":"Cursed Key"}],"items_purged_floors":[5,22,41],"is_endless":false,"potions_floor_spawned":[2,11,14,16,18,23,33,35,36,46],"killed_by":"Jaw Worm Horde","ascension_level":0}