{"gold_per_floor":[116,116,6,16,16,49,49,23,46,72,94,106,128,171,183,298,310,333,345,367,402,428,440,484,496,508,534,560,44,44,57,57,155,155,170,45,58,58,78,112,125,125,125,125,125,125,125,156,156,156],"floor_reached":51,"playtime":3704,"items_purged":["Strike_R","Strike_R","Defend_R"],"score":925,"play_id":"891e6eaa-0892-4568-bf42-266f63731851","local_time":"20190920225537","is_ascension_mode":true,"campfire_choices":[{"data":"Bash","floor":7.0,"key":"SMITH"},{"floor":12.0,"key":"REST"},{"floor":15.0,"key":"REST"},{"data":"Juggernaut","floor":23.0,"key":"SMITH"},{"data":"Rage","floor":25.0,"key":"SMITH"},{"data":"Rage","floor":30.0,"key":"SMITH"},{"data":"Cleave","floor":32.0,"key":"SMITH"},{"floor":42,"key":"REST"},{"data":"Pommel Strike","floor":44,"key":"SMITH"},{"floor":49,"key":"REST"}],"neow_cost":"PERCENT_DAMAGE","seed_source_timestamp":0,"circlet_count":0,"master_deck":["Defend_R","Defend_R","Bash+1","Inflame","Headbutt","Cleave+1","Shrug It Off","Pummel","Pommel Strike+1","Juggernaut+1","Ghostly Armor","Rage+1","Shrug It Off","Battle Trance","Rage+1","Master of Strategy","Finesse+1","Ghostly Armor+1"],"special_seed":0,"relics":["Black Blood","Dream Catcher","MawBank","Girya","Velvet Choker","Centennial Puzzle","Thread and Needle","Bottled Flame","Dodecahedron","Toxic Egg 2","Kunai","Singing Bowl","Self Forming Clay"],"potions_floor_usage":[41,48,50],"damage_taken":[{"damage":0.0,"enemies":"Small Slimes","floor":1.0,"turns":3.0},{"damage":3.0,"enemies":"Jaw Worm","floor":4.0,"turns":5.0},{"damage":40.0,"enemies":"Lagavulin","floor":6.0,"turns":6.0},{"damage":0.0,"enemies":"2 Louse","floor":10.0,"turns":2.0},{"damage":25.0,"enemies":"Exordium Thugs","floor":11.0,"turns":6.0},{"damage":15.0,"enemies":"Red Slaver","floor":13.0,"turns":3.0},{"damage":32.0,"enemies":"Gremlin Nob","floor":14.0,"turns":4.0},{"damage":61.0,"enemies":"The Guardian","floor":16.0,"turns":14.0},{"damage":15.0,"enemies":"3 Byrds","floor":18.0,"turns":5.0},{"damage":12.0,"enemies":"Spheric Guardian","floor":20.0,"turns":5.0},{"damage":8.0,"enemies":"Centurion and Healer","floor":22.0,"turns":7.0},{"damage":16.0,"enemies":"Gremlin Leader","floor":24.0,"turns":7.0},{"damage":0.0,"enemies":"3 Cultists","floor":27.0,"turns":4.0},{"damage":12.0,"enemies":"Chosen and Byrds","floor":28.0,"turns":6.0},{"damage":2.0,"enemies":"Snecko","floor":31.0,"turns":5.0},{"damage":40.0,"enemies":"Automaton","floor":33.0,"turns":9.0},{"damage":13,"enemies":"3 Darklings","floor":35,"turns":4},{"damage":0,"enemies":"3 Shapes","floor":37,"turns":3},{"damage":3,"enemies":"Sphere and 2 Shapes","floor":39,"turns":3},{"damage":45,"enemies":"Nemesis","floor":40,"turns":7},{"damage":33,"enemies":"Transient","floor":41,"turns":5},{"damage":11,"enemies":"Reptomancer","floor":48,"turns":6},{"damage":75,"enemies":"Awakened One","floor":50,"turns":17}],"seed_played":"-520079267268746179","potions_obtained":[{"floor":11.0,"key":"SpeedPotion"},{"floor":14.0,"key":"EssenceOfSteel"},{"floor":18.0,"key":"Swift Potion"},{"floor":27.0,"key":"FairyPotion"},{"floor":33.0,"key":"Explosive Potion"},{"floor":41,"key":"SneckoOil"}],"is_trial":false,"path_per_floor":["M","?","$","M","?","E","R","$","T","M","M","R","M","E","R","B",null,"M","?","M","T","M","R","E","R","T","M","M","$","R","M","R","B",null,"M","$","M","$","M","E","M","R","T","R","?","?","T","E","R","B",null],"character_chosen":"IRONCLAD","items_purchased":["Inflame","Shrug It Off","Dodecahedron","Master of Strategy"],"campfire_rested":4,"item_purchase_floors":[3,8,29,29],"current_hp_per_floor":[57,50,50,53,79,45,45,45,45,51,32,56,53,36,60,14,64,65,65,59,59,65,65,69,69,69,80,74,74,74,78,78,46,72,80,80,80,80,80,54,35,59,59,59,59,59,59,60,82,17],"gold":156,"neow_bonus":"REMOVE_TWO","is_prod":false,"is_daily":false,"chose_seed":false,"campfire_upgraded":6,"win_rate":0,"timestamp":1569034537,"path_taken":["M","?","$","M","?","E","R","$","T","M","M","R","M","E","R","BOSS","M","?","?","?","M","R","E","R","T","M","M","$","R","M","R","BOSS","M","$","M","$","M","E","M","R","T","R","?","?","?","E","R","BOSS"],"build_version":"2019-07-17","purchased_purges":3,"victory":true,"max_hp_per_floor":[80,80,80,80,80,80,80,80,80,80,80,80,80,80,80,80,80,80,80,80,80,80,80,80,80,80,80,80,80,80,80,80,80,80,80,80,80,80,80,80,80,80,80,80,80,80,80,82,82,82],"card_choices":[{"not_picked":["Body Slam","Searing Blow","Second Wind"],"picked":"SKIP","floor":1.0},{"not_picked":["Anger","Reckless Charge"],"picked":"Headbutt","floor":4.0},{"not_picked":["Warcry","Infernal Blade"],"picked":"Cleave","floor":6.0},{"not_picked":["Havoc","Clash"],"picked":"Pummel","floor":10.0},{"not_picked":["Flame Barrier","Perfected Strike"],"picked":"Reaper","floor":11.0},{"not_picked":["Fire Breathing","Searing Blow"],"picked":"Pommel Strike","floor":12.0},{"not_picked":["Clothesline","Havoc","Warcry"],"picked":"SKIP","floor":13.0},{"not_picked":["Rupture","Dual Wield","Spot Weakness"],"picked":"SKIP","floor":14.0},{"not_picked":["Dark Embrace","Bludgeon"],"picked":"Juggernaut","floor":16.0},{"not_picked":["Shockwave+1","Heavy Blade","Thunderclap+1"],"picked":"SKIP","floor":18.0},{"not_picked":["Cleave","Clothesline"],"picked":"Rage","floor":20.0},{"not_picked":["Sword Boomerang","Sentinel"],"picked":"Shrug It Off","floor":22.0},{"not_picked":["Thunderclap","Uppercut"],"picked":"Battle Trance","floor":24.0},{"not_picked":["Reckless Charge+1","Immolate"],"picked":"Rage","floor":27.0},{"not_picked":["Flex","Clothesline","Flame Barrier"],"picked":"SKIP","floor":28.0},{"not_picked":["Battle Trance","Havoc","Burning Pact"],"picked":"SKIP","floor":31.0},{"not_picked":["Clothesline","True Grit+1","Shrug It Off+1"],"picked":"SKIP","floor":35},{"not_picked":["Heavy Blade","Iron Wave","Brutality"],"picked":"SKIP","floor":37},{"not_picked":["Headbutt+1","Clothesline+1","Warcry"],"picked":"SKIP","floor":39},{"not_picked":["Headbutt+1","Clothesline+1","Warcry"],"picked":"SKIP","floor":39},{"not_picked":["Warcry","Armaments+1","Perfected Strike+1"],"picked":"SKIP","floor":40},{"not_picked":["Cleave+1","Flex+1","Wild Strike"],"picked":"SKIP","floor":41},{"not_picked":["Metamorphosis+1","Bandage Up+1"],"picked":"Finesse+1","floor":45},{"not_picked":["Clothesline","Rampage+1","Blood for Blood+1"],"picked":"Singing Bowl","floor":48},{"not_picked":["Corruption+1","Searing Blow"],"picked":"Ghostly Armor+1","floor":49}],"player_experience":217052,"relics_obtained":[{"floor":6.0,"key":"Dream Catcher"},{"floor":9.0,"key":"MawBank"},{"floor":14.0,"key":"Girya"},{"floor":21.0,"key":"Centennial Puzzle"},{"floor":24.0,"key":"Thread and Needle"},{"floor":26.0,"key":"Bottled Flame"},{"floor":40,"key":"Toxic Egg 2"},{"floor":43,"key":"Kunai"},{"floor":47,"key":"Singing Bowl"},{"floor":48,"key":"Self Forming Clay"}],"event_choices":[{"cards_removed":["Strike_R"],"damage_healed":0.0,"max_hp_gain":0.0,"max_hp_loss":0.0,"gold_gain":0.0,"event_name":"Golden Wing","player_choice":"Card Removal","floor":2.0,"gold_loss":0.0,"damage_taken":7.0},{"damage_healed":26.0,"max_hp_gain":0.0,"max_hp_loss":0.0,"gold_gain":0.0,"event_name":"Big Fish","player_choice":"Banana","floor":5.0,"gold_loss":0.0,"damage_taken":0.0},{"damage_healed":0.0,"max_hp_gain":0.0,"max_hp_loss":0.0,"gold_gain":0.0,"cards_transformed":["Strike_R"],"event_name":"Transmorgrifier","player_choice":"Transformed","floor":19.0,"gold_loss":0.0,"damage_taken":0.0,"cards_obtained":["Ghostly Armor"]},{"damage_healed":0,"gold_gain":0,"player_choice":"Memory 1","damage_taken":0,"max_hp_gain":0,"max_hp_loss":0,"event_name":"SensoryStone","floor":45,"gold_loss":0},{"cards_removed":["Reaper"],"damage_healed":0,"gold_gain":0,"player_choice":"Removed Attack","damage_taken":0,"max_hp_gain":0,"max_hp_loss":0,"event_name":"Falling","floor":46,"gold_loss":0}],"is_beta":false,"boss_relics":[{"not_picked":["Fusion Hammer","Ectoplasm"],"picked":"Velvet Choker"},{"not_picked":["Cursed Key","Busted Crown"],"picked":"Black Blood"}],"items_purged_floors":[3,29,36],"is_endless":false,"potions_floor_spawned":[11,14,18,27,28,31,33,35,39,41],"ascension_level":7}