{"gold_per_floor":[118,43,21,34,48,48,73,73,73,73,73,73,84,94,94,196,196,209,209,209,221,221,221,252,282,376,402,414,123,123,139,139,236,236,256,216,229,247,257,257,273,273,273,273,291,302,107,120,120,120],"floor_reached":50,"playtime":3448,"items_purged":["Strike_B","Defend_B","Strike_B"],"score":466,"play_id":"593419cb-1634-48d7-b358-9873a9ab54a9","local_time":"20190914002044","is_ascension_mode":false,"campfire_choices":[{"data":"Sweeping Beam","floor":6.0,"key":"SMITH"},{"data":"Streamline","floor":8.0,"key":"SMITH"},{"data":"Double Energy","floor":11.0,"key":"SMITH"},{"data":"Conserve Battery","floor":15.0,"key":"SMITH"},{"floor":23.0,"key":"REST"},{"floor":28,"key":"REST"},{"data":"Redo","floor":30,"key":"SMITH"},{"data":"Redo","floor":32,"key":"SMITH"},{"data":"Ball Lightning","floor":40,"key":"SMITH"},{"floor":44,"key":"REST"},{"floor":49,"key":"REST"}],"neow_cost":"NONE","seed_source_timestamp":0,"circlet_count":0,"master_deck":["Strike_B+1","Defend_B","Defend_B","Zap+1","Dualcast","Sweeping Beam+1","Streamline+1","Double Energy+1","Redo+1","Reboot","Conserve Battery+1","Electrodynamics","Steam+1","Ball Lightning+1","Skim+1","Redo+1","Multi-Cast","Redo+1","Consume"],"special_seed":0,"relics":["Cracked Core","Letter Opener","Kunai","Busted Crown","Nilry\u0027s Codex","MawBank","Pantograph","ClockworkSouvenir","Inserter","Pocketwatch"],"potions_floor_usage":[33,41,45,46,50,50,50],"damage_taken":[{"damage":0.0,"enemies":"Cultist","floor":1.0,"turns":4.0},{"damage":5.0,"enemies":"Small Slimes","floor":4.0,"turns":3.0},{"damage":1.0,"enemies":"2 Louse","floor":5.0,"turns":3.0},{"damage":22.0,"enemies":"Gremlin Nob","floor":7.0,"turns":4.0},{"damage":2.0,"enemies":"Blue Slaver","floor":13.0,"turns":2.0},{"damage":5.0,"enemies":"2 Fungi Beasts","floor":14.0,"turns":3.0},{"damage":12.0,"enemies":"The Guardian","floor":16.0,"turns":9.0},{"damage":10.0,"enemies":"2 Thieves","floor":18.0,"turns":3.0},{"damage":11.0,"enemies":"Spheric Guardian","floor":21.0,"turns":4.0},{"damage":9.0,"enemies":"Gremlin Leader","floor":24.0,"turns":6.0},{"damage":5,"enemies":"3 Cultists","floor":25,"turns":3},{"damage":25,"enemies":"Shelled Parasite and Fungi","floor":27,"turns":4},{"damage":10,"enemies":"Cultist and Chosen","floor":31,"turns":4},{"damage":23,"enemies":"Collector","floor":33,"turns":6},{"damage":18,"enemies":"3 Darklings","floor":35,"turns":3},{"damage":9,"enemies":"3 Shapes","floor":37,"turns":2},{"damage":13,"enemies":"Spire Growth","floor":38,"turns":4},{"damage":5,"enemies":"Sphere and 2 Shapes","floor":39,"turns":3},{"damage":22,"enemies":"4 Shapes","floor":41,"turns":2},{"damage":23,"enemies":"Jaw Worm Horde","floor":45,"turns":3},{"damage":0,"enemies":"Spire Growth","floor":46,"turns":3},{"damage":8,"enemies":"3 Darklings","floor":48,"turns":3},{"damage":83,"enemies":"Donu and Deca","floor":50,"turns":6}],"seed_played":"-7421818206224599505","potions_obtained":[{"floor":1.0,"key":"Regen Potion"},{"floor":5.0,"key":"GamblersBrew"},{"floor":7.0,"key":"Fruit Juice"},{"floor":14.0,"key":"Explosive Potion"},{"floor":25,"key":"Ancient Potion"},{"floor":27,"key":"EssenceOfSteel"},{"floor":33,"key":"Ancient Potion"},{"floor":39,"key":"Swift Potion"},{"floor":41,"key":"Fire Potion"},{"floor":45,"key":"Block Potion"},{"floor":48,"key":"Regen Potion"}],"is_trial":false,"path_per_floor":["M","$","$","M","M","R","E","R","T","?","R","?","M","M","R","B",null,"M","?","?","M","?","R","E","M","T","M","R","$","R","M","R","B",null,"M","?","M","M","M","R","M","?","T","R","M","M","$","M","R","B"],"character_chosen":"DEFECT","items_purchased":["Streamline","ClockworkSouvenir","Consume"],"campfire_rested":4,"item_purchase_floors":[3,29,47],"current_hp_per_floor":[82,82,82,77,76,76,54,54,54,81,81,81,79,74,74,67,87,77,61,61,50,42,68,59,54,54,29,55,55,55,45,45,59,87,69,69,60,47,42,42,20,20,20,46,23,23,23,15,41,0],"gold":120,"neow_bonus":"TEN_PERCENT_HP_BONUS","is_prod":false,"is_daily":false,"chose_seed":false,"campfire_upgraded":7,"win_rate":0.0,"timestamp":1568434844,"path_taken":["M","?","$","M","M","R","E","R","T","?","R","?","M","M","R","BOSS","M","?","?","M","?","R","E","?","T","M","R","$","R","M","R","BOSS","M","?","M","M","M","R","?","?","T","R","M","M","$","M","R","BOSS"],"build_version":"2019-07-17","purchased_purges":3,"victory":false,"max_hp_per_floor":[82,82,82,82,82,82,82,82,82,82,82,82,82,82,82,87,87,87,87,87,87,87,87,87,87,87,87,87,87,87,87,87,87,87,87,87,87,87,87,87,87,87,87,87,87,87,87,87,87,87],"card_choices":[{"not_picked":["BootSequence","Steam"],"picked":"Sweeping Beam","floor":1.0},{"not_picked":["Steam","Barrage"],"picked":"Double Energy","floor":4.0},{"not_picked":["Lockon","Blizzard"],"picked":"Redo","floor":5.0},{"not_picked":["Beam Cell","Capacitor"],"picked":"Reboot","floor":7.0},{"not_picked":["Barrage","Ball Lightning"],"picked":"Conserve Battery","floor":13.0},{"not_picked":["Cold Snap","Tempest","Hologram"],"picked":"SKIP","floor":14.0},{"not_picked":["Rainbow","Reboot"],"picked":"Electrodynamics","floor":16.0},{"not_picked":[],"picked":"Steam+1","floor":18.0},{"not_picked":["Chill"],"picked":"SKIP","floor":21.0},{"not_picked":[],"picked":"Ball Lightning","floor":24},{"not_picked":[],"picked":"Skim+1","floor":25},{"not_picked":[],"picked":"Redo","floor":27},{"not_picked":["Consume"],"picked":"SKIP","floor":31},{"not_picked":[],"picked":"Multi-Cast","floor":33},{"not_picked":[],"picked":"Redo+1","floor":35},{"not_picked":["Sweeping Beam+1"],"picked":"SKIP","floor":37},{"not_picked":["Consume"],"picked":"SKIP","floor":38},{"not_picked":["Leap"],"picked":"SKIP","floor":39},{"not_picked":["Gash"],"picked":"SKIP","floor":41},{"not_picked":["FTL"],"picked":"SKIP","floor":45},{"not_picked":["Gash"],"picked":"SKIP","floor":46},{"not_picked":["Auto Shields+1"],"picked":"SKIP","floor":48}],"player_experience":142685,"relics_obtained":[{"floor":7.0,"key":"Letter Opener"},{"floor":9.0,"key":"Kunai"},{"floor":19.0,"key":"Nilry\u0027s Codex"},{"floor":24,"key":"MawBank"},{"floor":26,"key":"Pantograph"},{"floor":43,"key":"Pocketwatch"}],"event_choices":[{"damage_healed":27.0,"max_hp_gain":0.0,"max_hp_loss":0.0,"gold_gain":0.0,"event_name":"Big Fish","player_choice":"Banana","floor":10.0,"gold_loss":0.0,"damage_taken":0.0},{"cards_removed":["Strike_B"],"damage_healed":0.0,"max_hp_gain":0.0,"max_hp_loss":0.0,"gold_gain":0.0,"event_name":"Living Wall","player_choice":"Forget","floor":12.0,"gold_loss":0.0,"damage_taken":0.0},{"damage_healed":0.0,"max_hp_gain":0.0,"max_hp_loss":0.0,"gold_gain":0.0,"event_name":"Cursed Tome","player_choice":"Obtained Book","floor":19.0,"gold_loss":0.0,"damage_taken":16.0},{"cards_removed":["Defend_B"],"damage_healed":0.0,"max_hp_gain":0.0,"max_hp_loss":0.0,"gold_gain":0.0,"event_name":"Back to Basics","player_choice":"Elegance","floor":20.0,"gold_loss":0.0,"damage_taken":0.0},{"damage_healed":0.0,"max_hp_gain":0.0,"max_hp_loss":0.0,"gold_gain":0.0,"event_name":"Wheel of Change","player_choice":"Damaged","floor":22.0,"gold_loss":0.0,"damage_taken":8.0},{"damage_healed":0,"gold_gain":0,"player_choice":"Upgraded Two","damage_taken":0,"max_hp_gain":0,"max_hp_loss":0,"event_name":"Designer","floor":36,"gold_loss":40,"cards_upgraded":["Strike_B","Zap"]},{"damage_healed":0,"gold_gain":0,"player_choice":"Bought 0 Potions","damage_taken":0,"max_hp_gain":0,"max_hp_loss":0,"event_name":"The Woman in Blue","floor":42,"gold_loss":0}],"is_beta":false,"boss_relics":[{"not_picked":["Black Star","Tiny House"],"picked":"Busted Crown"},{"not_picked":["Philosopher\u0027s Stone","Coffee Dripper"],"picked":"Inserter"}],"items_purged_floors":[2,29,47],"is_endless":false,"potions_floor_spawned":[1,5,7,14,25,27,33,39,41,45,48],"killed_by":"Donu and Deca","ascension_level":0}