{"gold_per_floor":[114,133,145,162,173,173,184,218,241,70,85,103,103,135,135,135],"floor_reached":16,"playtime":1242,"items_purged":["Strike_R"],"score":116,"play_id":"d492a655-a87d-4558-99ce-277032c3de75","local_time":"20190914113320","is_ascension_mode":false,"campfire_choices":[{"data":"Double Tap","floor":6,"key":"SMITH"},{"floor":13,"key":"REST"},{"data":"Berserk","floor":15,"key":"SMITH"}],"neow_cost":"PERCENT_DAMAGE","seed_source_timestamp":223446423825400,"circlet_count":0,"master_deck":["Strike_R","Strike_R","Strike_R","Strike_R","Defend_R","Defend_R","Defend_R","Defend_R","Bash","Double Tap+1","Seeing Red","Iron Wave","True Grit","Shrug It Off","Thunderclap","Whirlwind","Flash of Steel","Berserk+1"],"relics":["Burning Blood","Prayer Wheel","Regal Pillow","Bag of Marbles"],"potions_floor_usage":[2,8,16,16,16],"damage_taken":[{"damage":8,"enemies":"2 Louse","floor":1,"turns":4},{"damage":1,"enemies":"Jaw Worm","floor":2,"turns":3},{"damage":7,"enemies":"Small Slimes","floor":3,"turns":3},{"damage":20,"enemies":"Exordium Wildlife","floor":4,"turns":7},{"damage":4,"enemies":"3 Louse","floor":5,"turns":6},{"damage":2,"enemies":"Looter","floor":7,"turns":4},{"damage":23,"enemies":"Lagavulin","floor":8,"turns":7},{"damage":3,"enemies":"Red Slaver","floor":11,"turns":4},{"damage":0,"enemies":"2 Fungi Beasts","floor":12,"turns":3},{"damage":32,"enemies":"Gremlin Nob","floor":14,"turns":5},{"damage":63,"enemies":"Hexaghost","floor":16,"turns":11}],"seed_played":"1074235736909188002","potions_obtained":[{"floor":1,"key":"GamblersBrew"},{"floor":2,"key":"Fruit Juice"},{"floor":4,"key":"SteroidPotion"},{"floor":8,"key":"SteroidPotion"},{"floor":11,"key":"SpeedPotion"}],"is_trial":false,"path_per_floor":["M","M","M","M","M","R","M","E","T","$","M","M","R","E","R","B"],"character_chosen":"IRONCLAD","items_purchased":["Flash of Steel"],"campfire_rested":1,"item_purchase_floors":[10],"current_hp_per_floor":[54,64,63,49,51,51,55,38,38,38,41,47,85,59,59,0],"gold":135,"neow_bonus":"THREE_RARE_CARDS","is_prod":false,"is_daily":false,"chose_seed":false,"campfire_upgraded":2,"win_rate":0,"timestamp":1568475200,"path_taken":["M","M","M","M","M","R","M","E","T","$","M","M","R","E","R","BOSS"],"build_version":"2019-07-17","purchased_purges":1,"victory":false,"max_hp_per_floor":[80,85,85,85,85,85,85,85,85,85,85,85,85,85,85,85],"card_choices":[{"not_picked":["Dark Embrace","Berserk"],"picked":"Double Tap","floor":0},{"not_picked":["Power Through","Burning Pact"],"picked":"Seeing Red","floor":1},{"not_picked":["Sword Boomerang","Perfected Strike"],"picked":"Iron Wave","floor":2},{"not_picked":["Burning Pact","Rupture"],"picked":"True Grit","floor":3},{"not_picked":["Feel No Pain","Intimidate"],"picked":"Shrug It Off","floor":4},{"not_picked":["Flex","Clash","Iron Wave"],"picked":"SKIP","floor":5},{"not_picked":["Headbutt","Body Slam"],"picked":"Thunderclap","floor":7},{"not_picked":["Cleave","Ghostly Armor"],"picked":"Whirlwind","floor":8},{"not_picked":["Anger","Sentinel"],"picked":"Berserk","floor":11},{"not_picked":["Cleave","Shrug It Off","Whirlwind"],"picked":"SKIP","floor":11},{"not_picked":["Seeing Red","Perfected Strike","Whirlwind"],"picked":"SKIP","floor":12},{"not_picked":["Havoc","Headbutt","Anger"],"picked":"SKIP","floor":12},{"not_picked":["Warcry","Sword Boomerang","True Grit"],"picked":"SKIP","floor":14}],"player_experience":156604,"relics_obtained":[{"floor":8,"key":"Prayer Wheel"},{"floor":9,"key":"Regal Pillow"},{"floor":14,"key":"Bag of Marbles"}],"event_choices":[],"is_beta":false,"boss_relics":[],"items_purged_floors":[10],"is_endless":false,"potions_floor_spawned":[1,2,4,8,11],"killed_by":"Hexaghost","ascension_level":0}