{"gold_per_floor":[112,125,137,153,172,172,206,206,206,266,6,24,51,63,63,158,158,177,177,188,199,199,199],"floor_reached":23,"playtime":2262,"items_purged":["Strike_R"],"score":205,"play_id":"6e382b13-c16d-45b9-b4e1-43d9d5c020ef","local_time":"20190902133054","is_ascension_mode":false,"campfire_choices":[{"data":"Thunderclap","floor":6.0,"key":"SMITH"},{"data":"Seeing Red","floor":8.0,"key":"SMITH"},{"floor":15.0,"key":"REST"}],"neow_cost":"NONE","seed_source_timestamp":0,"circlet_count":0,"master_deck":["Strike_R","Strike_R","Strike_R","Defend_R","Defend_R","Defend_R","Bash","Exhume","True Grit","Thunderclap+1","Seeing Red+1","Warcry","Demon Form","Feel No Pain","True Grit","Second Wind","Immolate","Corruption","Pummel+1"],"special_seed":0,"relics":["Burning Blood","Bottled Lightning","Vajra","Pen Nib","Oddly Smooth Stone","Self Forming Clay","Empty Cage"],"potions_floor_usage":[23],"damage_taken":[{"damage":8.0,"enemies":"2 Louse","floor":1.0,"turns":4.0},{"damage":11.0,"enemies":"Jaw Worm","floor":2.0,"turns":4.0},{"damage":1.0,"enemies":"Cultist","floor":3.0,"turns":4.0},{"damage":5.0,"enemies":"3 Louse","floor":4.0,"turns":4.0},{"damage":9.0,"enemies":"2 Fungi Beasts","floor":5.0,"turns":4.0},{"damage":25.0,"enemies":"3 Sentries","floor":7.0,"turns":8.0},{"damage":4.0,"enemies":"3 Sentries","floor":10.0,"turns":6.0},{"damage":21.0,"enemies":"Blue Slaver","floor":12.0,"turns":3.0},{"damage":16.0,"enemies":"Gremlin Nob","floor":13.0,"turns":5.0},{"damage":19.0,"enemies":"Large Slime","floor":14.0,"turns":7.0},{"damage":38.0,"enemies":"Slime Boss","floor":16.0,"turns":8.0},{"damage":25.0,"enemies":"2 Thieves","floor":18.0,"turns":5.0},{"damage":7.0,"enemies":"Chosen","floor":20.0,"turns":5.0},{"damage":25.0,"enemies":"Centurion and Healer","floor":21.0,"turns":6.0},{"damage":71,"enemies":"Book of Stabbing","floor":23,"turns":11}],"seed_played":"-3109594316424920717","potions_obtained":[{"floor":2.0,"key":"Energy Potion"},{"floor":3.0,"key":"GamblersBrew"},{"floor":4.0,"key":"Regen Potion"},{"floor":7.0,"key":"Fire Potion"},{"floor":16.0,"key":"Strength Potion"},{"floor":20.0,"key":"Strength Potion"}],"is_trial":false,"path_per_floor":["M","M","M","M","M","R","E","R","T","?","$","M","E","M","R","B",null,"M","?","M","M","?","E"],"character_chosen":"IRONCLAD","items_purchased":["Feel No Pain","Oddly Smooth Stone"],"campfire_rested":1,"item_purchase_floors":[11,11],"current_hp_per_floor":[78,73,78,79,76,76,57,57,57,59,59,44,34,21,45,13,80,61,61,60,41,67,0],"gold":199,"neow_bonus":"ONE_RANDOM_RARE_CARD","is_prod":false,"is_daily":false,"chose_seed":false,"campfire_upgraded":2,"win_rate":0,"timestamp":1567445454,"path_taken":["M","M","M","M","M","R","E","R","T","?","$","M","E","M","R","BOSS","M","?","M","M","?","E"],"build_version":"2019-07-17","purchased_purges":1,"victory":false,"max_hp_per_floor":[80,80,80,80,80,80,80,80,80,80,80,80,80,80,80,80,80,80,80,80,80,80,80],"card_choices":[{"not_picked":["Sword Boomerang","Shrug It Off"],"picked":"True Grit","floor":1.0},{"not_picked":["Heavy Blade","Blood for Blood"],"picked":"Thunderclap","floor":2.0},{"not_picked":["Carnage","Thunderclap"],"picked":"Seeing Red","floor":3.0},{"not_picked":["Perfected Strike","Dual Wield"],"picked":"Warcry","floor":4.0},{"not_picked":["Heavy Blade","Seeing Red","Power Through"],"picked":"SKIP","floor":5.0},{"not_picked":["Fire Breathing","Power Through","Sword Boomerang"],"picked":"SKIP","floor":7.0},{"not_picked":["Shockwave","Flame Barrier"],"picked":"Demon Form","floor":10.0},{"not_picked":["Pummel","Sword Boomerang"],"picked":"True Grit","floor":12.0},{"not_picked":["Evolve","Pommel Strike","Perfected Strike"],"picked":"SKIP","floor":13.0},{"not_picked":["Reckless Charge","Clash"],"picked":"Second Wind","floor":14.0},{"not_picked":["Double Tap","Berserk"],"picked":"Immolate","floor":16.0},{"not_picked":["Whirlwind","Anger+1"],"picked":"Corruption","floor":18.0},{"not_picked":["Havoc","Reckless Charge"],"picked":"Pummel+1","floor":20.0},{"not_picked":["Hemokinesis","Power Through","Entrench"],"picked":"SKIP","floor":21.0}],"player_experience":37285,"relics_obtained":[{"floor":7.0,"key":"Bottled Lightning"},{"floor":9.0,"key":"Vajra"},{"floor":13.0,"key":"Self Forming Clay"}],"event_choices":[{"damage_healed":0.0,"max_hp_gain":0.0,"max_hp_loss":0.0,"gold_gain":0.0,"event_name":"Dead Adventurer","player_choice":"Searched \u00272\u0027 times","floor":10.0,"gold_loss":0.0,"damage_taken":0.0,"relics_obtained":["Pen Nib"]},{"damage_healed":0.0,"max_hp_gain":0.0,"max_hp_loss":0.0,"gold_gain":0.0,"event_name":"Vampires","player_choice":"Ignored","floor":19.0,"gold_loss":0.0,"damage_taken":0.0},{"damage_healed":26,"gold_gain":0,"player_choice":"Heal","damage_taken":0,"max_hp_gain":0,"max_hp_loss":0,"event_name":"The Library","floor":22,"gold_loss":0}],"is_beta":false,"boss_relics":[{"not_picked":["Fusion Hammer","Sozu"],"picked":"Empty Cage"}],"items_purged_floors":[11],"is_endless":false,"potions_floor_spawned":[2,3,4,7,16,20],"killed_by":"Book of Stabbing","ascension_level":0}