{"gold_per_floor":[139,139,15,15,90,13,13,31,31,31,51,94,94,114,114,237,237,210,234,134,147,160,160],"floor_reached":23,"playtime":1523,"items_purged":["Strike_B","Defend_B"],"score":191,"play_id":"016caf24-08bd-4720-96aa-7d17f626cd4c","local_time":"20190922111109","is_ascension_mode":false,"campfire_choices":[{"data":"Loop","floor":7.0,"key":"SMITH"},{"data":"Cold Snap","floor":10.0,"key":"SMITH"},{"data":"Chill","floor":13.0,"key":"SMITH"},{"floor":15.0,"key":"REST"}],"neow_cost":"NONE","seed_source_timestamp":0,"circlet_count":0,"master_deck":["Strike_B","Strike_B+1","Strike_B+1","Defend_B","Defend_B","Defend_B","Zap","Dualcast","Conserve Battery","Cold Snap+1","Loop+1","Hello World","Chill+1","Reboot","Self Repair","Conserve Battery"],"special_seed":0,"relics":["Cracked Core","Tiny Chest","Pear","Golden Idol","Bag of Preparation","Whetstone","Snecko Eye"],"potions_floor_usage":[19,23,23],"damage_taken":[{"damage":4.0,"enemies":"Jaw Worm","floor":1.0,"turns":5.0},{"damage":4.0,"enemies":"2 Louse","floor":8.0,"turns":3.0},{"damage":0.0,"enemies":"Cultist","floor":11.0,"turns":3.0},{"damage":15.0,"enemies":"Lagavulin","floor":12.0,"turns":6.0},{"damage":2.0,"enemies":"Looter","floor":14.0,"turns":3.0},{"damage":42.0,"enemies":"Hexaghost","floor":16.0,"turns":12.0},{"damage":30.0,"enemies":"2 Thieves","floor":18.0,"turns":5.0},{"damage":9,"enemies":"Spheric Guardian","floor":19,"turns":6},{"damage":30,"enemies":"3 Cultists","floor":21,"turns":7},{"damage":5,"enemies":"Centurion and Healer","floor":22,"turns":9},{"damage":22,"enemies":"Book of Stabbing","floor":23,"turns":4}],"seed_played":"-2104790159664363534","potions_obtained":[{"floor":8.0,"key":"EssenceOfSteel"},{"floor":12.0,"key":"Dexterity Potion"},{"floor":16.0,"key":"Block Potion"},{"floor":22,"key":"Swift Potion"}],"is_trial":false,"path_per_floor":["M","?","$","?","?","$","R","M","T","R","M","E","R","M","R","B",null,"M","M","$","M","M","E"],"character_chosen":"DEFECT","items_purchased":["Cold Snap","Loop"],"campfire_rested":1,"item_purchase_floors":[3,6],"current_hp_per_floor":[71,78,78,78,67,67,67,63,63,63,63,48,48,46,69,27,79,49,40,40,17,19,0],"gold":160,"neow_bonus":"RANDOM_COMMON_RELIC","is_prod":false,"is_daily":false,"chose_seed":false,"campfire_upgraded":3,"win_rate":0,"timestamp":1569165069,"path_taken":["M","?","$","?","?","?","R","M","T","R","?","E","R","M","R","BOSS","M","M","$","M","M","E"],"build_version":"2019-07-17","purchased_purges":2,"victory":false,"max_hp_per_floor":[75,85,85,79,79,79,79,79,79,79,79,79,79,79,79,79,79,79,79,79,79,79,79],"card_choices":[{"not_picked":["Cold Snap","Sweeping Beam"],"picked":"Conserve Battery","floor":1.0},{"not_picked":["Doom and Gloom","Barrage"],"picked":"Hello World","floor":8.0},{"not_picked":["Gash","Stack","Meteor Strike"],"picked":"SKIP","floor":11.0},{"not_picked":["Ball Lightning","Go for the Eyes"],"picked":"Chill","floor":12.0},{"not_picked":["Ball Lightning","Rebound","Lockon"],"picked":"SKIP","floor":14.0},{"not_picked":["Amplify","Multi-Cast"],"picked":"Reboot","floor":16.0},{"not_picked":["FTL+1","Barrage","Turbo"],"picked":"SKIP","floor":18.0},{"not_picked":["Go for the Eyes","Blizzard"],"picked":"Self Repair","floor":19},{"not_picked":["Blizzard","Compile Driver"],"picked":"Conserve Battery","floor":21},{"not_picked":["Barrage","Genetic Algorithm","Steam"],"picked":"SKIP","floor":22}],"player_experience":234778,"relics_obtained":[{"floor":9.0,"key":"Bag of Preparation"},{"floor":12.0,"key":"Whetstone"}],"event_choices":[{"damage_healed":0.0,"max_hp_gain":0.0,"max_hp_loss":0.0,"gold_gain":0.0,"event_name":"Scrap Ooze","player_choice":"Success","floor":2.0,"gold_loss":0.0,"damage_taken":3.0,"relics_obtained":["Pear"]},{"damage_healed":0.0,"max_hp_gain":0.0,"max_hp_loss":6.0,"gold_gain":0.0,"event_name":"Golden Idol","player_choice":"Lose Max HP","floor":4.0,"gold_loss":0.0,"damage_taken":0.0,"relics_obtained":["Golden Idol"]},{"damage_healed":0.0,"max_hp_gain":0.0,"max_hp_loss":0.0,"gold_gain":75.0,"event_name":"World of Goop","player_choice":"Gather Gold","floor":5.0,"gold_loss":0.0,"damage_taken":11.0}],"is_beta":false,"boss_relics":[{"not_picked":["Eternal Feather","Tiny House"],"picked":"Snecko Eye"}],"items_purged_floors":[3,20],"is_endless":false,"potions_floor_spawned":[8,12,16,22],"killed_by":"Book of Stabbing","ascension_level":0}