{"gold_per_floor":[113,126,140,150,49,49,68,68,68,68,68,84,84,119,131,247,259,281,274,303,240,6,6,6,6],"floor_reached":25,"playtime":1693,"items_purged":["Strike_R","Strike_R"],"score":203,"play_id":"02bed629-091a-449c-a7db-b7bc0684b1ed","local_time":"20190902135922","is_ascension_mode":false,"campfire_choices":[{"data":"Limit Break","floor":6,"key":"SMITH"},{"data":"Inflame","floor":8,"key":"SMITH"},{"data":"Heavy Blade","floor":11,"key":"SMITH"},{"floor":13,"key":"REST"},{"data":"Shrug It Off","floor":15,"key":"SMITH"},{"data":"Flame Barrier","floor":23,"key":"SMITH"}],"neow_cost":"PERCENT_DAMAGE","seed_source_timestamp":97435167512900,"circlet_count":0,"master_deck":["Strike_R","Defend_R","Defend_R","Defend_R","Limit Break+1","Heavy Blade+1","Flame Barrier+1","Inflame+1","Flex","Shrug It Off+1","Ghostly Armor","Offering","Double Tap","Cleave+1","True Grit+1"],"relics":["Burning Blood","Dodecahedron","MawBank","Empty Cage","Vajra"],"potions_floor_usage":[16,16,25,25],"damage_taken":[{"damage":7,"enemies":"Cultist","floor":1,"turns":5},{"damage":0,"enemies":"2 Louse","floor":2,"turns":3},{"damage":0,"enemies":"Small Slimes","floor":3,"turns":4},{"damage":43,"enemies":"Exordium Thugs","floor":4,"turns":9},{"damage":7,"enemies":"Large Slime","floor":7,"turns":5},{"damage":24,"enemies":"Lots of Slimes","floor":12,"turns":6},{"damage":10,"enemies":"Gremlin Nob","floor":14,"turns":4},{"damage":27,"enemies":"Slime Boss","floor":16,"turns":8},{"damage":34,"enemies":"Spheric Guardian","floor":18,"turns":7},{"damage":14,"enemies":"2 Thieves","floor":19,"turns":4},{"damage":23,"enemies":"Snake Plant","floor":20,"turns":4},{"damage":29,"enemies":"3 Cultists","floor":25,"turns":3}],"seed_played":"8182103939056333455","potions_obtained":[{"floor":2,"key":"Dexterity Potion"},{"floor":3,"key":"LiquidBronze"},{"floor":12,"key":"SpeedPotion"},{"floor":16,"key":"Ancient Potion"},{"floor":19,"key":"Fire Potion"}],"is_trial":false,"path_per_floor":["M","M","M","M","$","R","M","R","T","?","R","M","R","E","R","B",null,"M","M","M","?","$","R","?","M"],"character_chosen":"IRONCLAD","items_purchased":["Flex","Vajra"],"campfire_rested":1,"item_purchase_floors":[5,22],"current_hp_per_floor":[55,61,67,30,30,30,29,29,29,55,55,37,61,57,57,36,80,52,44,27,27,27,27,27,0],"gold":6,"neow_bonus":"THREE_RARE_CARDS","is_prod":false,"is_daily":false,"chose_seed":false,"campfire_upgraded":5,"win_rate":0,"timestamp":1567447162,"path_taken":["M","?","M","M","$","R","M","R","T","?","R","M","R","E","R","BOSS","M","M","M","?","$","R","?","M"],"build_version":"2019-07-17","purchased_purges":2,"victory":false,"max_hp_per_floor":[80,80,80,80,80,80,80,80,80,80,80,80,80,80,80,80,80,80,80,80,80,80,80,80,80],"card_choices":[{"not_picked":["Feed","Offering"],"picked":"Limit Break","floor":0},{"not_picked":["Shrug It Off","Sever Soul"],"picked":"Heavy Blade","floor":1},{"not_picked":["Cleave","Thunderclap"],"picked":"Flame Barrier","floor":2},{"not_picked":["Clothesline","Havoc","Berserk"],"picked":"SKIP","floor":3},{"not_picked":["Burning Pact","True Grit"],"picked":"Inflame","floor":4},{"not_picked":["Anger","Sentinel"],"picked":"Shrug It Off","floor":7},{"not_picked":["Rage","Pommel Strike"],"picked":"Ghostly Armor","floor":12},{"not_picked":["Dropkick","Disarm"],"picked":"Offering","floor":14},{"not_picked":["Immolate","Juggernaut"],"picked":"Double Tap","floor":16},{"not_picked":["Headbutt+1","Seeing Red+1"],"picked":"Cleave+1","floor":18},{"not_picked":["Havoc","Clothesline"],"picked":"True Grit+1","floor":19},{"not_picked":["Twin Strike+1","Hemokinesis+1","Intimidate"],"picked":"SKIP","floor":20}],"player_experience":39547,"relics_obtained":[{"floor":9,"key":"Dodecahedron"},{"floor":14,"key":"MawBank"}],"event_choices":[{"damage_healed":26,"gold_gain":0,"player_choice":"Banana","damage_taken":0,"max_hp_gain":0,"max_hp_loss":0,"event_name":"Big Fish","floor":10,"gold_loss":0},{"cards_removed":["Strike_R"],"damage_healed":0,"gold_gain":0,"player_choice":"Gave Gold","damage_taken":0,"max_hp_gain":0,"max_hp_loss":0,"event_name":"Beggar","floor":21,"gold_loss":75},{"cards_removed":["Bash"],"damage_healed":0,"gold_gain":0,"player_choice":"Offered Basic","damage_taken":0,"max_hp_gain":0,"max_hp_loss":0,"event_name":"Bonfire Elementals","floor":24,"gold_loss":0}],"is_beta":false,"boss_relics":[{"not_picked":["Philosopher\u0027s Stone","Black Star"],"picked":"Empty Cage"}],"items_purged_floors":[5,22],"is_endless":false,"potions_floor_spawned":[2,3,12,16,19],"killed_by":"3 Cultists","ascension_level":0}