{"gold_per_floor":[115,115,129,129,147,175,46,46,46,56,31,58,58,77,77,180,180,200,220,220,238,257,257,275,275,275,293,309,344,344,22,22,121,121,139,139,159,62,76,76,109,166,232,257,269,8,8,41,41,41],"floor_reached":51,"playtime":5028,"items_purged":["Strike_G","Strike_G","Defend_G"],"score":727,"play_id":"a51315db-1646-41db-a696-834ca3c87d87","local_time":"20190908005223","is_ascension_mode":false,"campfire_choices":[{"data":"Footwork","floor":8.0,"key":"SMITH"},{"floor":13.0,"key":"REST"},{"data":"A Thousand Cuts","floor":15.0,"key":"SMITH"},{"data":"Infinite Blades","floor":23.0,"key":"SMITH"},{"data":"Cloak And Dagger","floor":30.0,"key":"SMITH"},{"floor":32.0,"key":"REST"},{"floor":40,"key":"REST"},{"floor":45,"key":"REST"},{"data":"Accuracy","floor":49,"key":"SMITH"}],"neow_cost":"NONE","seed_source_timestamp":0,"circlet_count":0,"master_deck":["Strike_G","Strike_G","Defend_G","Defend_G","Survivor","Neutralize+1","Backflip","Footwork+1","Terror","Well Laid Plans","Dagger Spray","Cloak And Dagger","Backflip","A Thousand Cuts+1","Calculated Gamble","Burst","PiercingWail","Infinite Blades+1","Cloak And Dagger+1","PiercingWail","Backstab+1","Accuracy+1","Envenom","Flash of Steel","Parasite","Prepared+1","Footwork","Adrenaline"],"special_seed":0,"relics":["Ring of the Snake","Mummified Hand","Shuriken","Odd Mushroom","Philosopher\u0027s Stone","Bottled Tornado","Bronze Scales","Ancient Tea Set","Eternal Feather","MawBank","Gambling Chip","Bag of Preparation","The Specimen"],"potions_floor_usage":[41,41,42,50],"damage_taken":[{"damage":0.0,"enemies":"Jaw Worm","floor":1.0,"turns":4.0},{"damage":0.0,"enemies":"Small Slimes","floor":3.0,"turns":3.0},{"damage":3.0,"enemies":"2 Louse","floor":5.0,"turns":3.0},{"damage":24.0,"enemies":"3 Sentries","floor":6.0,"turns":15.0},{"damage":7.0,"enemies":"2 Fungi Beasts","floor":10.0,"turns":3.0},{"damage":1.0,"enemies":"The Mushroom Lair","floor":12.0,"turns":3.0},{"damage":6.0,"enemies":"Lots of Slimes","floor":14.0,"turns":3.0},{"damage":4.0,"enemies":"Hexaghost","floor":16.0,"turns":9.0},{"damage":0.0,"enemies":"Chosen","floor":18.0,"turns":4.0},{"damage":0.0,"enemies":"3 Byrds","floor":19.0,"turns":4.0},{"damage":2.0,"enemies":"Centurion and Healer","floor":21.0,"turns":6.0},{"damage":5.0,"enemies":"Snecko","floor":22.0,"turns":6.0},{"damage":1.0,"enemies":"Snake Plant","floor":24.0,"turns":4.0},{"damage":0.0,"enemies":"Centurion and Healer","floor":27.0,"turns":3.0},{"damage":6.0,"enemies":"Cultist and Chosen","floor":28.0,"turns":8.0},{"damage":0.0,"enemies":"Gremlin Leader","floor":29.0,"turns":5.0},{"damage":2.0,"enemies":"Collector","floor":33.0,"turns":5.0},{"damage":2,"enemies":"3 Shapes","floor":35,"turns":5},{"damage":8,"enemies":"Orb Walker","floor":37,"turns":4},{"damage":29,"enemies":"Writhing Mass","floor":39,"turns":5},{"damage":12,"enemies":"Reptomancer","floor":41,"turns":8},{"damage":19,"enemies":"2 Orb Walkers","floor":42,"turns":5},{"damage":1,"enemies":"Jaw Worm Horde","floor":44,"turns":5},{"damage":0,"enemies":"Nemesis","floor":48,"turns":5},{"damage":14,"enemies":"Donu and Deca","floor":50,"turns":6}],"seed_played":"-16784195397619003","potions_obtained":[{"floor":1.0,"key":"Fire Potion"},{"floor":6.0,"key":"Energy Potion"},{"floor":12.0,"key":"Strength Potion"},{"floor":14.0,"key":"Explosive Potion"},{"floor":19.0,"key":"Ancient Potion"},{"floor":21.0,"key":"GhostInAJar"},{"floor":29.0,"key":"SpeedPotion"},{"floor":41,"key":"GhostInAJar"},{"floor":42,"key":"GhostInAJar"}],"is_trial":false,"path_per_floor":["M","?","M","?","M","E","$","R","T","M","$","?","R","M","R","B",null,"M","M","?","M","M","R","M","?","T","M","M","E","R","$","R","B",null,"M","?","M","$","M","R","E","?","T","M","R","$","$","E","R","B",null],"character_chosen":"THE_SILENT","items_purchased":["Dagger Spray","Backflip","Accuracy","Ancient Tea Set","Flash of Steel","Adrenaline"],"campfire_rested":4,"item_purchase_floors":[7,11,31,31,38,46],"current_hp_per_floor":[70,70,70,63,60,36,36,36,36,29,29,28,49,43,43,39,70,70,70,70,68,63,63,62,46,46,46,40,40,40,40,61,59,70,68,66,58,58,29,63,51,32,32,31,65,65,65,65,66,52],"gold":41,"neow_bonus":"UPGRADE_CARD","is_prod":false,"is_daily":false,"chose_seed":false,"campfire_upgraded":5,"win_rate":0,"timestamp":1567918343,"path_taken":["M","?","M","?","M","E","$","R","T","M","$","?","R","M","R","BOSS","M","M","?","?","M","R","M","?","T","M","M","E","R","$","R","BOSS","M","?","M","$","M","R","E","?","T","M","R","?","$","E","R","BOSS"],"build_version":"2019-07-17","purchased_purges":3,"victory":true,"max_hp_per_floor":[70,70,70,70,70,70,70,70,70,70,70,70,70,70,70,70,70,70,70,70,70,70,70,70,70,70,70,70,70,70,70,70,70,70,70,66,66,66,66,66,66,66,66,66,66,66,66,66,66,66],"card_choices":[{"not_picked":["Sucker Punch","Flying Knee"],"picked":"Backflip","floor":1.0},{"not_picked":["Dagger Throw","Calculated Gamble"],"picked":"Footwork","floor":3.0},{"not_picked":["Outmaneuver","Underhanded Strike"],"picked":"Terror","floor":5.0},{"not_picked":["Deadly Poison","Crippling Poison"],"picked":"Well Laid Plans","floor":6.0},{"not_picked":["Deadly Poison","Poisoned Stab"],"picked":"Cloak And Dagger","floor":10.0},{"not_picked":["Backflip","Expertise"],"picked":"A Thousand Cuts","floor":12.0},{"not_picked":["Prepared","Heel Hook"],"picked":"Calculated Gamble","floor":14.0},{"not_picked":["Doppelganger","Corpse Explosion"],"picked":"Burst","floor":16.0},{"not_picked":["All Out Attack+1","Eviscerate"],"picked":"PiercingWail","floor":18.0},{"not_picked":["Bouncing Flask+1","Outmaneuver","Dagger Throw"],"picked":"SKIP","floor":19.0},{"not_picked":["Predator+1","Sucker Punch+1"],"picked":"Infinite Blades","floor":21.0},{"not_picked":["Sucker Punch","Crippling Poison"],"picked":"Cloak And Dagger","floor":22.0},{"not_picked":["Quick Slash+1","Deadly Poison+1","Eviscerate"],"picked":"SKIP","floor":24.0},{"not_picked":["Quick Slash","Expertise"],"picked":"PiercingWail","floor":27.0},{"not_picked":["Cloak And Dagger","Burst"],"picked":"Backstab+1","floor":28.0},{"not_picked":["Deadly Poison+1","Sucker Punch","Deflect"],"picked":"SKIP","floor":29.0},{"not_picked":["Unload","Storm of Steel"],"picked":"Envenom","floor":33.0},{"not_picked":["Blur","Deflect","Eviscerate"],"picked":"SKIP","floor":35},{"not_picked":["Bane","Deadly Poison","Backflip"],"picked":"SKIP","floor":37},{"not_picked":["Caltrops+1","Slice"],"picked":"Prepared+1","floor":39},{"not_picked":["Doppelganger","Underhanded Strike+1"],"picked":"Footwork","floor":41},{"not_picked":["Flying Knee+1","Eviscerate+1","Glass Knife"],"picked":"SKIP","floor":44},{"not_picked":["Leg Sweep","Riddle With Holes+1","Dagger Throw+1"],"picked":"SKIP","floor":48}],"player_experience":89126,"relics_obtained":[{"floor":6.0,"key":"Mummified Hand"},{"floor":9.0,"key":"Shuriken"},{"floor":12.0,"key":"Odd Mushroom"},{"floor":26.0,"key":"Bottled Tornado"},{"floor":29.0,"key":"Bronze Scales"},{"floor":41,"key":"MawBank"},{"floor":42,"key":"Gambling Chip"},{"floor":43,"key":"Bag of Preparation"},{"floor":48,"key":"The Specimen"}],"event_choices":[{"cards_removed":["Defend_G"],"damage_healed":0.0,"max_hp_gain":0.0,"max_hp_loss":0.0,"gold_gain":0.0,"event_name":"Living Wall","player_choice":"Forget","floor":2.0,"gold_loss":0.0,"damage_taken":0.0},{"cards_removed":["Strike_G"],"damage_healed":0.0,"max_hp_gain":0.0,"max_hp_loss":0.0,"gold_gain":0.0,"event_name":"Golden Wing","player_choice":"Card Removal","floor":4.0,"gold_loss":0.0,"damage_taken":7.0},{"damage_healed":0.0,"max_hp_gain":0.0,"max_hp_loss":0.0,"gold_gain":0.0,"event_name":"Mushrooms","player_choice":"Fought Mushrooms","floor":12.0,"gold_loss":0.0,"damage_taken":0.0},{"cards_removed":["Defend_G"],"damage_healed":0.0,"max_hp_gain":0.0,"max_hp_loss":0.0,"gold_gain":0.0,"event_name":"Purifier","player_choice":"Purged","floor":20.0,"gold_loss":0.0,"damage_taken":0.0},{"damage_healed":0.0,"max_hp_gain":0.0,"max_hp_loss":0.0,"gold_gain":0.0,"event_name":"Cursed Tome","player_choice":"Obtained Book","floor":25.0,"gold_loss":0.0,"damage_taken":16.0},{"damage_healed":0,"gold_gain":0,"player_choice":"Max HP","damage_taken":0,"max_hp_gain":0,"max_hp_loss":4,"event_name":"Winding Halls","floor":36,"gold_loss":0},{"damage_healed":0,"gold_gain":0,"player_choice":"Fight","damage_taken":0,"max_hp_gain":0,"max_hp_loss":0,"event_name":"Mysterious Sphere","floor":42,"gold_loss":0}],"is_beta":false,"boss_relics":[{"not_picked":["Lizard Tail","Cursed Key"],"picked":"Philosopher\u0027s Stone"},{"not_picked":["Busted Crown","Runic Pyramid"],"picked":"Eternal Feather"}],"items_purged_floors":[7,31,46],"is_endless":false,"potions_floor_spawned":[1,6,12,14,19,21,27,29,37,41,42],"ascension_level":0}