{"gold_per_floor":[114,124,124,143,143,143,162,162,162,40,70,170,30,48,48,153,153,172,47,62,62,27,61,61,80,80,114,126,149,161,196,208,317,329,359,371,58,77,91,91,421,421,421,421,421,47,47,58,58,58],"floor_reached":51,"playtime":2845,"items_purged":["Strike_B","Strike_B","Strike_B","Strike_B","Parasite"],"score":811,"play_id":"8adab31c-f0dd-44b3-ac3e-deb9dec46d56","local_time":"20190922121435","is_ascension_mode":false,"campfire_choices":[{"data":"Glacier","floor":6.0,"key":"SMITH"},{"data":"Ball Lightning","floor":8.0,"key":"SMITH"},{"floor":15.0,"key":"REST"},{"data":"Loop","floor":24,"key":"SMITH"},{"data":"Heatsinks","floor":30,"key":"SMITH"},{"data":"Biased Cognition","floor":32,"key":"SMITH"},{"data":"Echo Form","floor":40,"key":"SMITH"},{"data":"White Noise","floor":44,"key":"SMITH"},{"floor":49,"key":"REST"}],"neow_cost":"NONE","seed_source_timestamp":0,"circlet_count":0,"master_deck":["Defend_B","Defend_B","Defend_B","Defend_B","Zap+1","Dualcast+1","Amplify","Ball Lightning+1","Storm","Glacier+1","Heatsinks+1","Cold Snap","Self Repair","Capacitor","Biased Cognition+1","Lockon+1","Loop","Loop+1","White Noise+1","Electrodynamics","Echo Form+1","Steam+1","Panache","White Noise+1","Thinking Ahead","Cold Snap","Coolheaded+1"],"special_seed":0,"relics":["Cracked Core","Mummified Hand","Blue Candle","War Paint","Happy Flower","Lizard Tail","WarpedTongs","Lantern","Potion Belt","MawBank","Juzu Bracelet","Nuclear Battery","Singing Bowl","Old Coin","Orichalcum","Bronze Scales"],"potions_floor_usage":[33,39,50],"damage_taken":[{"damage":10.0,"enemies":"Small Slimes","floor":1.0,"turns":4.0},{"damage":1.0,"enemies":"Jaw Worm","floor":2.0,"turns":2.0},{"damage":9.0,"enemies":"2 Louse","floor":4.0,"turns":3.0},{"damage":3.0,"enemies":"Red Slaver","floor":7.0,"turns":2.0},{"damage":15.0,"enemies":"3 Sentries","floor":11.0,"turns":6.0},{"damage":2.0,"enemies":"2 Fungi Beasts","floor":14.0,"turns":3.0},{"damage":28.0,"enemies":"Slime Boss","floor":16.0,"turns":14.0},{"damage":0.0,"enemies":"Spheric Guardian","floor":18.0,"turns":3.0},{"damage":2.0,"enemies":"Shell Parasite","floor":20.0,"turns":3.0},{"damage":3.0,"enemies":"Book of Stabbing","floor":23.0,"turns":2.0},{"damage":13,"enemies":"Sentry and Sphere","floor":25,"turns":4},{"damage":16,"enemies":"Slavers","floor":27,"turns":4},{"damage":8,"enemies":"Centurion and Healer","floor":29,"turns":5},{"damage":55,"enemies":"Automaton","floor":33,"turns":8},{"damage":5,"enemies":"Orb Walker","floor":35,"turns":2},{"damage":7,"enemies":"3 Shapes","floor":38,"turns":2},{"damage":8,"enemies":"3 Darklings","floor":39,"turns":2},{"damage":26,"enemies":"Nemesis","floor":41,"turns":3},{"damage":10,"enemies":"Transient","floor":48,"turns":5},{"damage":0,"enemies":"Time Eater","floor":50,"turns":5}],"seed_played":"-7278167973262298879","potions_obtained":[{"floor":11.0,"key":"SkillPotion"},{"floor":14.0,"key":"LiquidBronze"},{"floor":16.0,"key":"FearPotion"},{"floor":25,"key":"GamblersBrew"},{"floor":27,"key":"Swift Potion"},{"floor":33,"key":"SpeedPotion"},{"floor":35,"key":"LiquidBronze"},{"floor":41,"key":"EssenceOfSteel"}],"is_trial":false,"path_per_floor":["M","M","?","M","T","R","M","R","T","$","E","?","$","M","R","B",null,"M","$","M","?","$","E","R","M","T","E","$","M","R","T","R","B",null,"M","T","$","M","M","R","E","?","T","R","?","$","?","M","R","B",null],"character_chosen":"DEFECT","items_purchased":["Cold Snap","Capacitor","Loop","Panache","Cold Snap","Bronze Scales"],"campfire_rested":2,"item_purchase_floors":[10,13,22,37,46,46],"current_hp_per_floor":[65,64,61,52,52,52,49,49,49,49,34,34,34,39,61,40,75,75,75,75,75,75,75,75,69,69,67,67,66,66,66,66,18,75,75,75,75,68,69,69,52,52,52,52,52,52,52,52,72,72],"gold":58,"neow_bonus":"ONE_RANDOM_RARE_CARD","is_prod":false,"is_daily":false,"chose_seed":false,"campfire_upgraded":7,"win_rate":0,"timestamp":1569168875,"path_taken":["M","M","?","M","?","R","M","R","T","?","E","?","$","?","R","BOSS","M","$","M","?","?","E","R","M","T","E","$","M","R","?","R","BOSS","M","?","$","M","M","R","E","?","T","R","?","$","?","M","R","BOSS"],"build_version":"2019-07-17","purchased_purges":5,"victory":true,"max_hp_per_floor":[75,75,75,75,75,75,75,75,75,75,75,75,75,75,75,75,75,75,75,75,75,75,75,75,75,75,75,75,75,75,75,75,75,75,75,75,75,75,77,77,79,79,79,79,79,76,72,72,72,72],"card_choices":[{"not_picked":["Beam Cell","Barrage"],"picked":"Ball Lightning","floor":1.0},{"not_picked":["Reprogram","Compile Driver"],"picked":"Storm","floor":2.0},{"not_picked":["Static Discharge","Steam"],"picked":"Glacier","floor":4.0},{"not_picked":["FTL","Cold Snap"],"picked":"Heatsinks","floor":7.0},{"not_picked":["Machine Learning","Barrage"],"picked":"Self Repair","floor":11.0},{"not_picked":["Glacier","Sweeping Beam","Beam Cell"],"picked":"SKIP","floor":14.0},{"not_picked":["Rainbow","Electrodynamics"],"picked":"Biased Cognition","floor":16.0},{"not_picked":["Turbo","Compile Driver"],"picked":"Lockon+1","floor":18.0},{"not_picked":["Redo","Leap+1","Rebound"],"picked":"SKIP","floor":20.0},{"not_picked":["Capacitor","Beam Cell+1"],"picked":"Loop","floor":23.0},{"not_picked":["Sweeping Beam","Rebound"],"picked":"White Noise+1","floor":25},{"not_picked":["Compile Driver","Stack+1","Scrape"],"picked":"SKIP","floor":27},{"not_picked":["Stack","Compile Driver"],"picked":"Electrodynamics","floor":29},{"not_picked":["Machine Learning","Reboot"],"picked":"Echo Form","floor":33},{"not_picked":["Redo+1","Ball Lightning"],"picked":"Steam+1","floor":35},{"not_picked":["Loop+1","Reprogram"],"picked":"White Noise","floor":38},{"not_picked":["Doom and Gloom+1","Go for the Eyes","Beam Cell"],"picked":"Singing Bowl","floor":39},{"not_picked":["Scrape","Conserve Battery","Compile Driver"],"picked":"Singing Bowl","floor":41},{"not_picked":["Impatience","Trip"],"picked":"Thinking Ahead","floor":45},{"not_picked":["Redo","Doom and Gloom"],"picked":"Coolheaded+1","floor":48}],"player_experience":236301,"relics_obtained":[{"floor":5.0,"key":"Blue Candle"},{"floor":9.0,"key":"War Paint"},{"floor":11.0,"key":"Happy Flower"},{"floor":23.0,"key":"Lantern"},{"floor":26,"key":"Potion Belt"},{"floor":27,"key":"MawBank"},{"floor":31,"key":"Juzu Bracelet"},{"floor":36,"key":"Singing Bowl"},{"floor":41,"key":"Old Coin"},{"floor":43,"key":"Orichalcum"}],"event_choices":[{"damage_healed":0.0,"max_hp_gain":0.0,"max_hp_loss":0.0,"gold_gain":0.0,"event_name":"Scrap Ooze","player_choice":"Success","floor":3.0,"gold_loss":0.0,"damage_taken":3.0,"relics_obtained":["Mummified Hand"]},{"damage_healed":0.0,"max_hp_gain":0.0,"max_hp_loss":0.0,"gold_gain":100.0,"event_name":"Golden Shrine","player_choice":"Pray","floor":12.0,"gold_loss":0.0,"damage_taken":0.0},{"damage_healed":0.0,"max_hp_gain":0.0,"max_hp_loss":0.0,"gold_gain":0.0,"event_name":"Accursed Blacksmith","player_choice":"Rummage","floor":21.0,"gold_loss":0.0,"damage_taken":0.0,"relics_obtained":["WarpedTongs"],"cards_obtained":["Pain"]},{"damage_healed":0,"gold_gain":0,"cards_transformed":["Pain"],"player_choice":"Transformed","damage_taken":0,"max_hp_gain":0,"max_hp_loss":0,"event_name":"Transmorgrifier","floor":42,"gold_loss":0,"cards_obtained":["Parasite"]},{"damage_healed":0,"gold_gain":0,"player_choice":"Memory 1","damage_taken":0,"max_hp_gain":0,"max_hp_loss":0,"event_name":"SensoryStone","floor":45,"gold_loss":0},{"damage_healed":0,"gold_gain":0,"player_choice":"Max HP","damage_taken":0,"max_hp_gain":0,"max_hp_loss":4,"event_name":"Winding Halls","floor":47,"gold_loss":0}],"is_beta":false,"boss_relics":[{"not_picked":["Ectoplasm","Fusion Hammer"],"picked":"Lizard Tail"},{"not_picked":["FrozenCore","Velvet Choker"],"picked":"Nuclear Battery"}],"items_purged_floors":[10,13,19,37,46],"is_endless":false,"potions_floor_spawned":[11,14,16,25,27,33,35,38,41,48],"ascension_level":0}