{"gold_per_floor":[114,129,144,159,159,159,174,174,229,259,274,289,304,319,319,419,419,434,449,464,238,253,283,283,283,358,373,388,403,418,433,433,553,553,568,583,133,133,148,178,193,208,208,208,223,238,253,353,353,353],"floor_reached":51,"playtime":10255,"items_purged":[],"score":742,"play_id":"b62e4c4e-a834-4d32-9063-0f11fd9eb681","local_time":"20190912001042","daily_mods":["Allstar","Vintage","Lethality"],"is_ascension_mode":false,"campfire_choices":[{"data":"Mayhem","floor":6.0,"key":"SMITH"},{"floor":8.0,"key":"REST"},{"floor":15.0,"key":"REST"},{"floor":24.0,"key":"REST"},{"data":"Jack Of All Trades","floor":32.0,"key":"SMITH"},{"floor":44,"key":"DIG"},{"floor":49,"key":"DIG"}],"neow_cost":"","seed_source_timestamp":0,"circlet_count":0,"master_deck":["Defend_B+1","Defend_B","Defend_B","Zap","Dualcast+1","Panache","Mayhem+1","Swift Strike","Swift Strike","Jack Of All Trades+1","Hello World+1","Electrodynamics+1","Self Repair+1","Heatsinks+1","Bite","Bite","Bite","Bite","Bite","Electrodynamics+1","Defragment+1"],"special_seed":18151,"relics":["Cracked Core","Kunai","Shuriken","Frozen Egg 2","Regal Pillow","Mummified Hand","Happy Flower","Tiny Chest","PreservedInsect","War Paint","Emotion Chip","Bottled Lightning","Girya","Nuclear Battery","Anchor","Letter Opener","Torii","Ancient Tea Set","Dead Branch","Singing Bowl","Pantograph","Sundial","Dream Catcher","Boot","Potion Belt","DataDisk","Philosopher\u0027s Stone","Shovel","Bronze Scales","Toolbox","Dodecahedron","Darkstone Periapt","Orichalcum","Toxic Egg 2","Turnip","Incense Burner","Vajra","Ornamental Fan","Bird Faced Urn","Blue Candle","Mango","Bottled Flame"],"potions_floor_usage":[33,33,39,40,46,50,50,50],"damage_taken":[{"damage":9.0,"enemies":"2 Louse","floor":1.0,"turns":2.0},{"damage":0.0,"enemies":"Small Slimes","floor":2.0,"turns":2.0},{"damage":0.0,"enemies":"Cultist","floor":3.0,"turns":3.0},{"damage":8.0,"enemies":"Looter","floor":4.0,"turns":2.0},{"damage":21.0,"enemies":"3 Louse","floor":7.0,"turns":3.0},{"damage":21.0,"enemies":"Lagavulin","floor":10.0,"turns":5.0},{"damage":5.0,"enemies":"Blue Slaver","floor":11.0,"turns":2.0},{"damage":0.0,"enemies":"2 Fungi Beasts","floor":12.0,"turns":2.0},{"damage":14.0,"enemies":"Exordium Thugs","floor":13.0,"turns":3.0},{"damage":12.0,"enemies":"Blue Slaver","floor":14.0,"turns":3.0},{"damage":5.0,"enemies":"The Guardian","floor":16.0,"turns":8.0},{"damage":12.0,"enemies":"Shell Parasite","floor":18.0,"turns":3.0},{"damage":6.0,"enemies":"2 Thieves","floor":19.0,"turns":2.0},{"damage":6.0,"enemies":"Chosen and Byrds","floor":20.0,"turns":3.0},{"damage":0.0,"enemies":"Shelled Parasite and Fungi","floor":22.0,"turns":2.0},{"damage":25.0,"enemies":"Book of Stabbing","floor":23.0,"turns":3.0},{"damage":6.0,"enemies":"Centurion and Healer","floor":27.0,"turns":3.0},{"damage":0.0,"enemies":"Snecko","floor":28.0,"turns":3.0},{"damage":10.0,"enemies":"3 Cultists","floor":29.0,"turns":3.0},{"damage":6.0,"enemies":"Cultist and Chosen","floor":30.0,"turns":3.0},{"damage":1.0,"enemies":"Centurion and Healer","floor":31.0,"turns":3.0},{"damage":12,"enemies":"Champ","floor":33,"turns":5},{"damage":0,"enemies":"Orb Walker","floor":35,"turns":2},{"damage":0,"enemies":"3 Shapes","floor":36,"turns":3},{"damage":1,"enemies":"Transient","floor":39,"turns":5},{"damage":20,"enemies":"Nemesis","floor":40,"turns":3},{"damage":0,"enemies":"Spire Growth","floor":41,"turns":3},{"damage":1,"enemies":"Maw","floor":42,"turns":3},{"damage":0,"enemies":"Jaw Worm Horde","floor":45,"turns":1},{"damage":0,"enemies":"Transient","floor":46,"turns":5},{"damage":9,"enemies":"Writhing Mass","floor":47,"turns":3},{"damage":3,"enemies":"Mind Bloom Boss Battle","floor":48,"turns":2},{"damage":80,"enemies":"Time Eater","floor":50,"turns":8}],"seed_played":"-4731178760956062909","potions_obtained":[{"floor":1.0,"key":"FearPotion"},{"floor":7.0,"key":"Regen Potion"},{"floor":11.0,"key":"SkillPotion"},{"floor":14.0,"key":"EssenceOfSteel"},{"floor":18.0,"key":"Block Potion"},{"floor":19.0,"key":"AttackPotion"},{"floor":22.0,"key":"SpeedPotion"},{"floor":23.0,"key":"Strength Potion"},{"floor":27.0,"key":"AttackPotion"},{"floor":33,"key":"LiquidBronze"},{"floor":36,"key":"Strength Potion"},{"floor":40,"key":"Block Potion"},{"floor":41,"key":"SteroidPotion"},{"floor":45,"key":"Explosive Potion"},{"floor":47,"key":"SteroidPotion"}],"is_trial":false,"path_per_floor":["?","?","?","M","?"],"character_chosen":"DEFECT","items_purchased":["Ancient Tea Set","Self Repair+1","Toolbox","Dodecahedron"],"campfire_rested":3,"item_purchase_floors":[21,21,37,37],"current_hp_per_floor":[66,66,66,58,55,55,34,71,71,54,49,49,35,23,60,55,75,63,57,51,51,61,36,73,52,52,52,52,52,52,52,52,52,52,52,52,52,52,52,42,52,52,52,52,52,52,52,68,68,20],"gold":353,"neow_bonus":"","is_prod":false,"is_daily":true,"chose_seed":false,"campfire_upgraded":2,"win_rate":0.0,"timestamp":1568272242,"path_taken":["M","M","M","M","?","R","M","R","T","E","M","M","M","M","R","BOSS","M","M","M","$","M","E","R","?","T","M","M","M","M","M","R","BOSS","M","M","$","?","M","E","M","?","T","R","M","M","M","?","R","BOSS"],"build_version":"2019-01-23","purchased_purges":0,"victory":true,"max_hp_per_floor":[75,75,75,75,75,75,75,75,75,75,75,75,75,75,75,75,75,75,75,75,75,75,75,75,52,52,52,52,52,52,52,52,52,52,52,52,52,52,52,52,52,52,52,52,52,52,52,68,68,68],"card_choices":[{"not_picked":["Capacitor+1","Redo"],"picked":"Hello World+1","floor":10.0},{"not_picked":["Multi-Cast","Machine Learning+1"],"picked":"Electrodynamics+1","floor":16.0},{"not_picked":["Redo","Aggregate+1"],"picked":"Heatsinks+1","floor":23.0},{"not_picked":["Fission","Multi-Cast"],"picked":"Electrodynamics+1","floor":33},{"not_picked":["Cold Snap+1","Coolheaded+1"],"picked":"Defragment+1","floor":40},{"not_picked":["Compile Driver","Gash","Barrage"],"picked":"Singing Bowl","floor":48}],"player_experience":13392,"relics_obtained":[{"floor":1.0,"key":"Kunai"},{"floor":2.0,"key":"Shuriken"},{"floor":3.0,"key":"Frozen Egg 2"},{"floor":4.0,"key":"Regal Pillow"},{"floor":7.0,"key":"Happy Flower"},{"floor":9.0,"key":"Tiny Chest"},{"floor":10.0,"key":"PreservedInsect"},{"floor":11.0,"key":"War Paint"},{"floor":12.0,"key":"Emotion Chip"},{"floor":13.0,"key":"Bottled Lightning"},{"floor":14.0,"key":"Girya"},{"floor":18.0,"key":"Anchor"},{"floor":19.0,"key":"Letter Opener"},{"floor":20.0,"key":"Torii"},{"floor":22.0,"key":"Dead Branch"},{"floor":23.0,"key":"Singing Bowl"},{"floor":26.0,"key":"Pantograph"},{"floor":27.0,"key":"Sundial"},{"floor":28.0,"key":"Dream Catcher"},{"floor":29.0,"key":"Boot"},{"floor":30.0,"key":"Potion Belt"},{"floor":31.0,"key":"DataDisk"},{"floor":35,"key":"Shovel"},{"floor":36,"key":"Bronze Scales"},{"floor":39,"key":"Darkstone Periapt"},{"floor":40,"key":"Orichalcum"},{"floor":41,"key":"Toxic Egg 2"},{"floor":42,"key":"Turnip"},{"floor":43,"key":"Incense Burner"},{"floor":44,"key":"Vajra"},{"floor":45,"key":"Ornamental Fan"},{"floor":46,"key":"Bird Faced Urn"},{"floor":47,"key":"Blue Candle"},{"floor":48,"key":"Mango"},{"floor":49,"key":"Bottled Flame"}],"event_choices":[{"damage_healed":0.0,"max_hp_gain":0.0,"max_hp_loss":0.0,"gold_gain":0.0,"event_name":"Scrap Ooze","player_choice":"Success","floor":5.0,"gold_loss":0.0,"damage_taken":3.0,"relics_obtained":["Mummified Hand"]},{"damage_healed":0.0,"max_hp_gain":0.0,"max_hp_loss":23.0,"gold_gain":0.0,"event_name":"Vampires","player_choice":"Became a vampire","floor":25.0,"gold_loss":0.0,"damage_taken":0.0,"cards_obtained":["Bite","Bite","Bite","Bite","Bite"]},{"cards_removed":["Defend_B"],"damage_healed":0,"gold_gain":0,"player_choice":"Purged","damage_taken":0,"max_hp_gain":0,"max_hp_loss":0,"event_name":"Purifier","floor":38,"gold_loss":0},{"damage_healed":0,"gold_gain":0,"player_choice":"Fight","damage_taken":0,"max_hp_gain":0,"max_hp_loss":0,"event_name":"MindBloom","floor":48,"gold_loss":0}],"is_beta":false,"boss_relics":[{"not_picked":["Busted Crown","Calling Bell"],"picked":"Nuclear Battery"},{"not_picked":["Velvet Choker","White Beast Statue"],"picked":"Philosopher\u0027s Stone"}],"items_purged_floors":[],"is_endless":false,"potions_floor_spawned":[1,7,11,14,18,19,22,23,27,33,36,40,41,45,47],"ascension_level":0}