{"gold_per_floor":[219,233,252,271,290,290,325,337,397,32,32,32,45,65,65,168,168,182,202,202,218,94,94,94,94,118,128,128,158,158,172,172,268,268,278,290,290,74,249,249,268,268,320,320,320,332,332,350,350,350],"floor_reached":51,"playtime":3595,"items_purged":["Evolve","Reckless Charge+1"],"score":771,"play_id":"2e04c99d-b066-4f66-a9ac-99572b61f12a","local_time":"20190914212932","is_ascension_mode":false,"campfire_choices":[{"data":"Iron Wave","floor":6.0,"key":"SMITH"},{"data":"Thunderclap","floor":8.0,"key":"SMITH"},{"data":"Rampage","floor":15.0,"key":"SMITH"},{"floor":23.0,"key":"REST"},{"data":"Corruption","floor":28.0,"key":"SMITH"},{"data":"Barricade","floor":30.0,"key":"SMITH"},{"floor":32.0,"key":"REST"},{"data":"Feel No Pain","floor":40.0,"key":"SMITH"},{"data":"Fiend Fire","floor":44.0,"key":"SMITH"},{"data":"1","floor":47.0,"key":"LIFT"},{"floor":49,"key":"REST"}],"neow_cost":"NONE","seed_source_timestamp":0,"circlet_count":0,"master_deck":["Thunderclap+1","Iron Wave+1","Flame Barrier","Rampage+1","Corruption+1","Barricade+1","Fiend Fire+1","Brutality","Exhume","Body Slam","Flame Barrier","Feel No Pain+1","Barricade+1","Power Through+1","Thinking Ahead"],"special_seed":0,"relics":["Burning Blood","MawBank","Smiling Mask","Dead Branch","Pandora\u0027s Box","Ornamental Fan","Ancient Tea Set","Matryoshka","Astrolabe","Girya","Pen Nib","Darkstone Periapt","Bag of Preparation","Potion Belt"],"potions_floor_usage":[50],"damage_taken":[{"damage":3.0,"enemies":"Small Slimes","floor":1.0,"turns":3.0},{"damage":8.0,"enemies":"2 Louse","floor":2.0,"turns":2.0},{"damage":0.0,"enemies":"Cultist","floor":3.0,"turns":3.0},{"damage":2.0,"enemies":"Looter","floor":4.0,"turns":5.0},{"damage":32.0,"enemies":"Exordium Wildlife","floor":5.0,"turns":6.0},{"damage":7.0,"enemies":"Gremlin Nob","floor":7.0,"turns":4.0},{"damage":8.0,"enemies":"Gremlin Gang","floor":13.0,"turns":4.0},{"damage":0.0,"enemies":"Blue Slaver","floor":14.0,"turns":3.0},{"damage":23.0,"enemies":"Hexaghost","floor":16.0,"turns":9.0},{"damage":11.0,"enemies":"Chosen","floor":18.0,"turns":5.0},{"damage":27.0,"enemies":"3 Byrds","floor":19.0,"turns":5.0},{"damage":25.0,"enemies":"Centurion and Healer","floor":21.0,"turns":7.0},{"damage":15.0,"enemies":"Snecko","floor":27.0,"turns":5.0},{"damage":6.0,"enemies":"Gremlin Leader","floor":29.0,"turns":7.0},{"damage":4.0,"enemies":"Sentry and Sphere","floor":31.0,"turns":5.0},{"damage":39.0,"enemies":"Champ","floor":33.0,"turns":7.0},{"damage":3.0,"enemies":"Orb Walker","floor":35.0,"turns":4.0},{"damage":17.0,"enemies":"3 Darklings","floor":36.0,"turns":6.0},{"damage":27.0,"enemies":"Mind Bloom Boss Battle","floor":39.0,"turns":5.0},{"damage":0.0,"enemies":"Spire Growth","floor":41.0,"turns":5.0},{"damage":16.0,"enemies":"Transient","floor":42.0,"turns":2.0},{"damage":10.0,"enemies":"Jaw Worm Horde","floor":46.0,"turns":4.0},{"damage":7.0,"enemies":"4 Shapes","floor":48.0,"turns":6.0},{"damage":3,"enemies":"Donu and Deca","floor":50,"turns":5}],"seed_played":"4746207129241537017","potions_obtained":[{"floor":3.0,"key":"LiquidBronze"},{"floor":13.0,"key":"EntropicBrew"},{"floor":14.0,"key":"Poison Potion"},{"floor":16.0,"key":"Energy Potion"},{"floor":33.0,"key":"SmokeBomb"},{"floor":36.0,"key":"BloodPotion"},{"floor":46.0,"key":"Strength Potion"}],"is_trial":false,"path_per_floor":["M","M","M","M","M","R","E","R","T","$","?","$","M","M","R","B",null,"M","M","?","M","$","R","?","T","T","M","R","E","R","M","R","B",null,"M","M","?","$","?","R","M","M","T","R","?","M","R","M","R","B",null],"character_chosen":"IRONCLAD","items_purchased":["Corruption","Dead Branch","Feel No Pain","Thinking Ahead"],"campfire_rested":3,"item_purchase_floors":[10,10,22,38],"current_hp_per_floor":[80,78,80,80,54,54,53,53,53,53,53,53,51,57,57,40,80,75,54,54,35,35,59,59,59,59,50,50,50,50,52,76,43,80,80,69,69,69,68,68,74,64,64,64,64,60,60,59,80,80],"gold":350,"neow_bonus":"HUNDRED_GOLD","is_prod":false,"is_daily":false,"chose_seed":false,"campfire_upgraded":7,"win_rate":0,"timestamp":1568510972,"path_taken":["M","M","M","M","M","R","E","R","T","$","?","$","M","M","R","BOSS","M","M","?","?","$","R","?","?","T","M","R","E","R","M","R","BOSS","M","?","?","$","?","R","M","M","T","R","?","M","R","M","R","BOSS"],"build_version":"2019-07-17","purchased_purges":2,"victory":true,"max_hp_per_floor":[80,80,80,80,80,80,80,80,80,80,80,80,80,80,80,80,80,80,80,80,80,80,80,80,80,80,80,80,80,80,80,80,80,80,80,80,80,80,80,80,80,80,80,80,80,80,80,80,80,80],"card_choices":[{"not_picked":["Dual Wield","Perfected Strike"],"picked":"Thunderclap","floor":1.0},{"not_picked":["Combust","Clothesline"],"picked":"Iron Wave","floor":2.0},{"not_picked":["Fire Breathing","Rampage"],"picked":"Flame Barrier","floor":3.0},{"not_picked":["Warcry","Clothesline","Iron Wave"],"picked":"SKIP","floor":4.0},{"not_picked":["Dual Wield","Carnage"],"picked":"Rampage","floor":5.0},{"not_picked":["Evolve","Wild Strike","Intimidate"],"picked":"SKIP","floor":7.0},{"not_picked":["Twin Strike","Cleave","Carnage"],"picked":"SKIP","floor":13.0},{"not_picked":["Dual Wield","Clash","Armaments"],"picked":"SKIP","floor":14.0},{"not_picked":["Immolate","Bludgeon"],"picked":"Barricade","floor":16.0},{"not_picked":["Iron Wave+1","Headbutt+1","Flex"],"picked":"SKIP","floor":18.0},{"not_picked":["Havoc","Iron Wave","Limit Break"],"picked":"SKIP","floor":19.0},{"not_picked":["Heavy Blade","Armaments","Anger+1"],"picked":"SKIP","floor":21.0},{"not_picked":["Dropkick","Hemokinesis","Pommel Strike"],"picked":"SKIP","floor":27.0},{"not_picked":["Pommel Strike","Hemokinesis+1","Warcry"],"picked":"SKIP","floor":29.0},{"not_picked":["Inflame+1","Clothesline","Perfected Strike"],"picked":"SKIP","floor":31.0},{"not_picked":["Body Slam+1","Reckless Charge","Iron Wave+1"],"picked":"SKIP","floor":35.0},{"not_picked":["Wild Strike+1","Twin Strike","Whirlwind"],"picked":"SKIP","floor":36.0},{"not_picked":["Entrench","Wild Strike+1","Twin Strike+1"],"picked":"SKIP","floor":41.0},{"not_picked":["Entrench","Wild Strike+1","Twin Strike+1"],"picked":"SKIP","floor":41.0},{"not_picked":["Flex","Cleave","Pummel+1"],"picked":"SKIP","floor":46.0},{"not_picked":["Fire Breathing+1","Perfected Strike+1","Shrug It Off"],"picked":"SKIP","floor":48.0}],"player_experience":170123,"relics_obtained":[{"floor":7.0,"key":"MawBank"},{"floor":9.0,"key":"Smiling Mask"},{"floor":25.0,"key":"Ornamental Fan"},{"floor":26.0,"key":"Ancient Tea Set"},{"floor":29.0,"key":"Matryoshka"},{"floor":39.0,"key":"Girya"},{"floor":39.0,"key":"Pen Nib"},{"floor":39.0,"key":"Darkstone Periapt"},{"floor":43.0,"key":"Bag of Preparation"},{"floor":43.0,"key":"Potion Belt"}],"event_choices":[{"damage_healed":0.0,"max_hp_gain":0.0,"max_hp_loss":0.0,"gold_gain":0.0,"event_name":"Liars Game","player_choice":"Ignored","floor":11.0,"gold_loss":0.0,"damage_taken":0.0},{"damage_healed":0.0,"max_hp_gain":0.0,"max_hp_loss":0.0,"gold_gain":0.0,"cards_transformed":["Brutality"],"event_name":"Transmorgrifier","player_choice":"Transformed","floor":20.0,"gold_loss":0.0,"damage_taken":0.0,"cards_obtained":["Evolve"]},{"damage_healed":0.0,"max_hp_gain":0.0,"max_hp_loss":0.0,"gold_gain":0.0,"event_name":"The Mausoleum","player_choice":"Ignored","floor":24.0,"gold_loss":0.0,"damage_taken":0.0},{"damage_healed":0.0,"max_hp_gain":0.0,"max_hp_loss":0.0,"gold_gain":0.0,"event_name":"Tomb of Lord Red Mask","player_choice":"Ignored","floor":37.0,"gold_loss":0.0,"damage_taken":0.0},{"damage_healed":0.0,"max_hp_gain":0.0,"max_hp_loss":0.0,"gold_gain":0.0,"event_name":"MindBloom","player_choice":"Fight","floor":39.0,"gold_loss":0.0,"damage_taken":0.0},{"cards_removed":["Havoc"],"damage_healed":0.0,"max_hp_gain":0.0,"max_hp_loss":0.0,"gold_gain":0.0,"event_name":"Falling","player_choice":"Removed Skill","floor":45.0,"gold_loss":0.0,"damage_taken":0.0}],"is_beta":false,"boss_relics":[{"not_picked":["Ectoplasm","Runic Pyramid"],"picked":"Pandora\u0027s Box"},{"not_picked":["Snecko Eye","Black Blood"],"picked":"Astrolabe"}],"items_purged_floors":[22,38],"is_endless":false,"potions_floor_spawned":[3,13,14,16,19,21,33,36,42,46],"ascension_level":0}