{"gold_per_floor":[110,210,86,97,111,111,61,61,86,123,149,176,188,219,231,348,360,385,411,440,468,157,189,189,206,229,248,267,267,281,291,291,291],"floor_reached":33,"playtime":4060,"items_purged":["Defend_B","Defend_B"],"score":330,"play_id":"53c25e96-f995-4691-8e15-b328b7cac332","local_time":"20190926002430","is_ascension_mode":true,"campfire_choices":[{"data":"Sweeping Beam","floor":6.0,"key":"SMITH"},{"data":"Chaos","floor":8.0,"key":"SMITH"},{"floor":13.0,"key":"REST"},{"data":"Steam","floor":15.0,"key":"SMITH"},{"floor":24,"key":"REST"},{"floor":29,"key":"REST"},{"data":"Electrodynamics","floor":32,"key":"SMITH"}],"neow_cost":"NONE","seed_source_timestamp":0,"circlet_count":0,"master_deck":["Strike_B","Defend_B","Zap","Dualcast","Chaos+1","Sweeping Beam+1","Gash","FTL","Glacier","Coolheaded","Streamline","Steam+1","Fission","Scrape+1","White Noise+1","Conserve Battery+1","Electrodynamics+1","Chill","Gash","Chill","Reboot"],"special_seed":0,"relics":["Cracked Core","MawBank","Strawberry","Empty Cage","Happy Flower","Bottled Tornado","Ancient Tea Set"],"potions_floor_usage":[23,23,31,33],"damage_taken":[{"damage":0.0,"enemies":"Jaw Worm","floor":1.0,"turns":4.0},{"damage":0.0,"enemies":"Cultist","floor":4.0,"turns":3.0},{"damage":1.0,"enemies":"2 Louse","floor":5.0,"turns":2.0},{"damage":29.0,"enemies":"3 Sentries","floor":10.0,"turns":5.0},{"damage":0.0,"enemies":"Looter","floor":11.0,"turns":2.0},{"damage":18.0,"enemies":"Exordium Thugs","floor":12.0,"turns":3.0},{"damage":8.0,"enemies":"Blue Slaver","floor":14.0,"turns":2.0},{"damage":30.0,"enemies":"Hexaghost","floor":16.0,"turns":12.0},{"damage":2,"enemies":"Chosen","floor":18,"turns":4},{"damage":7,"enemies":"Shell Parasite","floor":19,"turns":5},{"damage":21,"enemies":"Snake Plant","floor":20,"turns":5},{"damage":8,"enemies":"Sentry and Sphere","floor":21,"turns":5},{"damage":10,"enemies":"Slavers","floor":23,"turns":5},{"damage":3,"enemies":"Snecko","floor":25,"turns":4},{"damage":6,"enemies":"Shelled Parasite and Fungi","floor":27,"turns":3},{"damage":15,"enemies":"Centurion and Healer","floor":28,"turns":6},{"damage":0,"enemies":"3 Cultists","floor":30,"turns":3},{"damage":8,"enemies":"Snake Plant","floor":31,"turns":5},{"damage":58,"enemies":"Champ","floor":33,"turns":10}],"seed_played":"7061057837598662697","potions_obtained":[{"floor":10.0,"key":"Energy Potion"},{"floor":14.0,"key":"Weak Potion"},{"floor":16.0,"key":"LiquidBronze"},{"floor":20,"key":"Block Potion"},{"floor":21,"key":"Poison Potion"},{"floor":25,"key":"SkillPotion"},{"floor":28,"key":"Explosive Potion"}],"is_trial":false,"path_per_floor":["M","?","$","M","M","R","?","R","T","E","M","M","R","M","R","B",null,"M","M","M","M","$","E","R","M","T","M","M","R","M","M","R","B"],"character_chosen":"DEFECT","items_purchased":["Sweeping Beam","Chill","Happy Flower"],"campfire_rested":3,"item_purchase_floors":[3,22,22],"current_hp_per_floor":[75,75,75,75,74,74,74,74,74,52,52,34,58,50,50,20,82,80,73,52,44,44,34,58,55,55,49,34,58,58,50,50,0],"gold":291,"neow_bonus":"REMOVE_CARD","is_prod":false,"is_daily":false,"chose_seed":false,"campfire_upgraded":4,"win_rate":0,"timestamp":1569471870,"path_taken":["M","?","$","?","M","R","?","R","T","E","M","M","R","M","R","BOSS","M","M","M","M","$","E","R","M","T","M","M","R","M","M","R","BOSS"],"build_version":"2019-07-17","purchased_purges":2,"victory":false,"max_hp_per_floor":[75,75,75,75,75,75,75,75,75,82,82,82,82,82,82,82,82,82,82,82,82,82,82,82,82,82,82,82,82,82,82,82,82],"card_choices":[{"not_picked":["Stack","Hologram"],"picked":"Chaos","floor":1.0},{"not_picked":["Leap","Loop"],"picked":"Gash","floor":4.0},{"not_picked":["Defragment","Turbo"],"picked":"FTL","floor":5.0},{"not_picked":["Rip and Tear","Recycle"],"picked":"Glacier","floor":10.0},{"not_picked":["Streamline","Compile Driver"],"picked":"Coolheaded","floor":11.0},{"not_picked":["Coolheaded","Melter"],"picked":"Streamline","floor":12.0},{"not_picked":["Reinforced Body","Hyperbeam"],"picked":"Steam","floor":14.0},{"not_picked":["Multi-Cast","Hyperbeam"],"picked":"Fission","floor":16.0},{"not_picked":["Skim","Double Energy"],"picked":"Scrape+1","floor":18},{"not_picked":["Gash","Stack"],"picked":"White Noise+1","floor":19},{"not_picked":["Ball Lightning","Leap+1"],"picked":"Conserve Battery+1","floor":20},{"not_picked":["Defragment","Coolheaded+1"],"picked":"Electrodynamics","floor":21},{"not_picked":["Coolheaded","Capacitor"],"picked":"Gash","floor":23},{"not_picked":["Streamline","Barrage","Ball Lightning"],"picked":"SKIP","floor":25},{"not_picked":["Gash","Beam Cell+1","Compile Driver"],"picked":"SKIP","floor":27},{"not_picked":["Rebound+1","Chaos"],"picked":"Chill","floor":28},{"not_picked":["Ball Lightning+1","Genetic Algorithm"],"picked":"Reboot","floor":30},{"not_picked":["Reprogram","Streamline","Conserve Battery"],"picked":"SKIP","floor":31}],"player_experience":271194,"relics_obtained":[{"floor":9.0,"key":"MawBank"},{"floor":10.0,"key":"Strawberry"},{"floor":23,"key":"Bottled Tornado"},{"floor":26,"key":"Ancient Tea Set"}],"event_choices":[{"damage_healed":0.0,"max_hp_gain":0.0,"max_hp_loss":0.0,"gold_gain":100.0,"event_name":"Golden Shrine","player_choice":"Pray","floor":2.0,"gold_loss":0.0,"damage_taken":0.0},{"cards_removed":["Strike_B"],"damage_healed":0.0,"max_hp_gain":0.0,"max_hp_loss":0.0,"gold_gain":0.0,"event_name":"The Cleric","player_choice":"Card Removal","floor":7.0,"gold_loss":50.0,"damage_taken":0.0}],"is_beta":false,"boss_relics":[{"not_picked":["Cursed Key","Runic Dome"],"picked":"Empty Cage"}],"items_purged_floors":[3,22],"is_endless":false,"potions_floor_spawned":[10,14,16,20,21,25,28],"killed_by":"Champ","ascension_level":4}