{"gold_per_floor":[111,122,133,149,163,163,180,60,110,10,34,49,49,49,49,49],"floor_reached":16,"playtime":693,"items_purged":["Strike_B","Strike_B"],"score":103,"play_id":"ec33e767-7b45-447c-9b14-63c2c1ec9ead","local_time":"20190923001441","is_ascension_mode":true,"campfire_choices":[{"floor":6,"key":"REST"},{"floor":13,"key":"REST"},{"floor":15,"key":"REST"}],"neow_cost":"TEN_PERCENT_HP_LOSS","seed_source_timestamp":960905327274500,"circlet_count":0,"master_deck":["Strike_B","Strike_B","Defend_B","Defend_B","Defend_B","Defend_B","Zap","Dualcast","Loop","Cold Snap","Defragment","White Noise","Heatsinks","Turbo","Cold Snap","Capacitor","Steam"],"relics":["Cracked Core","Unceasing Top","Bronze Scales","Odd Mushroom","Question Card"],"potions_floor_usage":[],"damage_taken":[{"damage":1,"enemies":"Cultist","floor":1,"turns":3},{"damage":7,"enemies":"Jaw Worm","floor":2,"turns":3},{"damage":6,"enemies":"Small Slimes","floor":3,"turns":3},{"damage":8,"enemies":"Blue Slaver","floor":4,"turns":4},{"damage":13,"enemies":"Lots of Slimes","floor":5,"turns":3},{"damage":11,"enemies":"Exordium Thugs","floor":7,"turns":5},{"damage":25,"enemies":"The Mushroom Lair","floor":11,"turns":4},{"damage":12,"enemies":"Large Slime","floor":12,"turns":5},{"damage":0,"enemies":"Slime Boss","floor":16,"turns":3}],"seed_played":"334454457938776567","potions_obtained":[{"floor":1,"key":"Swift Potion"},{"floor":5,"key":"FearPotion"},{"floor":7,"key":"GamblersBrew"}],"is_trial":false,"path_per_floor":["M","M","M","M","M","R","M","$","T","$","?","M","R","?","R","B"],"character_chosen":"DEFECT","items_purchased":["Cold Snap"],"campfire_rested":3,"item_purchase_floors":[8],"current_hp_per_floor":[67,60,54,46,33,53,42,42,42,42,17,5,25,18,38,38],"gold":49,"neow_bonus":"ONE_RARE_RELIC","is_prod":false,"is_daily":false,"chose_seed":false,"campfire_upgraded":0,"win_rate":0,"timestamp":1569212081,"path_taken":["M","M","?","?","M","R","M","$","T","$","?","M","R","?","R","BOSS"],"build_version":"2019-07-17","purchased_purges":2,"victory":false,"max_hp_per_floor":[68,68,68,68,68,68,68,68,68,68,68,68,68,68,68,68],"card_choices":[{"not_picked":["Skim","Stack"],"picked":"Loop","floor":1},{"not_picked":["Steam Power","Stack"],"picked":"Cold Snap","floor":2},{"not_picked":["Genetic Algorithm","Double Energy"],"picked":"Defragment","floor":3},{"not_picked":["Beam Cell","Hologram"],"picked":"White Noise","floor":4},{"not_picked":["Barrage","Doom and Gloom"],"picked":"Heatsinks","floor":5},{"not_picked":["Echo Form","White Noise"],"picked":"Turbo","floor":7},{"not_picked":["Skim","Gash"],"picked":"Capacitor","floor":11},{"not_picked":["Compile Driver","Consume"],"picked":"Steam","floor":12}],"player_experience":256240,"relics_obtained":[{"floor":9,"key":"Bronze Scales"},{"floor":11,"key":"Odd Mushroom"}],"event_choices":[{"damage_healed":0,"gold_gain":0,"player_choice":"Fought Mushrooms","damage_taken":0,"max_hp_gain":0,"max_hp_loss":0,"event_name":"Mushrooms","floor":11,"gold_loss":0},{"damage_healed":0,"gold_gain":0,"player_choice":"Success","damage_taken":7,"relics_obtained":["Question Card"],"max_hp_gain":0,"max_hp_loss":0,"event_name":"Scrap Ooze","floor":14,"gold_loss":0}],"is_beta":false,"boss_relics":[],"items_purged_floors":[8,10],"is_endless":false,"potions_floor_spawned":[1,5,7,12],"killed_by":"Slime Boss","ascension_level":2}