{"gold_per_floor":[119,69,89,36,54,54,73,105,105,115,40,40,40,60,60,165,165,180,228,228,241,253,253,318,318,368,399,399,62,62,76,76,178,178,190,190,170,190,209,209,222,222,222,256,270,270,67,84,84,84],"floor_reached":51,"playtime":3049,"items_purged":["Strike_R","Strike_R","Reckless Charge"],"score":892,"play_id":"27e15c34-665a-411b-bfc1-cc28851f234a","local_time":"20190914133138","is_ascension_mode":false,"campfire_choices":[{"data":"Pommel Strike","floor":6,"key":"SMITH"},{"data":"Heavy Blade","floor":12,"key":"SMITH"},{"data":"Whirlwind","floor":15,"key":"SMITH"},{"data":"Bludgeon","floor":23,"key":"SMITH"},{"floor":25,"key":"REST"},{"floor":28,"key":"REST"},{"floor":32,"key":"REST"},{"data":"Limit Break","floor":40,"key":"SMITH"},{"data":"Spot Weakness","floor":42,"key":"SMITH"},{"data":"Inflame","floor":46,"key":"SMITH"},{"data":"Twin Strike","floor":49,"key":"SMITH"}],"neow_cost":"TEN_PERCENT_HP_LOSS","seed_source_timestamp":228724518386100,"circlet_count":0,"master_deck":["Defend_R","Defend_R","Defend_R","Bash","Inflame+1","Seeing Red","Pommel Strike+1","Spot Weakness+1","Heavy Blade+1","Twin Strike+1","Enlightenment+1","Headbutt","Whirlwind+1","Bludgeon+1","Shrug It Off+1","Flame Barrier+1","Battle Trance","Limit Break+1","Offering","Shockwave+1"],"relics":["Burning Blood","WingedGreaves","FossilizedHelix","Black Star","Centennial Puzzle","Peace Pipe","Tiny Chest","War Paint","Vajra","Art of War","Blood Vial","Coffee Dripper","Kunai","Bottled Lightning","Dream Catcher"],"potions_floor_usage":[16,24,24,31,33,44,50,50,50],"damage_taken":[{"damage":5,"enemies":"Small Slimes","floor":1,"turns":4},{"damage":1,"enemies":"Cultist","floor":3,"turns":3},{"damage":6,"enemies":"Jaw Worm","floor":5,"turns":3},{"damage":14,"enemies":"Exordium Thugs","floor":7,"turns":5},{"damage":16,"enemies":"Lagavulin","floor":8,"turns":5},{"damage":8,"enemies":"3 Louse","floor":10,"turns":4},{"damage":0,"enemies":"Exordium Wildlife","floor":14,"turns":4},{"damage":22,"enemies":"Hexaghost","floor":16,"turns":7},{"damage":0,"enemies":"Chosen","floor":18,"turns":3},{"damage":0,"enemies":"Spheric Guardian","floor":21,"turns":3},{"damage":20,"enemies":"Centurion and Healer","floor":22,"turns":5},{"damage":30,"enemies":"Slavers","floor":24,"turns":4},{"damage":50,"enemies":"Book of Stabbing","floor":27,"turns":6},{"damage":0,"enemies":"Chosen and Byrds","floor":31,"turns":5},{"damage":0,"enemies":"Champ","floor":33,"turns":9},{"damage":29,"enemies":"3 Darklings","floor":35,"turns":3},{"damage":6,"enemies":"Orb Walker","floor":38,"turns":3},{"damage":0,"enemies":"Maw","floor":39,"turns":5},{"damage":0,"enemies":"Spire Growth","floor":41,"turns":4},{"damage":0,"enemies":"Reptomancer","floor":44,"turns":2},{"damage":14,"enemies":"Jaw Worm Horde","floor":45,"turns":3},{"damage":16,"enemies":"Maw","floor":48,"turns":5},{"damage":40,"enemies":"Awakened One","floor":50,"turns":7}],"seed_played":"-6060483969274894707","potions_obtained":[{"floor":1,"key":"EssenceOfSteel"},{"floor":7,"key":"Block Potion"},{"floor":10,"key":"Explosive Potion"},{"floor":16,"key":"Weak Potion"},{"floor":18,"key":"Energy Potion"},{"floor":27,"key":"Weak Potion"},{"floor":33,"key":"Swift Potion"},{"floor":37,"key":"SpeedPotion"}],"is_trial":false,"path_per_floor":["M","?","M","$","M","R","M","E","T","M","$","R","?","M","R","B",null,"M","T","?","M","M","R","E","R","T","E","R","$","?","M","R","B",null,"M","?","?","M","M","R","M","R","T","E","M","R","$","M","R","B",null],"character_chosen":"IRONCLAD","items_purchased":["Pommel Strike","Battle Trance","Blood Vial","Explosive Potion","BloodPotion"],"campfire_rested":3,"item_purchase_floors":[4,29,29,29,47],"current_hp_per_floor":[72,72,72,72,72,72,64,54,54,52,52,52,52,58,58,42,72,72,72,72,72,58,58,34,55,55,11,32,32,32,40,61,69,72,49,49,49,51,59,59,67,67,67,68,60,60,60,52,52,37],"gold":84,"neow_bonus":"REMOVE_TWO","is_prod":false,"is_daily":false,"chose_seed":false,"campfire_upgraded":8,"win_rate":0,"timestamp":1568482298,"path_taken":["M","?","M","$","M","R","M","E","T","M","$","R","?","M","R","BOSS","M","?","?","M","?","R","E","R","T","E","R","$","?","M","R","BOSS","M","?","?","M","M","R","M","R","T","E","?","R","$","M","R","BOSS"],"build_version":"2019-07-17","purchased_purges":3,"victory":true,"max_hp_per_floor":[72,72,72,72,72,72,72,72,72,72,72,72,72,72,72,72,72,72,72,72,72,72,72,72,72,72,72,72,72,72,72,72,72,72,72,68,68,68,68,68,68,68,68,68,68,68,68,68,68,68],"card_choices":[{"not_picked":["Wild Strike","Dual Wield"],"picked":"Inflame","floor":1},{"not_picked":["Burning Pact","Combust"],"picked":"Seeing Red","floor":3},{"not_picked":["Headbutt","Dropkick"],"picked":"Spot Weakness","floor":5},{"not_picked":["Sword Boomerang","Body Slam"],"picked":"Heavy Blade","floor":7},{"not_picked":["Infernal Blade","Headbutt","Perfected Strike"],"picked":"SKIP","floor":8},{"not_picked":["Thunderclap","Dropkick"],"picked":"Twin Strike","floor":10},{"not_picked":["Pummel","Headbutt"],"picked":"Whirlwind","floor":14},{"not_picked":["Juggernaut","Brutality"],"picked":"Bludgeon","floor":16},{"not_picked":["Disarm","Reckless Charge"],"picked":"Shrug It Off","floor":18},{"not_picked":["Perfected Strike+1","Combust+1","Cleave+1"],"picked":"SKIP","floor":21},{"not_picked":["Heavy Blade+1","Blood for Blood","Sentinel+1"],"picked":"SKIP","floor":22},{"not_picked":["Heavy Blade","Bloodletting+1"],"picked":"Flame Barrier+1","floor":24},{"not_picked":["Flame Barrier+1","Havoc","Clash+1"],"picked":"SKIP","floor":27},{"not_picked":["Heavy Blade","Headbutt"],"picked":"Limit Break","floor":31},{"not_picked":["Exhume","Demon Form"],"picked":"Offering","floor":33},{"not_picked":["Rupture","Infernal Blade+1","Fire Breathing+1"],"picked":"SKIP","floor":35},{"not_picked":["Sword Boomerang+1","Clash+1","Heavy Blade+1"],"picked":"SKIP","floor":38},{"not_picked":["Sword Boomerang","Anger","Perfected Strike"],"picked":"SKIP","floor":39},{"not_picked":["Searing Blow","Havoc","Iron Wave"],"picked":"SKIP","floor":41},{"not_picked":["Iron Wave+1","Havoc+1","Sentinel+1"],"picked":"SKIP","floor":44},{"not_picked":["Corruption+1","Warcry","Anger"],"picked":"SKIP","floor":45},{"not_picked":["Bloodletting","Headbutt+1"],"picked":"Shockwave+1","floor":48}],"player_experience":159799,"relics_obtained":[{"floor":8,"key":"WingedGreaves"},{"floor":9,"key":"FossilizedHelix"},{"floor":19,"key":"Centennial Puzzle"},{"floor":24,"key":"Peace Pipe"},{"floor":24,"key":"Tiny Chest"},{"floor":26,"key":"War Paint"},{"floor":27,"key":"Vajra"},{"floor":27,"key":"Art of War"},{"floor":43,"key":"Kunai"},{"floor":44,"key":"Bottled Lightning"},{"floor":44,"key":"Dream Catcher"}],"event_choices":[{"cards_removed":["Strike_R"],"damage_healed":0,"gold_gain":0,"player_choice":"Card Removal","damage_taken":0,"max_hp_gain":0,"max_hp_loss":0,"event_name":"The Cleric","floor":2,"gold_loss":50},{"damage_healed":0,"gold_gain":0,"player_choice":"2 cards matched","damage_taken":0,"max_hp_gain":0,"max_hp_loss":0,"event_name":"Match and Keep!","floor":13,"gold_loss":0,"cards_obtained":["Enlightenment","Headbutt"]},{"damage_healed":0,"gold_gain":0,"cards_transformed":["Strike_R"],"player_choice":"Transformed","damage_taken":0,"max_hp_gain":0,"max_hp_loss":0,"event_name":"Transmorgrifier","floor":20,"gold_loss":0,"cards_obtained":["Reckless Charge"]},{"damage_healed":0,"gold_gain":0,"player_choice":"Max HP","damage_taken":0,"max_hp_gain":0,"max_hp_loss":4,"event_name":"Winding Halls","floor":36,"gold_loss":0},{"damage_healed":0,"gold_gain":0,"player_choice":"Bought 1 Potion","damage_taken":0,"max_hp_gain":0,"max_hp_loss":0,"event_name":"The Woman in Blue","floor":37,"gold_loss":0}],"is_beta":false,"boss_relics":[{"not_picked":["Tiny House","Mark of Pain"],"picked":"Black Star"},{"not_picked":["Runic Dome","Eternal Feather"],"picked":"Coffee Dripper"}],"items_purged_floors":[11,29,47],"is_endless":false,"potions_floor_spawned":[1,7,10,16,18,22,27,33,38,39,48],"ascension_level":0}