{"gold_per_floor":[109,123,48,48,48,48,76,76,130,147,147,17,17,17,29,137,149,176,85,99,118,98,98,116,131,184,184,202,233,290,135,135,135],"floor_reached":33,"playtime":1524,"items_purged":["Strike_B","Strike_B","Strike_B","Strike_B"],"score":263,"play_id":"5137eb53-5c5c-4602-a171-4b71446939cb","local_time":"20190922124030","is_ascension_mode":false,"campfire_choices":[{"data":"Heatsinks","floor":6,"key":"SMITH"},{"floor":8,"key":"REST"},{"data":"Static Discharge","floor":11,"key":"SMITH"},{"floor":13,"key":"REST"},{"floor":15,"key":"REST"},{"data":"Creative AI","floor":23,"key":"SMITH"},{"floor":27,"key":"REST"},{"floor":32,"key":"REST"}],"neow_cost":"NONE","seed_source_timestamp":918421793124200,"circlet_count":0,"master_deck":["Defend_B","Defend_B","Defend_B","Defend_B","Zap","Dualcast","Biased Cognition","Heatsinks+1","Redo","Static Discharge+1","Storm","Creative AI+1","Conserve Battery","Hologram","Coolheaded","Lockon","Cold Snap","Self Repair","Skim"],"relics":["Cracked Core","Smiling Mask","Bag of Preparation","MawBank","Runic Dome","Centennial Puzzle","Pantograph","Tiny Chest"],"potions_floor_usage":[16,29,29,33],"damage_taken":[{"damage":0,"enemies":"Cultist","floor":1,"turns":3},{"damage":11,"enemies":"2 Louse","floor":2,"turns":3},{"damage":42,"enemies":"Gremlin Nob","floor":7,"turns":4},{"damage":15,"enemies":"Small Slimes","floor":10,"turns":3},{"damage":31,"enemies":"Slime Boss","floor":16,"turns":6},{"damage":25,"enemies":"2 Thieves","floor":18,"turns":3},{"damage":3,"enemies":"Chosen","floor":20,"turns":3},{"damage":4,"enemies":"Snecko","floor":21,"turns":4},{"damage":16,"enemies":"Centurion and Healer","floor":24,"turns":5},{"damage":14,"enemies":"Snake Plant","floor":25,"turns":2},{"damage":16,"enemies":"Sentry and Sphere","floor":28,"turns":4},{"damage":17,"enemies":"Slavers","floor":29,"turns":4},{"damage":74,"enemies":"Automaton","floor":33,"turns":6}],"seed_played":"8947889708801931687","potions_obtained":[{"floor":1,"key":"SkillPotion"},{"floor":5,"key":"Ancient Potion"},{"floor":5,"key":"Strength Potion"},{"floor":5,"key":"SpeedPotion"},{"floor":20,"key":"Poison Potion"},{"floor":24,"key":"AttackPotion"},{"floor":29,"key":"Weak Potion"}],"is_trial":false,"path_per_floor":["M","M","$","?","?","R","E","R","T","M","R","$","R","?","R","B",null,"M","$","M","M","?","R","M","M","T","R","M","E","T","$","R","B"],"character_chosen":"DEFECT","items_purchased":["Storm","Hologram","Self Repair","Skim"],"campfire_rested":5,"item_purchase_floors":[12,19,31,31],"current_hp_per_floor":[75,64,64,69,69,69,27,51,51,36,36,36,60,35,59,28,80,55,55,52,48,48,48,32,18,18,42,26,9,9,9,33,0],"gold":135,"neow_bonus":"ONE_RANDOM_RARE_CARD","is_prod":false,"is_daily":false,"chose_seed":false,"campfire_upgraded":3,"win_rate":0,"timestamp":1569170430,"path_taken":["M","M","?","?","?","R","E","R","T","?","R","$","R","?","R","BOSS","M","$","M","M","?","R","?","M","T","R","M","E","?","$","R","BOSS"],"build_version":"2019-07-17","purchased_purges":4,"victory":false,"max_hp_per_floor":[75,75,75,80,80,80,80,80,80,80,80,80,80,80,80,80,80,80,80,80,80,80,80,80,80,80,80,80,80,80,80,80,80],"card_choices":[{"not_picked":["Go for the Eyes","Blizzard"],"picked":"Heatsinks","floor":1},{"not_picked":["Reprogram","Auto Shields"],"picked":"Redo","floor":2},{"not_picked":["Cold Snap","FTL"],"picked":"Static Discharge","floor":7},{"not_picked":["Sweeping Beam","Reprogram","Redo"],"picked":"SKIP","floor":10},{"not_picked":["Electrodynamics","Multi-Cast"],"picked":"Creative AI","floor":16},{"not_picked":["Darkness","Hologram"],"picked":"Conserve Battery","floor":18},{"not_picked":["Redo","Go for the Eyes"],"picked":"Coolheaded","floor":20},{"not_picked":["Compile Driver","Gash","Go for the Eyes+1"],"picked":"SKIP","floor":21},{"not_picked":["Go for the Eyes","Streamline"],"picked":"Lockon","floor":24},{"not_picked":["Barrage","Go for the Eyes+1","Darkness"],"picked":"SKIP","floor":25},{"not_picked":["Double Energy","Beam Cell+1","Biased Cognition"],"picked":"SKIP","floor":28},{"not_picked":["Rebound","Auto Shields"],"picked":"Cold Snap","floor":29}],"player_experience":239146,"relics_obtained":[{"floor":7,"key":"Smiling Mask"},{"floor":9,"key":"Bag of Preparation"},{"floor":26,"key":"Centennial Puzzle"},{"floor":29,"key":"Pantograph"},{"floor":30,"key":"Tiny Chest"}],"event_choices":[{"damage_healed":0,"gold_gain":0,"player_choice":"Donut","damage_taken":0,"max_hp_gain":5,"max_hp_loss":0,"event_name":"Big Fish","floor":4,"gold_loss":0},{"damage_healed":0,"gold_gain":0,"player_choice":"Got Potions","damage_taken":0,"max_hp_gain":0,"max_hp_loss":0,"event_name":"Lab","floor":5,"gold_loss":0},{"damage_healed":0,"gold_gain":0,"player_choice":"Success","damage_taken":25,"relics_obtained":["MawBank"],"max_hp_gain":0,"max_hp_loss":0,"event_name":"Scrap Ooze","floor":14,"gold_loss":0},{"damage_healed":0,"gold_gain":0,"player_choice":"Bought 1 Potion","damage_taken":0,"max_hp_gain":0,"max_hp_loss":0,"event_name":"The Woman in Blue","floor":22,"gold_loss":0}],"is_beta":false,"boss_relics":[{"not_picked":["Empty Cage","Pandora\u0027s Box"],"picked":"Runic Dome"}],"items_purged_floors":[3,12,19,31],"is_endless":false,"potions_floor_spawned":[1,10,20,24,29],"killed_by":"Automaton","ascension_level":0}