{"gold_per_floor":[362,376,41,60,60,60,87,87,87,113,131,131,146,46,46,147,147,159,175,192,203,121,121,36,52,52,52,52,63,63,63,63,164,164,183,200,213,213,11,11,11,11,64,64,91,105,120,134,134,134],"floor_reached":51,"playtime":2954,"items_purged":["Strike_B","Defend_B","Strike_B+1"],"score":839,"play_id":"1a0cda55-0370-4289-8edc-95c35121e4e9","local_time":"20191002230836","is_ascension_mode":false,"campfire_choices":[{"data":"Conserve Battery","floor":6,"key":"SMITH"},{"floor":8,"key":"REST"},{"data":"Loop","floor":12,"key":"SMITH"},{"data":"Doom and Gloom","floor":15,"key":"SMITH"},{"floor":23,"key":"REST"},{"floor":28,"key":"REST"},{"data":"Force Field","floor":30,"key":"SMITH"},{"data":"Machine Learning","floor":32,"key":"SMITH"},{"data":"Capacitor","floor":40,"key":"SMITH"},{"floor":44,"key":"REST"},{"data":"BootSequence","floor":49,"key":"SMITH"}],"neow_cost":"TEN_PERCENT_HP_LOSS","seed_source_timestamp":1818613423344300,"circlet_count":0,"master_deck":["Strike_B+1","Strike_B+1","Defend_B+1","Defend_B+1","Defend_B+1","Zap+1","Dualcast+1","Conserve Battery+1","Loop+1","Steam+1","Doom and Gloom+1","Skim+1","Heatsinks+1","Consume+1","Creative AI+1","Force Field+1","FTL+1","Coolheaded+1","Machine Learning+1","Necronomicurse","Glacier+1","Electrodynamics+1","Storm+1","Capacitor+1","BootSequence+1"],"relics":["FrozenCore","Mercury Hourglass","Kunai","Mummified Hand","Centennial Puzzle","Pantograph","Unceasing Top","Blood Vial","Necronomicon","Bottled Lightning","Sozu","Mark of the Bloom","Boot","Bronze Scales"],"potions_floor_usage":[16,21,25,25,46,50],"damage_taken":[{"damage":0,"enemies":"Cultist","floor":1,"turns":3},{"damage":1,"enemies":"Jaw Worm","floor":2,"turns":4},{"damage":1,"enemies":"2 Louse","floor":4,"turns":2},{"damage":14,"enemies":"Gremlin Nob","floor":7,"turns":4},{"damage":15,"enemies":"Lagavulin","floor":10,"turns":6},{"damage":0,"enemies":"Blue Slaver","floor":11,"turns":3},{"damage":0,"enemies":"Lots of Slimes","floor":13,"turns":1},{"damage":0,"enemies":"Slime Boss","floor":16,"turns":4},{"damage":3,"enemies":"Shell Parasite","floor":18,"turns":6},{"damage":5,"enemies":"Chosen","floor":19,"turns":5},{"damage":4,"enemies":"Snake Plant","floor":20,"turns":4},{"damage":18,"enemies":"Centurion and Healer","floor":21,"turns":7},{"damage":14,"enemies":"Shelled Parasite and Fungi","floor":25,"turns":3},{"damage":0,"enemies":"Snecko","floor":29,"turns":5},{"damage":13,"enemies":"Champ","floor":33,"turns":14},{"damage":0,"enemies":"Orb Walker","floor":35,"turns":4},{"damage":0,"enemies":"3 Shapes","floor":36,"turns":3},{"damage":0,"enemies":"Transient","floor":37,"turns":5},{"damage":0,"enemies":"Giant Head","floor":45,"turns":7},{"damage":0,"enemies":"4 Shapes","floor":46,"turns":2},{"damage":0,"enemies":"Jaw Worm Horde","floor":47,"turns":3},{"damage":4,"enemies":"Writhing Mass","floor":48,"turns":5},{"damage":26,"enemies":"Time Eater","floor":50,"turns":9}],"seed_played":"-6138187751895368426","potions_obtained":[{"floor":4,"key":"SkillPotion"},{"floor":10,"key":"Strength Potion"},{"floor":11,"key":"PowerPotion"},{"floor":13,"key":"FocusPotion"},{"floor":19,"key":"Ancient Potion"},{"floor":20,"key":"Explosive Potion"},{"floor":25,"key":"Fruit Juice"},{"floor":29,"key":"Explosive Potion"}],"is_trial":false,"path_per_floor":["M","M","$","M","?","R","E","R","T","E","M","R","M","$","R","B",null,"M","M","M","M","$","R","?","M","T","?","R","M","R","T","R","B",null,"M","M","M","?","$","R","?","?","T","R","E","M","M","M","R","B",null],"character_chosen":"DEFECT","items_purchased":["Mercury Hourglass","Machine Learning","Capacitor"],"campfire_rested":4,"item_purchase_floors":[3,22,39],"current_hp_per_floor":[68,67,67,66,59,59,45,65,65,50,50,50,50,50,50,68,68,65,60,56,38,38,58,58,49,49,33,54,56,56,56,56,60,73,73,73,73,73,73,73,73,73,73,73,73,73,73,69,69,43],"gold":134,"neow_bonus":"TWO_FIFTY_GOLD","is_prod":false,"is_daily":false,"chose_seed":false,"campfire_upgraded":7,"win_rate":0,"timestamp":1570072116,"path_taken":["M","M","$","?","?","R","E","R","T","E","M","R","M","$","R","BOSS","M","M","M","M","$","R","?","M","T","?","R","M","R","?","R","BOSS","M","M","?","?","$","R","?","?","T","R","E","M","M","M","R","BOSS"],"build_version":"2019-07-17","purchased_purges":3,"victory":true,"max_hp_per_floor":[68,68,68,68,68,68,68,68,68,68,68,68,68,68,68,68,68,68,68,68,68,68,68,68,73,73,73,73,73,73,73,73,73,73,73,73,73,73,73,73,73,73,73,73,73,73,73,73,73,73],"card_choices":[{"not_picked":["Cold Snap","Go for the Eyes"],"picked":"Conserve Battery","floor":1},{"not_picked":["Turbo","Leap"],"picked":"Loop","floor":2},{"not_picked":["Turbo","Lockon"],"picked":"Steam","floor":4},{"not_picked":["Hologram","BootSequence"],"picked":"Doom and Gloom","floor":7},{"not_picked":["Turbo","Blizzard"],"picked":"Skim","floor":10},{"not_picked":["Streamline","Barrage"],"picked":"Heatsinks","floor":11},{"not_picked":["Hello World","Leap"],"picked":"Consume","floor":13},{"not_picked":["Amplify","Buffer"],"picked":"Creative AI","floor":16},{"not_picked":["Chaos","FTL"],"picked":"Force Field","floor":18},{"not_picked":["Steam Power","Scrape","Rebound+1"],"picked":"SKIP","floor":19},{"not_picked":["Stack","Barrage"],"picked":"FTL+1","floor":20},{"not_picked":["Rebound","Barrage"],"picked":"Coolheaded","floor":21},{"not_picked":["Double Energy","Go for the Eyes","Hologram"],"picked":"SKIP","floor":25},{"not_picked":["Cold Snap+1","Force Field"],"picked":"Glacier+1","floor":29},{"not_picked":["Reboot","Core Surge"],"picked":"Electrodynamics","floor":33},{"not_picked":["Stack","Force Field","Hologram+1"],"picked":"SKIP","floor":35},{"not_picked":["Barrage","Cold Snap+1"],"picked":"Storm","floor":36},{"not_picked":["Blizzard+1","Fusion","Redo+1"],"picked":"SKIP","floor":37},{"not_picked":["Sweeping Beam","Genetic Algorithm+1","Recycle"],"picked":"SKIP","floor":45},{"not_picked":["Static Discharge+1","Skim","Hologram+1"],"picked":"SKIP","floor":46},{"not_picked":["FTL","Stack+1"],"picked":"BootSequence","floor":47},{"not_picked":["Leap","Double Energy+1","Barrage+1"],"picked":"SKIP","floor":48}],"player_experience":321046,"relics_obtained":[{"floor":7,"key":"Mummified Hand"},{"floor":9,"key":"Centennial Puzzle"},{"floor":10,"key":"Pantograph"},{"floor":26,"key":"Blood Vial"},{"floor":27,"key":"Necronomicon"},{"floor":31,"key":"Bottled Lightning"},{"floor":43,"key":"Boot"},{"floor":45,"key":"Bronze Scales"}],"event_choices":[{"damage_healed":0,"gold_gain":0,"player_choice":"Success","damage_taken":7,"relics_obtained":["Kunai"],"max_hp_gain":0,"max_hp_loss":0,"event_name":"Scrap Ooze","floor":5,"gold_loss":0},{"damage_healed":0,"gold_gain":0,"player_choice":"Obtained Relic","damage_taken":0,"relics_obtained":["Unceasing Top"],"max_hp_gain":0,"max_hp_loss":0,"event_name":"Addict","floor":24,"gold_loss":85},{"damage_healed":0,"gold_gain":0,"player_choice":"Obtained Book","damage_taken":16,"max_hp_gain":0,"max_hp_loss":0,"event_name":"Cursed Tome","floor":27,"gold_loss":0},{"damage_healed":0,"gold_gain":0,"player_choice":"Upgrade","damage_taken":0,"relics_obtained":["Mark of the Bloom"],"max_hp_gain":0,"max_hp_loss":0,"event_name":"MindBloom","floor":38,"gold_loss":0,"cards_upgraded":["Strike_B","Strike_B","Strike_B","Defend_B","Defend_B","Defend_B","Zap","Dualcast","Steam","Skim","Heatsinks","Consume","Creative AI","Coolheaded","Electrodynamics","Storm"]},{"damage_healed":0,"gold_gain":0,"player_choice":"Ignored","damage_taken":0,"max_hp_gain":0,"max_hp_loss":0,"event_name":"Mysterious Sphere","floor":41,"gold_loss":0},{"damage_healed":0,"gold_gain":0,"player_choice":"Ignored","damage_taken":0,"max_hp_gain":0,"max_hp_loss":0,"event_name":"Accursed Blacksmith","floor":42,"gold_loss":0}],"is_beta":false,"boss_relics":[{"not_picked":["Philosopher\u0027s Stone","Snecko Eye"],"picked":"FrozenCore"},{"not_picked":["Busted Crown","Inserter"],"picked":"Sozu"}],"items_purged_floors":[3,14,39],"is_endless":false,"potions_floor_spawned":[4,10,11,13,19,20,25,29,36,37,46],"ascension_level":0}