{"gold_per_floor":[115,190,115,115,133,133,133,163,163,173,191,208,208,234,234,329,329,344,360,459,459,469,496,547,573,573,589,91,101,113,123,123,233,295,323,345,406,436,176,209,209,57,108,134,62,72,89,189,189,189],"floor_reached":51,"playtime":5648,"items_purged":["Defend_G","Eviscerate","Survivor"],"score":934,"play_id":"1203077d-4566-4da7-b940-0e61fd5ad060","local_time":"20190908232448","is_ascension_mode":false,"campfire_choices":[{"data":"Cloak And Dagger","floor":6.0,"key":"SMITH"},{"floor":13.0,"key":"REST"},{"data":"Neutralize","floor":15.0,"key":"SMITH"},{"floor":32.0,"key":"DIG"},{"floor":49,"key":"DIG"}],"neow_cost":"TEN_PERCENT_HP_LOSS","seed_source_timestamp":0,"circlet_count":0,"master_deck":["Neutralize+1","Cloak And Dagger+1","Cloak And Dagger+1","Cloak And Dagger+1","Adrenaline+1","Blur+1","Distraction+1","Tools of the Trade+1","Unload+1","Flying Knee+1","After Image","Bullet Time+1","Dagger Spray","Backflip+1","Adrenaline+1","Bullet Time+1","Adrenaline+1"],"special_seed":0,"relics":["Ring of the Snake","Toxic Egg 2","Dead Branch","Mercury Hourglass","Du-Vu Doll","Pandora\u0027s Box","Shovel","Centennial Puzzle","PreservedInsect","Letter Opener","Matryoshka","MawBank","Tiny House","Calipers","Membership Card","Meat on the Bone","Bag of Marbles","Strawberry","Dodecahedron","Whetstone","Mummified Hand","Bag of Preparation","Ice Cream","War Paint"],"potions_floor_usage":[],"damage_taken":[{"damage":0.0,"enemies":"Jaw Worm","floor":1.0,"turns":5.0},{"damage":1.0,"enemies":"2 Louse","floor":5.0,"turns":3.0},{"damage":14.0,"enemies":"Gremlin Nob","floor":8.0,"turns":5.0},{"damage":0.0,"enemies":"Cultist","floor":10.0,"turns":3.0},{"damage":1.0,"enemies":"2 Fungi Beasts","floor":11.0,"turns":2.0},{"damage":0.0,"enemies":"Exordium Wildlife","floor":12.0,"turns":2.0},{"damage":0.0,"enemies":"3 Sentries","floor":14.0,"turns":3.0},{"damage":25.0,"enemies":"The Guardian","floor":16.0,"turns":8.0},{"damage":0.0,"enemies":"3 Byrds","floor":18.0,"turns":2.0},{"damage":0.0,"enemies":"Spheric Guardian","floor":19.0,"turns":1.0},{"damage":0.0,"enemies":"Snake Plant","floor":22.0,"turns":4.0},{"damage":0.0,"enemies":"Book of Stabbing","floor":23.0,"turns":3.0},{"damage":0.0,"enemies":"Slavers","floor":25.0,"turns":3.0},{"damage":0.0,"enemies":"Centurion and Healer","floor":27.0,"turns":4.0},{"damage":0.0,"enemies":"Cultist and Chosen","floor":29.0,"turns":2.0},{"damage":0.0,"enemies":"Sentry and Sphere","floor":30.0,"turns":2.0},{"damage":0.0,"enemies":"Snecko","floor":31.0,"turns":3.0},{"damage":14.0,"enemies":"Automaton","floor":33.0,"turns":9.0},{"damage":0.0,"enemies":"3 Darklings","floor":35.0,"turns":4.0},{"damage":0.0,"enemies":"3 Shapes","floor":36.0,"turns":1.0},{"damage":0.0,"enemies":"2 Orb Walkers","floor":37.0,"turns":3.0},{"damage":0.0,"enemies":"Spire Growth","floor":38.0,"turns":2.0},{"damage":0.0,"enemies":"Giant Head","floor":40.0,"turns":4.0},{"damage":0,"enemies":"Reptomancer","floor":44,"turns":1},{"damage":0,"enemies":"Sphere and 2 Shapes","floor":46,"turns":1},{"damage":0,"enemies":"Transient","floor":47,"turns":5},{"damage":0,"enemies":"Mind Bloom Boss Battle","floor":48,"turns":1},{"damage":0,"enemies":"Time Eater","floor":50,"turns":8}],"seed_played":"6069024261189504192","potions_obtained":[{"floor":8.0,"key":"Poison Potion"},{"floor":11.0,"key":"LiquidBronze"},{"floor":14.0,"key":"SpeedPotion"},{"floor":16.0,"key":"EssenceOfSteel"},{"floor":23.0,"key":"Swift Potion"},{"floor":33.0,"key":"Fire Potion"},{"floor":48,"key":"Energy Potion"}],"is_trial":false,"path_per_floor":["M","?","$","?","M","R","?","E","T","M","M","M","R","E","R","B",null,"M","M","?","?","M","E","T","E","T","M","$","M","M","M","R","B",null,"M","M","?","M","$","E","?","$","T","E","$","M","M","?","R","B",null],"character_chosen":"THE_SILENT","items_purchased":["Matryoshka","Adrenaline+1","Membership Card","Bag of Marbles","Strawberry","Bag of Preparation"],"campfire_rested":1,"item_purchase_floors":[28,28,39,42,42,45],"current_hp_per_floor":[63,52,52,45,44,44,44,30,30,30,29,29,47,47,47,22,63,63,63,63,63,63,63,63,63,63,63,63,63,63,63,63,49,68,68,68,68,68,68,68,65,72,72,72,72,72,72,72,72,72],"gold":189,"neow_bonus":"REMOVE_TWO","is_prod":false,"is_daily":false,"chose_seed":false,"campfire_upgraded":2,"win_rate":0,"timestamp":1567999488,"path_taken":["M","?","$","?","M","R","?","E","T","?","M","M","R","E","R","BOSS","M","M","?","?","?","E","?","E","T","M","$","M","?","M","R","BOSS","M","M","?","M","$","E","?","$","T","E","$","M","M","?","R","BOSS"],"build_version":"2019-07-17","purchased_purges":3,"victory":true,"max_hp_per_floor":[63,63,63,63,63,63,63,63,63,63,63,63,63,63,63,63,63,63,63,63,63,63,63,63,63,63,63,63,63,63,63,63,63,68,68,68,68,68,68,68,65,72,72,72,72,72,72,72,72,72],"card_choices":[{"not_picked":["PiercingWail","Slice"],"picked":"Cloak And Dagger","floor":1.0},{"not_picked":["Slice","Dodge and Roll+1"],"picked":"Cloak And Dagger+1","floor":5.0},{"not_picked":["Catalyst+1","Phantasmal Killer+1"],"picked":"Adrenaline+1","floor":8.0},{"not_picked":["Infinite Blades","Caltrops"],"picked":"Blur+1","floor":10.0},{"not_picked":["Tactician+1","Catalyst+1","Bane"],"picked":"SKIP","floor":11.0},{"not_picked":["Bane","Quick Slash","Cloak And Dagger+1"],"picked":"SKIP","floor":12.0},{"not_picked":["Dagger Spray","PiercingWail+1"],"picked":"Distraction+1","floor":14.0},{"not_picked":["Burst+1","Malaise+1"],"picked":"Tools of the Trade","floor":16.0},{"not_picked":["Accuracy","Riddle With Holes","Slice"],"picked":"SKIP","floor":18.0},{"not_picked":["PiercingWail+1","Escape Plan+1","Underhanded Strike"],"picked":"SKIP","floor":19.0},{"not_picked":["Blade Dance+1","Flying Knee"],"picked":"Backflip+1","floor":22.0},{"not_picked":["Dagger Throw","Dodge and Roll+1","Flechettes+1"],"picked":"SKIP","floor":23.0},{"not_picked":["Calculated Gamble+1","Backstab","Finisher"],"picked":"SKIP","floor":25.0},{"not_picked":["Deadly Poison+1","Backflip+1","Bane"],"picked":"SKIP","floor":27.0},{"not_picked":["Backstab","Distraction+1","Malaise+1"],"picked":"SKIP","floor":29.0},{"not_picked":["Quick Slash","Reflex+1","Prepared+1"],"picked":"SKIP","floor":30.0},{"not_picked":["Dagger Throw","Flechettes","Cloak And Dagger+1"],"picked":"SKIP","floor":31.0},{"not_picked":["Glass Knife","Doppelganger+1"],"picked":"Bullet Time+1","floor":33.0},{"not_picked":["Poisoned Stab","Flechettes","Dagger Throw+1"],"picked":"SKIP","floor":35.0},{"not_picked":["Choke+1","Blur+1","Well Laid Plans+1"],"picked":"SKIP","floor":36.0},{"not_picked":["Deflect+1","Endless Agony+1","Cloak And Dagger+1"],"picked":"SKIP","floor":38.0},{"not_picked":["Choke+1","Calculated Gamble+1","Dagger Spray"],"picked":"SKIP","floor":40},{"not_picked":["Choke+1","Calculated Gamble+1","Dagger Spray"],"picked":"SKIP","floor":40},{"not_picked":["Outmaneuver+1","Deflect+1"],"picked":"Adrenaline+1","floor":44},{"not_picked":["Deflect+1","Backflip+1","PiercingWail+1"],"picked":"SKIP","floor":46},{"not_picked":["Bane+1","Quick Slash+1","Endless Agony+1"],"picked":"SKIP","floor":47}],"player_experience":94171,"relics_obtained":[{"floor":8.0,"key":"Dead Branch"},{"floor":9.0,"key":"Mercury Hourglass"},{"floor":14.0,"key":"Du-Vu Doll"},{"floor":23.0,"key":"Shovel"},{"floor":24.0,"key":"Centennial Puzzle"},{"floor":25.0,"key":"PreservedInsect"},{"floor":26.0,"key":"Letter Opener"},{"floor":32.0,"key":"MawBank"},{"floor":37.0,"key":"Calipers"},{"floor":40,"key":"Meat on the Bone"},{"floor":43,"key":"Dodecahedron"},{"floor":43,"key":"Whetstone"},{"floor":44,"key":"Mummified Hand"},{"floor":48,"key":"Ice Cream"},{"floor":49,"key":"War Paint"}],"event_choices":[{"damage_healed":0.0,"max_hp_gain":0.0,"max_hp_loss":0.0,"gold_gain":75.0,"event_name":"World of Goop","player_choice":"Gather Gold","floor":2.0,"gold_loss":0.0,"damage_taken":11.0},{"damage_healed":0.0,"max_hp_gain":0.0,"max_hp_loss":0.0,"gold_gain":0.0,"event_name":"Scrap Ooze","player_choice":"Success","floor":4.0,"gold_loss":0.0,"damage_taken":7.0,"relics_obtained":["Toxic Egg 2"]},{"damage_healed":0.0,"max_hp_gain":0.0,"max_hp_loss":0.0,"gold_gain":0.0,"cards_transformed":["Strike_G"],"event_name":"Transmorgrifier","player_choice":"Transformed","floor":7.0,"gold_loss":0.0,"damage_taken":0.0,"cards_obtained":["Cloak And Dagger"]},{"damage_healed":0.0,"max_hp_gain":0.0,"max_hp_loss":0.0,"gold_gain":99.0,"event_name":"Nest","player_choice":"Stole From Cult","floor":20.0,"gold_loss":0.0,"damage_taken":0.0},{"damage_healed":0.0,"max_hp_gain":0.0,"max_hp_loss":0.0,"gold_gain":0.0,"event_name":"Match and Keep!","player_choice":"0 cards matched","floor":21.0,"gold_loss":0.0,"damage_taken":0.0,"cards_obtained":[]},{"damage_healed":0.0,"max_hp_gain":0.0,"max_hp_loss":0.0,"gold_gain":0.0,"event_name":"Mysterious Sphere","player_choice":"Fight","floor":37.0,"gold_loss":0.0,"damage_taken":0.0},{"damage_healed":0,"gold_gain":0,"player_choice":"Max HP","damage_taken":0,"max_hp_gain":0,"max_hp_loss":3,"event_name":"Winding Halls","floor":41,"gold_loss":0},{"damage_healed":0,"gold_gain":0,"player_choice":"Fight","damage_taken":0,"max_hp_gain":0,"max_hp_loss":0,"event_name":"MindBloom","floor":48,"gold_loss":0}],"is_beta":false,"boss_relics":[{"not_picked":["Velvet Choker","Runic Pyramid"],"picked":"Pandora\u0027s Box"},{"not_picked":["Orrery","Empty Cage"],"picked":"Tiny House"}],"items_purged_floors":[3,28,39],"is_endless":false,"potions_floor_spawned":[8,11,14,16,18,22,23,25,31,33,36,44,46,48],"ascension_level":0}