{"gold_per_floor":[119,136,149,169,19,19,19,37,118,133,8,22,22,34,34,110,110,128,128,28,44,44,44,59,89,89,89,89],"floor_reached":28,"playtime":1007,"items_purged":["Pain","Strike_B"],"score":452,"play_id":"6c4aa37d-0ccf-4741-8b4a-40bbe3d10cd2","local_time":"20191006204017","is_ascension_mode":true,"campfire_choices":[{"floor":6.0,"key":"REST"},{"floor":13.0,"key":"REST"},{"data":"Biased Cognition","floor":15.0,"key":"SMITH"},{"floor":23.0,"key":"DIG"},{"floor":27,"key":"DIG"}],"neow_cost":"CURSE","seed_source_timestamp":14676768764900,"circlet_count":0,"master_deck":["AscendersBane","Strike_B","Strike_B","Strike_B","Defend_B","Defend_B","Defend_B","Defend_B","Zap","Dualcast","Biased Cognition+1","Go for the Eyes","Gash","Conserve Battery","Self Repair+1","Cold Snap","Go for the Eyes","Ball Lightning","Chill","Biased Cognition","Hologram","Reinforced Body"],"special_seed":0,"relics":["Cracked Core","Shovel","Gremlin Horn","Coffee Dripper","Vajra","Potion Belt","Bottled Lightning","Art of War"],"potions_floor_usage":[25],"damage_taken":[{"damage":6.0,"enemies":"Small Slimes","floor":1.0,"turns":3.0},{"damage":5.0,"enemies":"Cultist","floor":2.0,"turns":4.0},{"damage":6.0,"enemies":"2 Louse","floor":3.0,"turns":3.0},{"damage":19.0,"enemies":"Gremlin Gang","floor":4.0,"turns":4.0},{"damage":14.0,"enemies":"Large Slime","floor":8.0,"turns":5.0},{"damage":16.0,"enemies":"Exordium Thugs","floor":10.0,"turns":4.0},{"damage":0.0,"enemies":"2 Fungi Beasts","floor":12.0,"turns":2.0},{"damage":9.0,"enemies":"Large Slime","floor":14.0,"turns":4.0},{"damage":10.0,"enemies":"The Guardian","floor":16.0,"turns":10.0},{"damage":13.0,"enemies":"3 Byrds","floor":18.0,"turns":5.0},{"damage":3.0,"enemies":"Chosen","floor":21.0,"turns":5.0},{"damage":12.0,"enemies":"Centurion and Healer","floor":24.0,"turns":8.0},{"damage":39,"enemies":"Book of Stabbing","floor":25,"turns":7},{"damage":32,"enemies":"3 Cultists","floor":28,"turns":5}],"seed_played":"-4637389761753938925","potions_obtained":[{"floor":1.0,"key":"GamblersBrew"},{"floor":2.0,"key":"Block Potion"},{"floor":14.0,"key":"EntropicBrew"},{"floor":16.0,"key":"Fire Potion"},{"floor":24.0,"key":"FearPotion"}],"is_trial":false,"path_per_floor":["M","M","M","M","?","R","$","M","T","M","$","M","R","M","R","B",null,"M","?","$","M","?","R","M","E","T","R","M"],"character_chosen":"DEFECT","items_purchased":["Ball Lightning"],"campfire_rested":2,"item_purchase_floors":[11],"current_hp_per_floor":[58,53,47,28,28,49,49,42,42,33,33,33,54,52,52,49,66,53,53,53,57,57,57,55,26,26,26,0],"gold":89,"neow_bonus":"THREE_RARE_CARDS","is_prod":false,"is_daily":false,"chose_seed":false,"campfire_upgraded":1,"win_rate":0,"timestamp":1570419617,"path_taken":["M","M","M","M","?","R","$","?","T","M","$","M","R","M","R","BOSS","M","?","$","M","?","R","M","E","T","R","M"],"build_version":"2019-07-17","purchased_purges":2,"victory":false,"max_hp_per_floor":[71,71,71,71,71,71,71,71,71,71,71,71,71,71,71,71,71,71,71,71,71,71,71,71,71,71,71,71],"card_choices":[{"not_picked":["Core Surge","Fission"],"picked":"Biased Cognition","floor":0.0},{"not_picked":["Conserve Battery","Streamline"],"picked":"Go for the Eyes","floor":1.0},{"not_picked":["Consume","Aggregate"],"picked":"Gash","floor":2.0},{"not_picked":["BootSequence","Rebound"],"picked":"Conserve Battery","floor":3.0},{"not_picked":["Beam Cell","Reboot"],"picked":"Self Repair","floor":4.0},{"not_picked":["Auto Shields","Barrage"],"picked":"Cold Snap","floor":8.0},{"not_picked":["Compile Driver","Sweeping Beam"],"picked":"Go for the Eyes","floor":10.0},{"not_picked":["White Noise","Static Discharge"],"picked":"Chill","floor":12.0},{"not_picked":["Go for the Eyes","Rebound","Meteor Strike"],"picked":"SKIP","floor":14.0},{"not_picked":["Thunder Strike","Reboot"],"picked":"Biased Cognition","floor":16.0},{"not_picked":["Go for the Eyes+1","Rebound+1","Compile Driver"],"picked":"SKIP","floor":18.0},{"not_picked":["Storm","Redo"],"picked":"Hologram","floor":21.0},{"not_picked":["Doom and Gloom","BootSequence","Sweeping Beam"],"picked":"SKIP","floor":24.0},{"not_picked":["Reprogram","Self Repair"],"picked":"Reinforced Body","floor":25}],"player_experience":681652,"relics_obtained":[{"floor":9.0,"key":"Gremlin Horn"},{"floor":23.0,"key":"Vajra"},{"floor":25,"key":"Potion Belt"},{"floor":26,"key":"Bottled Lightning"},{"floor":27,"key":"Art of War"}],"event_choices":[{"damage_healed":0.0,"max_hp_gain":0.0,"max_hp_loss":0.0,"gold_gain":0.0,"event_name":"WeMeetAgain","player_choice":"Paid Gold","floor":5.0,"gold_loss":150.0,"damage_taken":0.0,"relics_obtained":["Shovel"]},{"damage_healed":0.0,"max_hp_gain":0.0,"max_hp_loss":0.0,"gold_gain":0.0,"event_name":"Ghosts","player_choice":"Ignored","floor":19.0,"gold_loss":0.0,"damage_taken":0.0},{"damage_healed":0.0,"max_hp_gain":0.0,"max_hp_loss":0.0,"gold_gain":0.0,"event_name":"Accursed Blacksmith","player_choice":"Forge","floor":22.0,"gold_loss":0.0,"damage_taken":0.0,"cards_upgraded":["Self Repair"]}],"is_beta":false,"boss_relics":[{"not_picked":["Cursed Key","Black Star"],"picked":"Coffee Dripper"}],"items_purged_floors":[11,20],"is_endless":false,"potions_floor_spawned":[1,2,3,14,16,24],"killed_by":"3 Cultists","ascension_level":19}