{"gold_per_floor":[114,129,144,159,174,174,189,189,264,264,294,1,1,16,16,116,116,131,146,161,36,51,51,66,66,116,131,146,161,191,79,79,179,179,194,209,47,62,62,62,77,29,79,94,94,109,109,124,124,124],"floor_reached":50,"playtime":18424,"items_purged":["Strike_R","Strike_R+1"],"score":524,"play_id":"ea8241dc-482c-4b0f-9a4b-a09deefcd141","local_time":"20190929224054","daily_mods":["Heirloom","ControlledChaos","Terminal"],"is_ascension_mode":false,"campfire_choices":[{"data":"Burning Pact","floor":6.0,"key":"SMITH"},{"data":"Burning Pact","floor":10.0,"key":"SMITH"},{"data":"Apotheosis","floor":15.0,"key":"SMITH"},{"floor":23.0,"key":"REST"},{"floor":25.0,"key":"REST"},{"floor":32.0,"key":"REST"},{"floor":40,"key":"REST"},{"floor":45,"key":"REST"},{"floor":47,"key":"REST"},{"floor":49,"key":"REST"}],"neow_cost":"","seed_source_timestamp":0,"circlet_count":0,"master_deck":["Strike_R","Strike_R+1","Defend_R","Defend_R","Defend_R","Bash","Battle Trance","Burning Pact+1","Burning Pact+1","Apotheosis+1","Flex","Infernal Blade","Corruption","Flash of Steel","True Grit","Spot Weakness","Feed","Spot Weakness","Parasite","Pain","Offering","Finesse","Whirlwind+1","Parasite","Inflame+1","Feel No Pain+1"],"special_seed":18165,"relics":["Burning Blood","Frozen Eye","Charon\u0027s Ashes","Question Card","Smiling Mask","Membership Card","Empty Cage","PreservedInsect","Dream Catcher","Whetstone","White Beast Statue","Mercury Hourglass","WarpedTongs","Anchor"],"potions_floor_usage":[36,38,41,41,44,46,50,50],"damage_taken":[{"damage":4.0,"enemies":"Jaw Worm","floor":1.0,"turns":4.0},{"damage":6.0,"enemies":"Small Slimes","floor":2.0,"turns":4.0},{"damage":0.0,"enemies":"Cultist","floor":3.0,"turns":3.0},{"damage":4.0,"enemies":"2 Fungi Beasts","floor":4.0,"turns":3.0},{"damage":6.0,"enemies":"Exordium Thugs","floor":5.0,"turns":4.0},{"damage":8.0,"enemies":"Lots of Slimes","floor":7.0,"turns":3.0},{"damage":13.0,"enemies":"3 Sentries","floor":11.0,"turns":5.0},{"damage":0.0,"enemies":"Large Slime","floor":14.0,"turns":5.0},{"damage":34.0,"enemies":"Slime Boss","floor":16.0,"turns":8.0},{"damage":5.0,"enemies":"Shell Parasite","floor":18.0,"turns":4.0},{"damage":6.0,"enemies":"Spheric Guardian","floor":19.0,"turns":3.0},{"damage":25.0,"enemies":"Shelled Parasite and Fungi","floor":20.0,"turns":6.0},{"damage":28.0,"enemies":"Sentry and Sphere","floor":22.0,"turns":6.0},{"damage":9.0,"enemies":"Snake Plant","floor":24.0,"turns":2.0},{"damage":2.0,"enemies":"Snecko","floor":27.0,"turns":3.0},{"damage":17.0,"enemies":"Shelled Parasite and Fungi","floor":28.0,"turns":4.0},{"damage":3.0,"enemies":"Snake Plant","floor":29.0,"turns":2.0},{"damage":7.0,"enemies":"Book of Stabbing","floor":30.0,"turns":2.0},{"damage":0.0,"enemies":"Automaton","floor":33.0,"turns":3.0},{"damage":7,"enemies":"Orb Walker","floor":35,"turns":4},{"damage":8,"enemies":"3 Darklings","floor":36,"turns":3},{"damage":25,"enemies":"Writhing Mass","floor":38,"turns":4},{"damage":30,"enemies":"Jaw Worm Horde","floor":41,"turns":3},{"damage":7,"enemies":"4 Shapes","floor":44,"turns":2},{"damage":21,"enemies":"Writhing Mass","floor":46,"turns":4},{"damage":11,"enemies":"Jaw Worm Horde","floor":48,"turns":2},{"damage":66,"enemies":"Time Eater","floor":50,"turns":7}],"seed_played":"-271684292414772079","potions_obtained":[{"floor":2.0,"key":"Ancient Potion"},{"floor":3.0,"key":"Fire Potion"},{"floor":11.0,"key":"AttackPotion"},{"floor":13.0,"key":"Fruit Juice"},{"floor":13.0,"key":"EntropicBrew"},{"floor":13.0,"key":"FairyPotion"},{"floor":16.0,"key":"Block Potion"},{"floor":22.0,"key":"Dexterity Potion"},{"floor":24.0,"key":"PowerPotion"},{"floor":27.0,"key":"BloodPotion"},{"floor":28.0,"key":"SpeedPotion"},{"floor":30.0,"key":"SteroidPotion"},{"floor":35,"key":"AttackPotion"},{"floor":36,"key":"Ancient Potion"},{"floor":38,"key":"Block Potion"},{"floor":41,"key":"Strength Potion"},{"floor":44,"key":"Energy Potion"},{"floor":46,"key":"Strength Potion"},{"floor":48,"key":"SteroidPotion"}],"is_trial":false,"path_per_floor":["?","?","M","?","$","M"],"character_chosen":"IRONCLAD","items_purchased":["Membership Card","Apotheosis","PreservedInsect","Flash of Steel","True Grit","Spot Weakness","Mercury Hourglass","Finesse"],"campfire_rested":7,"item_purchase_floors":[12,12,21,31,31,37,37,42],"current_hp_per_floor":[78,77,76,75,74,73,71,76,75,74,67,67,72,75,74,46,72,71,70,51,51,29,49,46,64,63,62,51,60,59,58,57,56,55,54,52,52,33,33,48,28,28,28,30,45,34,50,49,55,0],"gold":124,"neow_bonus":"","is_prod":false,"is_daily":true,"chose_seed":false,"campfire_upgraded":3,"win_rate":0,"timestamp":1569822054,"path_taken":["M","M","M","M","M","R","M","?","T","R","E","$","?","?","R","BOSS","M","M","M","$","M","R","M","R","T","M","M","M","E","$","R","BOSS","M","M","$","M","?","R","M","?","T","M","R","M","R","?","R","BOSS"],"build_version":"2019-01-23","purchased_purges":2,"victory":false,"max_hp_per_floor":[78,77,76,75,74,73,72,76,75,74,73,72,76,75,74,73,72,71,70,69,68,67,66,65,64,63,62,61,60,59,58,57,56,55,54,53,52,51,50,49,52,51,50,52,51,54,53,56,55,55],"card_choices":[{"not_picked":["Cleave","Heavy Blade","Wild Strike"],"picked":"SKIP","floor":1.0},{"not_picked":["Body Slam","Pummel"],"picked":"Battle Trance","floor":2.0},{"not_picked":["Perfected Strike","Havoc"],"picked":"Burning Pact","floor":3.0},{"not_picked":["Clash","Infernal Blade","Inflame"],"picked":"SKIP","floor":4.0},{"not_picked":["Pommel Strike","Body Slam"],"picked":"Burning Pact","floor":5.0},{"not_picked":["Pommel Strike","Perfected Strike","Rampage"],"picked":"SKIP","floor":7.0},{"not_picked":["Flame Barrier","Wild Strike","Headbutt","Havoc"],"picked":"SKIP","floor":11.0},{"not_picked":["Rage","Heavy Blade","Evolve","Flex"],"picked":"SKIP","floor":14.0},{"not_picked":["Headbutt","Warcry","Rage+1","Havoc"],"picked":"SKIP","floor":18.0},{"not_picked":["Combust","Hemokinesis","Armaments+1","Iron Wave"],"picked":"SKIP","floor":19.0},{"not_picked":["Armaments","Wild Strike","Combust","Iron Wave"],"picked":"SKIP","floor":20.0},{"not_picked":["Heavy Blade","Ghostly Armor","Wild Strike"],"picked":"Flex","floor":22.0},{"not_picked":["True Grit+1","Searing Blow","Shrug It Off+1"],"picked":"Infernal Blade","floor":24.0},{"not_picked":["Wild Strike","Warcry+1","Pummel+1","Anger+1"],"picked":"SKIP","floor":27.0},{"not_picked":["Whirlwind","Shrug It Off","Clash","Metallicize"],"picked":"SKIP","floor":28.0},{"not_picked":["Havoc","Whirlwind","Heavy Blade","Feel No Pain"],"picked":"SKIP","floor":29.0},{"not_picked":["Dual Wield","Blood for Blood","Warcry"],"picked":"Corruption","floor":30.0},{"not_picked":["Iron Wave","Anger","Juggernaut"],"picked":"Spot Weakness","floor":32.0},{"not_picked":["Brutality","Demon Form","Double Tap"],"picked":"Feed","floor":33.0},{"not_picked":["Infernal Blade","Perfected Strike+1","Fire Breathing","Warcry+1"],"picked":"SKIP","floor":35},{"not_picked":["Anger+1","Burning Pact","Headbutt+1","Reckless Charge"],"picked":"SKIP","floor":36},{"not_picked":["Clash","Whirlwind","Anger+1","Infernal Blade"],"picked":"SKIP","floor":38},{"not_picked":["Twin Strike","Havoc","Evolve"],"picked":"Offering","floor":40},{"not_picked":["Pommel Strike+1","Spot Weakness+1","Warcry","True Grit"],"picked":"SKIP","floor":41},{"not_picked":["Flex+1","True Grit+1","Bludgeon"],"picked":"Whirlwind+1","floor":44},{"not_picked":["Shrug It Off+1","Perfected Strike+1","Ghostly Armor"],"picked":"Inflame+1","floor":46},{"not_picked":["Perfected Strike","True Grit+1","Flex+1"],"picked":"Feel No Pain+1","floor":48}],"player_experience":247223,"relics_obtained":[{"floor":9.0,"key":"Question Card"},{"floor":11.0,"key":"Smiling Mask"},{"floor":26.0,"key":"Dream Catcher"},{"floor":30.0,"key":"Whetstone"},{"floor":43,"key":"Anchor"}],"event_choices":[{"damage_healed":0.0,"max_hp_gain":5.0,"max_hp_loss":0.0,"gold_gain":0.0,"event_name":"Big Fish","player_choice":"Donut","floor":8.0,"gold_loss":0.0,"damage_taken":0.0},{"damage_healed":0.0,"max_hp_gain":0.0,"max_hp_loss":0.0,"gold_gain":0.0,"event_name":"Lab","player_choice":"Got Potions","floor":13.0,"gold_loss":0.0,"damage_taken":0.0},{"damage_healed":0,"gold_gain":0,"player_choice":"Rummage","damage_taken":0,"relics_obtained":["WarpedTongs"],"max_hp_gain":0,"max_hp_loss":0,"event_name":"Accursed Blacksmith","floor":39,"gold_loss":0,"cards_obtained":["Pain"]}],"is_beta":false,"boss_relics":[{"not_picked":["Tiny House","Fusion Hammer"],"picked":"Empty Cage"},{"not_picked":["Black Blood","Coffee Dripper"],"picked":"White Beast Statue"}],"items_purged_floors":[21,31],"is_endless":false,"potions_floor_spawned":[2,3,11,16,22,24,27,28,30,35,36,38,41,44,46,48],"killed_by":"Time Eater","ascension_level":0}