{"gold_per_floor":[112,127,6,18,18,28,63,63,63,63,78,96,128,28,28,28],"floor_reached":16,"playtime":943,"items_purged":["Strike_B","Strike_B"],"score":151,"play_id":"e4c8adda-f77d-4b5d-9f74-1b62425d99b1","local_time":"20190928122518","is_ascension_mode":true,"campfire_choices":[{"data":"Cold Snap","floor":8,"key":"SMITH"},{"data":"White Noise","floor":10,"key":"SMITH"},{"floor":15,"key":"REST"}],"neow_cost":"NONE","seed_source_timestamp":1436509398917100,"circlet_count":0,"master_deck":["Strike_B","Strike_B","Defend_B","Defend_B","Defend_B","Defend_B","Zap","Dualcast","Leap","Cold Snap+1","Coolheaded","Ball Lightning","White Noise+1","Seek","Conserve Battery"],"relics":["Cracked Core","Anchor","Incense Burner","Frozen Egg 2","Blue Candle"],"potions_floor_usage":[7,12],"damage_taken":[{"damage":1,"enemies":"Cultist","floor":1,"turns":4},{"damage":0,"enemies":"2 Louse","floor":2,"turns":3},{"damage":0,"enemies":"Small Slimes","floor":4,"turns":4},{"damage":5,"enemies":"Gremlin Gang","floor":6,"turns":4},{"damage":19,"enemies":"3 Sentries","floor":7,"turns":8},{"damage":0,"enemies":"Looter","floor":11,"turns":3},{"damage":3,"enemies":"Exordium Thugs","floor":12,"turns":3},{"damage":30,"enemies":"Gremlin Nob","floor":13,"turns":4},{"damage":34,"enemies":"Slime Boss","floor":16,"turns":7}],"seed_played":"-1793842818402446965","potions_obtained":[{"floor":6,"key":"AttackPotion"},{"floor":7,"key":"SteroidPotion"},{"floor":11,"key":"Fire Potion"}],"is_trial":false,"path_per_floor":["M","M","$","M","$","M","E","R","T","R","M","M","E","$","R","B"],"character_chosen":"DEFECT","items_purchased":["Coolheaded"],"campfire_rested":1,"item_purchase_floors":[3],"current_hp_per_floor":[67,67,67,67,67,62,43,43,43,43,43,40,10,10,32,0],"gold":28,"neow_bonus":"RANDOM_COMMON_RELIC","is_prod":false,"is_daily":false,"chose_seed":false,"campfire_upgraded":2,"win_rate":0,"timestamp":1569687918,"path_taken":["M","?","?","M","$","?","E","R","T","R","M","M","E","$","R","BOSS"],"build_version":"2019-07-17","purchased_purges":2,"victory":false,"max_hp_per_floor":[75,75,75,75,75,75,75,75,75,75,75,75,75,75,75,75],"card_choices":[{"not_picked":["Stack","Hologram"],"picked":"Leap","floor":1},{"not_picked":["Tempest","Hologram"],"picked":"Cold Snap","floor":2},{"not_picked":["Loop","Steam"],"picked":"Ball Lightning","floor":4},{"not_picked":["Coolheaded","Barrage","Darkness"],"picked":"SKIP","floor":6},{"not_picked":["Beam Cell","Force Field"],"picked":"White Noise","floor":7},{"not_picked":["Barrage","Reinforced Body","Stack"],"picked":"SKIP","floor":11},{"not_picked":["Turbo","Consume"],"picked":"Seek","floor":12},{"not_picked":["Scrape","Storm+1"],"picked":"Conserve Battery","floor":13}],"player_experience":289351,"relics_obtained":[{"floor":7,"key":"Incense Burner"},{"floor":9,"key":"Frozen Egg 2"},{"floor":13,"key":"Blue Candle"}],"event_choices":[],"is_beta":false,"boss_relics":[],"items_purged_floors":[3,14],"is_endless":false,"potions_floor_spawned":[6,7,11],"killed_by":"Slime Boss","ascension_level":7}