{"gold_per_floor":[215,226,226,241,241,241,267,267,267,342,357,32,32,32],"floor_reached":14,"playtime":322,"items_purged":[],"score":172,"play_id":"03f0d861-a1f1-496c-8732-1e46d1ddea10","local_time":"20191006181459","is_ascension_mode":true,"campfire_choices":[{"data":"Defragment","floor":6.0,"key":"SMITH"},{"floor":8.0,"key":"REST"}],"neow_cost":"NONE","seed_source_timestamp":6749418739400,"circlet_count":0,"master_deck":["AscendersBane","Strike_B","Strike_B","Strike_B","Strike_B","Defend_B","Defend_B","Defend_B","Defend_B","Zap","Dualcast","Compile Driver","Defragment+1","Darkness+1","Barrage","Conserve Battery"],"special_seed":0,"relics":["Cracked Core","Frozen Egg 2","Dream Catcher","Matryoshka","Ice Cream"],"potions_floor_usage":[],"damage_taken":[{"damage":3.0,"enemies":"2 Louse","floor":1.0,"turns":3.0},{"damage":2.0,"enemies":"Jaw Worm","floor":2.0,"turns":3.0},{"damage":10.0,"enemies":"Small Slimes","floor":4.0,"turns":4.0},{"damage":35.0,"enemies":"Lagavulin","floor":7.0,"turns":6.0},{"damage":12.0,"enemies":"Looter","floor":11.0,"turns":4.0},{"damage":21,"enemies":"3 Louse","floor":14,"turns":3}],"seed_played":"1861209411785564326","potions_obtained":[{"floor":4.0,"key":"FearPotion"}],"is_trial":false,"path_per_floor":["M","M","?","M","T","R","E","R","T","?","M","$","?","M"],"character_chosen":"DEFECT","items_purchased":["Ice Cream"],"campfire_rested":1,"item_purchase_floors":[12],"current_hp_per_floor":[61,59,64,54,54,54,19,41,41,30,18,18,18,0],"gold":32,"neow_bonus":"HUNDRED_GOLD","is_prod":false,"is_daily":false,"chose_seed":false,"campfire_upgraded":1,"win_rate":0,"timestamp":1570410899,"path_taken":["M","M","?","M","?","R","E","R","T","?","M","$","?","M"],"build_version":"2019-07-17","purchased_purges":0,"victory":false,"max_hp_per_floor":[71,71,76,76,76,76,76,76,76,76,76,76,76,76],"card_choices":[{"not_picked":["Conserve Battery","Darkness"],"picked":"Compile Driver","floor":1.0},{"not_picked":["Sweeping Beam","Force Field","Recycle"],"picked":"SKIP","floor":2.0},{"not_picked":["Coolheaded","Steam"],"picked":"Defragment","floor":4.0},{"not_picked":["BootSequence","Steam"],"picked":"Darkness","floor":7.0},{"not_picked":["Rebound","Streamline"],"picked":"Barrage","floor":8.0},{"not_picked":["Stack","Auto Shields"],"picked":"Conserve Battery","floor":11.0}],"player_experience":680153,"relics_obtained":[{"floor":5.0,"key":"Frozen Egg 2"},{"floor":7.0,"key":"Dream Catcher"},{"floor":9.0,"key":"Matryoshka"}],"event_choices":[{"damage_healed":0.0,"max_hp_gain":5.0,"max_hp_loss":0.0,"gold_gain":0.0,"event_name":"Big Fish","player_choice":"Donut","floor":3.0,"gold_loss":0.0,"damage_taken":0.0},{"damage_healed":0.0,"max_hp_gain":0.0,"max_hp_loss":0.0,"gold_gain":75.0,"event_name":"World of Goop","player_choice":"Gather Gold","floor":10.0,"gold_loss":0.0,"damage_taken":11.0},{"damage_healed":0.0,"max_hp_gain":0.0,"max_hp_loss":0.0,"gold_gain":0.0,"event_name":"Living Wall","player_choice":"Grow","floor":13.0,"gold_loss":0.0,"damage_taken":0.0,"cards_upgraded":["Darkness"]}],"is_beta":false,"boss_relics":[],"items_purged_floors":[],"is_endless":false,"potions_floor_spawned":[4],"killed_by":"3 Louse","ascension_level":19}