{"gold_per_floor":[112,112,37,56,56,56,72,92,165,165,92,92,127,149,161,268,280,302,136,116,132,145,170,184,215,215,215,226,29,29,43,43,140,140,160,10,10,25,80,80,99,99,99,66,66,84,116,135,135,135],"floor_reached":51,"playtime":4710,"items_purged":["Shame","Strike_B","Decay","Defend_B"],"score":734,"play_id":"be9a9036-e89d-4adb-b1fa-f7357dbfe839","local_time":"20190923214042","is_ascension_mode":true,"campfire_choices":[{"data":"Coolheaded","floor":6,"key":"SMITH"},{"floor":10,"key":"REST"},{"data":"Glacier","floor":15,"key":"SMITH"},{"floor":30,"key":"REST"},{"floor":32,"key":"REST"},{"floor":40,"key":"REST"},{"data":"Chill","floor":42,"key":"SMITH"},{"data":"Echo Form","floor":45,"key":"SMITH"},{"floor":49,"key":"REST"}],"neow_cost":"CURSE","seed_source_timestamp":1034037740124400,"circlet_count":0,"master_deck":["Strike_B+1","Strike_B","Defend_B+1","Zap","Dualcast+1","Coolheaded+1","Glacier+1","Streamline+1","BootSequence","Defragment","Reboot","Ball Lightning","Reboot","Glacier","Chill+1","Go for the Eyes","Chaos+1","Cold Snap+1","Echo Form+1","Blizzard","Go for the Eyes+1","Self Repair"],"relics":["Cracked Core","Mango","Gremlin Horn","Matryoshka","MawBank","Runic Pyramid","Blood Vial","Whetstone","Letter Opener","Bottled Flame","Empty Cage","Girya","Happy Flower","Du-Vu Doll","Unceasing Top"],"potions_floor_usage":[8,23,23,28,39,39,50,50],"damage_taken":[{"damage":20,"enemies":"Small Slimes","floor":1,"turns":4},{"damage":4,"enemies":"Jaw Worm","floor":4,"turns":4},{"damage":0,"enemies":"Cultist","floor":7,"turns":3},{"damage":11,"enemies":"Large Slime","floor":8,"turns":6},{"damage":22,"enemies":"Gremlin Nob","floor":13,"turns":5},{"damage":9,"enemies":"Gremlin Gang","floor":14,"turns":6},{"damage":7,"enemies":"The Guardian","floor":16,"turns":11},{"damage":10,"enemies":"Spheric Guardian","floor":18,"turns":4},{"damage":0,"enemies":"Chosen","floor":21,"turns":6},{"damage":9,"enemies":"Centurion and Healer","floor":22,"turns":9},{"damage":39,"enemies":"Slavers","floor":23,"turns":14},{"damage":6,"enemies":"Snake Plant","floor":24,"turns":6},{"damage":5,"enemies":"Gremlin Leader","floor":25,"turns":9},{"damage":6,"enemies":"3 Cultists","floor":28,"turns":5},{"damage":0,"enemies":"Snecko","floor":31,"turns":7},{"damage":25,"enemies":"Collector","floor":33,"turns":11},{"damage":0,"enemies":"3 Shapes","floor":35,"turns":4},{"damage":6,"enemies":"Orb Walker","floor":38,"turns":4},{"damage":39,"enemies":"2 Orb Walkers","floor":39,"turns":7},{"damage":0,"enemies":"4 Shapes","floor":41,"turns":5},{"damage":18,"enemies":"Transient","floor":46,"turns":5},{"damage":4,"enemies":"Giant Head","floor":47,"turns":10},{"damage":28,"enemies":"Writhing Mass","floor":48,"turns":8},{"damage":22,"enemies":"Donu and Deca","floor":50,"turns":13}],"seed_played":"2084302196583409383","potions_obtained":[{"floor":7,"key":"Regen Potion"},{"floor":16,"key":"Energy Potion"},{"floor":20,"key":"GamblersBrew"},{"floor":22,"key":"Swift Potion"},{"floor":24,"key":"Energy Potion"},{"floor":31,"key":"Strength Potion"},{"floor":35,"key":"Fire Potion"},{"floor":38,"key":"AttackPotion"},{"floor":46,"key":"EssenceOfSteel"}],"is_trial":false,"path_per_floor":["M","?","$","M","?","R","M","M","T","R","$","T","E","M","R","B",null,"M","$","?","M","M","E","M","E","T","?","M","$","R","M","R","B",null,"M","$","?","M","?","R","M","R","T","$","R","M","E","M","R","B",null],"character_chosen":"DEFECT","items_purchased":["Defragment","Chill","Blizzard","Self Repair"],"campfire_rested":5,"item_purchase_floors":[11,19,29,44],"current_hp_per_floor":[69,51,51,47,47,47,47,51,51,77,77,77,55,46,46,39,89,79,79,79,79,70,31,27,24,24,24,20,20,46,48,74,51,89,89,89,85,79,42,67,69,69,69,69,69,53,65,53,78,65],"gold":135,"neow_bonus":"ONE_RARE_RELIC","is_prod":false,"is_daily":false,"chose_seed":false,"campfire_upgraded":4,"win_rate":0,"timestamp":1569289242,"path_taken":["M","?","$","M","?","R","M","M","T","R","$","?","E","?","R","BOSS","M","$","?","M","?","E","M","E","T","?","M","$","R","M","R","BOSS","M","$","?","M","?","R","M","R","T","$","R","?","E","?","R","BOSS"],"build_version":"2019-07-17","purchased_purges":4,"victory":true,"max_hp_per_floor":[89,89,89,89,89,89,89,89,89,89,89,89,89,89,89,89,89,89,89,89,89,89,89,89,89,89,89,89,89,89,89,89,89,89,89,89,85,85,85,85,85,85,85,85,85,85,85,85,85,85],"card_choices":[{"not_picked":["Gash","Steam"],"picked":"Coolheaded","floor":1},{"not_picked":["Go for the Eyes","Stack"],"picked":"Glacier","floor":4},{"not_picked":["Stack","Loop"],"picked":"Streamline","floor":7},{"not_picked":["Compile Driver","Redo"],"picked":"BootSequence","floor":8},{"not_picked":["Melter","Reinforced Body"],"picked":"Reboot","floor":13},{"not_picked":["Streamline","Barrage"],"picked":"Ball Lightning","floor":14},{"not_picked":["Multi-Cast","Meteor Strike"],"picked":"Reboot","floor":16},{"not_picked":["Gash","Tempest"],"picked":"Glacier","floor":18},{"not_picked":["Conserve Battery","Gash"],"picked":"Go for the Eyes","floor":21},{"not_picked":["Hologram+1","Conserve Battery"],"picked":"Chaos+1","floor":22},{"not_picked":["Steam Power","Rainbow"],"picked":"Cold Snap+1","floor":23},{"not_picked":["Coolheaded","Aggregate","Sweeping Beam"],"picked":"SKIP","floor":24},{"not_picked":["Chaos","Auto Shields+1"],"picked":"Echo Form","floor":25},{"not_picked":["Undo+1","Cold Snap","Beam Cell"],"picked":"SKIP","floor":28},{"not_picked":["Leap+1","Stack","Hologram+1"],"picked":"SKIP","floor":31},{"not_picked":["Ball Lightning+1","Compile Driver","Rip and Tear+1"],"picked":"SKIP","floor":35},{"not_picked":["Glacier+1","Undo","Auto Shields"],"picked":"SKIP","floor":38},{"not_picked":["Cold Snap","Coolheaded+1"],"picked":"Go for the Eyes+1","floor":39},{"not_picked":["Conserve Battery","Steam+1","FTL"],"picked":"SKIP","floor":41},{"not_picked":["Sweeping Beam+1","Cold Snap+1","Rebound+1"],"picked":"SKIP","floor":46},{"not_picked":["Genetic Algorithm","Darkness+1","Heatsinks+1"],"picked":"SKIP","floor":47},{"not_picked":["Go for the Eyes+1","Hologram","Cold Snap"],"picked":"SKIP","floor":48}],"player_experience":259356,"relics_obtained":[{"floor":9,"key":"Gremlin Horn"},{"floor":12,"key":"Matryoshka"},{"floor":13,"key":"MawBank"},{"floor":23,"key":"Blood Vial"},{"floor":25,"key":"Whetstone"},{"floor":26,"key":"Letter Opener"},{"floor":26,"key":"Bottled Flame"},{"floor":39,"key":"Girya"},{"floor":43,"key":"Happy Flower"},{"floor":43,"key":"Du-Vu Doll"},{"floor":47,"key":"Unceasing Top"}],"event_choices":[{"damage_healed":0,"gold_gain":0,"player_choice":"Entered Light","damage_taken":18,"max_hp_gain":0,"max_hp_loss":0,"event_name":"Shining Light","floor":2,"gold_loss":0,"cards_upgraded":["Defend_B","Dualcast"]},{"cards_removed":["Strike_B"],"damage_healed":0,"gold_gain":0,"player_choice":"Forget","damage_taken":0,"max_hp_gain":0,"max_hp_loss":0,"event_name":"Living Wall","floor":5,"gold_loss":0},{"damage_healed":0,"gold_gain":0,"player_choice":"Bought 1 Potion","damage_taken":0,"max_hp_gain":0,"max_hp_loss":0,"event_name":"The Woman in Blue","floor":20,"gold_loss":0},{"damage_healed":0,"gold_gain":0,"player_choice":"Smashed Altar","damage_taken":0,"max_hp_gain":0,"max_hp_loss":0,"event_name":"Forgotten Altar","floor":27,"gold_loss":0,"cards_obtained":["Decay"]},{"damage_healed":0,"gold_gain":0,"player_choice":"Max HP","damage_taken":0,"max_hp_gain":0,"max_hp_loss":4,"event_name":"Winding Halls","floor":37,"gold_loss":0},{"damage_healed":0,"gold_gain":0,"player_choice":"Fight","damage_taken":0,"max_hp_gain":0,"max_hp_loss":0,"event_name":"Mysterious Sphere","floor":39,"gold_loss":0}],"is_beta":false,"boss_relics":[{"not_picked":["Cursed Key","White Beast Statue"],"picked":"Runic Pyramid"},{"not_picked":["Black Star","Nuclear Battery"],"picked":"Empty Cage"}],"items_purged_floors":[3,19,29,36],"is_endless":false,"potions_floor_spawned":[7,16,22,24,31,35,38,46],"ascension_level":2}