{"gold_per_floor":[119,22,22,37,49,49,76,76,103,134,104,104,120,134,134,231,231,242,242,92,191,201,214,229,229,229,229,256,256,290,308,308,412,412,428,438,98,112,127,127,160,160,160,65,81,107,107,122,122,122],"floor_reached":51,"playtime":4122,"items_purged":["Defend_G","Strike_G"],"score":757,"play_id":"fcc42a32-4b85-4745-9d1c-fc276415c7f6","local_time":"20190910232824","is_ascension_mode":false,"campfire_choices":[{"data":"Cloak And Dagger","floor":6.0,"key":"SMITH"},{"floor":12.0,"key":"REST"},{"floor":15,"key":"REST"},{"data":"Footwork","floor":25,"key":"SMITH"},{"data":"Cloak And Dagger","floor":27,"key":"SMITH"},{"data":"Adrenaline","floor":29,"key":"SMITH"},{"data":"Infinite Blades","floor":32,"key":"SMITH"},{"data":"Leg Sweep","floor":40,"key":"SMITH"},{"data":"Finisher","floor":42,"key":"SMITH"},{"data":"Dagger Spray","floor":47,"key":"SMITH"},{"floor":49,"key":"REST"}],"neow_cost":"TEN_PERCENT_HP_LOSS","seed_source_timestamp":0,"circlet_count":0,"master_deck":["Strike_G","Strike_G+1","Defend_G","Defend_G","Defend_G","Survivor","Neutralize+1","Leg Sweep+1","Cloak And Dagger+1","Cloak And Dagger+1","Footwork+1","Dagger Spray+1","Adrenaline+1","Infinite Blades","Backstab","Cloak And Dagger+1","Terror","Infinite Blades+1","Die Die Die","Accuracy+1","Parasite","Finisher+1","Finesse","Backflip+1"],"special_seed":0,"relics":["Ring of the Snake","Whetstone","Orichalcum","Happy Flower","WristBlade","Blood Vial","Snake Skull","Pantograph","Sozu","Shuriken","The Specimen","Mummified Hand","Lantern"],"potions_floor_usage":[16,28,30,33,33,50],"damage_taken":[{"damage":0.0,"enemies":"Jaw Worm","floor":1.0,"turns":4.0},{"damage":0.0,"enemies":"2 Louse","floor":4.0,"turns":4.0},{"damage":0.0,"enemies":"Cultist","floor":5.0,"turns":3.0},{"damage":42.0,"enemies":"Lagavulin","floor":7.0,"turns":13.0},{"damage":20.0,"enemies":"Gremlin Nob","floor":10.0,"turns":6.0},{"damage":0.0,"enemies":"Looter","floor":11.0,"turns":4.0},{"damage":1.0,"enemies":"Exordium Wildlife","floor":13.0,"turns":3.0},{"damage":0,"enemies":"2 Fungi Beasts","floor":14,"turns":3},{"damage":46,"enemies":"Slime Boss","floor":16,"turns":20},{"damage":2,"enemies":"Spheric Guardian","floor":18,"turns":4},{"damage":0,"enemies":"Chosen","floor":22,"turns":4},{"damage":7,"enemies":"Shelled Parasite and Fungi","floor":23,"turns":5},{"damage":1,"enemies":"Chosen and Byrds","floor":24,"turns":5},{"damage":6,"enemies":"Gremlin Leader","floor":28,"turns":6},{"damage":18,"enemies":"Slavers","floor":30,"turns":6},{"damage":0,"enemies":"3 Cultists","floor":31,"turns":5},{"damage":52,"enemies":"Collector","floor":33,"turns":14},{"damage":1,"enemies":"Orb Walker","floor":35,"turns":3},{"damage":6,"enemies":"3 Darklings","floor":36,"turns":5},{"damage":15,"enemies":"Writhing Mass","floor":38,"turns":5},{"damage":0,"enemies":"4 Shapes","floor":39,"turns":2},{"damage":0,"enemies":"Reptomancer","floor":41,"turns":3},{"damage":13,"enemies":"Maw","floor":45,"turns":5},{"damage":0,"enemies":"Giant Head","floor":46,"turns":5},{"damage":22,"enemies":"Sphere and 2 Shapes","floor":48,"turns":4},{"damage":47,"enemies":"Donu and Deca","floor":50,"turns":7}],"seed_played":"6451245027560029898","potions_obtained":[{"floor":10.0,"key":"GhostInAJar"},{"floor":13,"key":"Swift Potion"},{"floor":14,"key":"Ancient Potion"},{"floor":16,"key":"EssenceOfSteel"},{"floor":23,"key":"Block Potion"},{"floor":28,"key":"FairyPotion"},{"floor":31,"key":"GamblersBrew"},{"floor":33,"key":"Explosive Potion"}],"is_trial":false,"path_per_floor":["M","$","?","M","M","R","E","?","T","E","M","R","M","M","R","B",null,"M","?","$","?","M","M","M","R","T","R","E","R","E","M","R","B",null,"M","M","$","M","M","R","E","R","T","$","M","E","R","M","R","B",null],"character_chosen":"THE_SILENT","items_purchased":["Cloak And Dagger","Infinite Blades","Backstab","Shuriken","Finesse"],"campfire_rested":3,"item_purchase_floors":[2,20,20,37,44],"current_hp_per_floor":[63,63,68,68,68,68,26,31,31,11,11,31,30,30,50,4,68,66,66,66,66,66,59,58,58,58,58,54,54,38,40,40,15,68,67,62,62,49,51,51,53,53,53,53,42,44,44,24,44,21],"gold":122,"neow_bonus":"REMOVE_TWO","is_prod":false,"is_daily":false,"chose_seed":false,"campfire_upgraded":8,"win_rate":0,"timestamp":1568172504,"path_taken":["M","$","?","M","M","R","E","?","T","E","M","R","?","M","R","BOSS","M","?","$","?","M","M","M","R","T","R","E","R","E","M","R","BOSS","M","M","$","M","M","R","E","R","T","$","M","E","R","M","R","BOSS"],"build_version":"2019-07-17","purchased_purges":2,"victory":true,"max_hp_per_floor":[63,63,68,68,68,68,68,68,68,68,68,68,68,68,68,68,68,68,68,68,68,68,68,68,68,68,68,68,68,68,68,68,68,68,68,68,68,68,68,68,68,68,68,68,68,68,68,68,68,68],"card_choices":[{"not_picked":["Outmaneuver","Bane"],"picked":"Leg Sweep","floor":1.0},{"not_picked":["Calculated Gamble","Sucker Punch"],"picked":"Cloak And Dagger","floor":4.0},{"not_picked":["Poisoned Stab","Prepared"],"picked":"Blade Dance","floor":5.0},{"not_picked":["Endless Agony","Dash","Sucker Punch"],"picked":"SKIP","floor":7.0},{"not_picked":["PiercingWail","Unload"],"picked":"Footwork","floor":10.0},{"not_picked":["Deadly Poison","Dodge and Roll"],"picked":"Dagger Spray","floor":11.0},{"not_picked":["Acrobatics","Deadly Poison","Dagger Throw"],"picked":"SKIP","floor":13},{"not_picked":["Poisoned Stab","PiercingWail","Setup"],"picked":"SKIP","floor":14},{"not_picked":["Night Terror","Malaise"],"picked":"Adrenaline","floor":16},{"not_picked":["PiercingWail","Crippling Poison","Dagger Spray"],"picked":"SKIP","floor":18},{"not_picked":["Underhanded Strike","Dash"],"picked":"Cloak And Dagger+1","floor":22},{"not_picked":["Blade Dance","Poisoned Stab"],"picked":"Terror","floor":23},{"not_picked":["Dodge and Roll","Dagger Spray","Bane+1"],"picked":"SKIP","floor":24},{"not_picked":["Dodge and Roll","Dagger Spray","Bane+1"],"picked":"SKIP","floor":24},{"not_picked":["Reflex","Flechettes"],"picked":"Infinite Blades","floor":28},{"not_picked":["Leg Sweep","Infinite Blades","Cloak And Dagger+1"],"picked":"SKIP","floor":30},{"not_picked":["Poisoned Stab","Sucker Punch","PiercingWail"],"picked":"SKIP","floor":31},{"not_picked":["Poisoned Stab","Sucker Punch","PiercingWail"],"picked":"SKIP","floor":31},{"not_picked":["Glass Knife","Corpse Explosion"],"picked":"Die Die Die","floor":33},{"not_picked":["Setup+1","Skewer+1","PiercingWail"],"picked":"SKIP","floor":35},{"not_picked":["Slice","Sucker Punch+1"],"picked":"Accuracy+1","floor":36},{"not_picked":["Dodge and Roll","Blur"],"picked":"Finisher","floor":38},{"not_picked":["Sucker Punch+1","Quick Slash","Prepared"],"picked":"SKIP","floor":39},{"not_picked":["Backflip","Distraction","Bane"],"picked":"SKIP","floor":41},{"not_picked":["Backflip","PiercingWail","Acrobatics"],"picked":"SKIP","floor":45},{"not_picked":["Concentrate+1","Dagger Spray+1","Doppelganger"],"picked":"SKIP","floor":46},{"not_picked":["Cloak And Dagger","Dagger Spray"],"picked":"Backflip+1","floor":48}],"player_experience":111820,"relics_obtained":[{"floor":7.0,"key":"Whetstone"},{"floor":9.0,"key":"Orichalcum"},{"floor":10.0,"key":"Happy Flower"},{"floor":26,"key":"Blood Vial"},{"floor":28,"key":"Snake Skull"},{"floor":30,"key":"Pantograph"},{"floor":41,"key":"The Specimen"},{"floor":43,"key":"Mummified Hand"},{"floor":46,"key":"Lantern"}],"event_choices":[{"damage_healed":0.0,"max_hp_gain":5.0,"max_hp_loss":0.0,"gold_gain":0.0,"event_name":"Big Fish","player_choice":"Donut","floor":3.0,"gold_loss":0.0,"damage_taken":0.0},{"cards_removed":["Blade Dance"],"damage_healed":5.0,"max_hp_gain":0.0,"max_hp_loss":0.0,"gold_gain":0.0,"event_name":"Bonfire Elementals","player_choice":"Offered Common","floor":8.0,"gold_loss":0.0,"damage_taken":0.0},{"cards_removed":["Blade Dance"],"damage_healed":5.0,"max_hp_gain":0.0,"max_hp_loss":0.0,"gold_gain":0.0,"event_name":"Bonfire Elementals","player_choice":"Offered Special","floor":8.0,"gold_loss":0.0,"damage_taken":0.0},{"cards_removed":["Strike_G"],"damage_healed":0,"gold_gain":0,"player_choice":"Elegance","damage_taken":0,"max_hp_gain":0,"max_hp_loss":0,"event_name":"Back to Basics","floor":19,"gold_loss":0},{"damage_healed":0,"gold_gain":99,"player_choice":"Stole From Cult","damage_taken":0,"max_hp_gain":0,"max_hp_loss":0,"event_name":"Nest","floor":21,"gold_loss":0}],"is_beta":false,"boss_relics":[{"not_picked":["HoveringKite","Lizard Tail"],"picked":"WristBlade"},{"not_picked":["Snecko Eye","Busted Crown"],"picked":"Sozu"}],"items_purged_floors":[2,37],"is_endless":false,"potions_floor_spawned":[10,13,14,16,22,23,28,31,33,38,39,46,48],"ascension_level":0}