{"gold_per_floor":[118,43,43,53,53,53,72,87,87,38,49,49,67,83,83,181,181,201,172,72,88,8,8,20,32,57,57,5,22,22,33,33,33],"floor_reached":33,"playtime":2440,"items_purged":["Strike_G","Strike_G"],"score":243,"play_id":"76805291-3952-4134-9c37-2a02f181c9c7","local_time":"20190905213651","is_ascension_mode":false,"campfire_choices":[{"data":"Deadly Poison","floor":6.0,"key":"SMITH"},{"data":"Poisoned Stab","floor":12.0,"key":"SMITH"},{"data":"Bane","floor":15.0,"key":"SMITH"},{"floor":23,"key":"REST"},{"data":"Leg Sweep","floor":27,"key":"SMITH"},{"data":"Blur","floor":30,"key":"SMITH"},{"floor":32,"key":"REST"}],"neow_cost":"NONE","seed_source_timestamp":0,"circlet_count":0,"master_deck":["Strike_G","Strike_G","Strike_G","Defend_G","Defend_G","Defend_G","Defend_G","Survivor","Neutralize","Deadly Poison+1","Leg Sweep+1","Adrenaline","Poisoned Stab+1","Crippling Poison","Bane+1","Dagger Throw","Night Terror","Blur+1","Acrobatics+1","Footwork+1","Deadly Poison+1"],"special_seed":0,"relics":["Ring of the Snake","Frozen Egg 2","Gremlin Horn","Oddly Smooth Stone","Boot"],"potions_floor_usage":[29,31,33],"damage_taken":[{"damage":5.0,"enemies":"Small Slimes","floor":1.0,"turns":3.0},{"damage":0.0,"enemies":"2 Louse","floor":4.0,"turns":3.0},{"damage":0.0,"enemies":"Jaw Worm","floor":7.0,"turns":4.0},{"damage":6.0,"enemies":"Large Slime","floor":8.0,"turns":10.0},{"damage":0.0,"enemies":"Red Slaver","floor":11.0,"turns":3.0},{"damage":0.0,"enemies":"2 Fungi Beasts","floor":13.0,"turns":3.0},{"damage":0.0,"enemies":"Looter","floor":14.0,"turns":3.0},{"damage":16.0,"enemies":"Hexaghost","floor":16.0,"turns":8.0},{"damage":8.0,"enemies":"Chosen","floor":18.0,"turns":5.0},{"damage":19.0,"enemies":"2 Thieves","floor":19.0,"turns":5.0},{"damage":18.0,"enemies":"Centurion and Healer","floor":21.0,"turns":8.0},{"damage":0,"enemies":"Snecko","floor":24,"turns":5},{"damage":8,"enemies":"Snake Plant","floor":25,"turns":5},{"damage":18,"enemies":"Sentry and Sphere","floor":29,"turns":6},{"damage":0,"enemies":"Centurion and Healer","floor":31,"turns":8},{"damage":66,"enemies":"Collector","floor":33,"turns":9}],"seed_played":"6032765379016735824","potions_obtained":[{"floor":4.0,"key":"Poison Potion"},{"floor":8.0,"key":"Strength Potion"},{"floor":11.0,"key":"GhostInAJar"},{"floor":21.0,"key":"LiquidBronze"},{"floor":31,"key":"GamblersBrew"}],"is_trial":false,"path_per_floor":["M","$","?","M","?","R","M","M","T","$","M","R","M","M","R","B",null,"M","M","$","M","$","R","M","M","T","R","?","M","R","M","R","B"],"character_chosen":"THE_SILENT","items_purchased":["Poisoned Stab","Footwork+1"],"campfire_rested":2,"item_purchase_floors":[10,22],"current_hp_per_floor":[65,65,70,70,63,63,63,57,57,57,57,57,57,57,57,41,75,67,48,48,30,30,52,52,44,44,44,44,26,26,26,48,0],"gold":33,"neow_bonus":"TRANSFORM_CARD","is_prod":false,"is_daily":false,"chose_seed":false,"campfire_upgraded":5,"win_rate":0.0,"timestamp":1567733811,"path_taken":["M","$","?","M","?","R","M","M","T","$","?","R","M","M","R","BOSS","M","M","$","M","$","R","M","M","T","R","?","M","R","M","R","BOSS"],"build_version":"2019-07-17","purchased_purges":2,"victory":false,"max_hp_per_floor":[70,70,75,75,75,75,75,75,75,75,75,75,75,75,75,75,75,75,75,75,75,75,75,75,75,75,75,75,75,75,75,75,75],"card_choices":[{"not_picked":["Deflect","Skewer","Underhanded Strike"],"picked":"SKIP","floor":1.0},{"not_picked":["Distraction","Prepared","Masterful Stab"],"picked":"SKIP","floor":4.0},{"not_picked":["Dagger Throw","Outmaneuver"],"picked":"Leg Sweep","floor":7.0},{"not_picked":["Dagger Throw","Acrobatics"],"picked":"Adrenaline","floor":8.0},{"not_picked":["Deflect","Flying Knee"],"picked":"Crippling Poison","floor":11.0},{"not_picked":["Quick Slash","Dagger Spray"],"picked":"Bane","floor":13.0},{"not_picked":["PiercingWail","Blade Dance"],"picked":"Dagger Throw","floor":14.0},{"not_picked":["Wraith Form v2+1","Phantasmal Killer"],"picked":"Night Terror","floor":16.0},{"not_picked":["PiercingWail+1","Caltrops+1"],"picked":"Blur","floor":18.0},{"not_picked":["Expertise+1","Predator"],"picked":"Acrobatics+1","floor":19.0},{"not_picked":["Dagger Spray","Underhanded Strike","PiercingWail"],"picked":"SKIP","floor":21.0},{"not_picked":["Dagger Throw","Acrobatics","All Out Attack"],"picked":"SKIP","floor":24},{"not_picked":["Expertise+1","Choke","Leg Sweep"],"picked":"SKIP","floor":25},{"not_picked":["Endless Agony","Dagger Throw+1"],"picked":"Deadly Poison+1","floor":29},{"not_picked":["Bullet Time","Deadly Poison+1","Underhanded Strike+1"],"picked":"SKIP","floor":31}],"player_experience":68790,"relics_obtained":[{"floor":9.0,"key":"Gremlin Horn"},{"floor":26,"key":"Oddly Smooth Stone"}],"event_choices":[{"damage_healed":0.0,"max_hp_gain":5.0,"max_hp_loss":0.0,"gold_gain":0.0,"event_name":"Big Fish","player_choice":"Donut","floor":3.0,"gold_loss":0.0,"damage_taken":0.0},{"damage_healed":0.0,"max_hp_gain":0.0,"max_hp_loss":0.0,"gold_gain":0.0,"event_name":"Scrap Ooze","player_choice":"Success","floor":5.0,"gold_loss":0.0,"damage_taken":7.0,"relics_obtained":["Frozen Egg 2"]},{"damage_healed":0,"gold_gain":0,"player_choice":"Paid Gold","damage_taken":0,"relics_obtained":["Boot"],"max_hp_gain":0,"max_hp_loss":0,"event_name":"WeMeetAgain","floor":28,"gold_loss":52}],"is_beta":false,"boss_relics":[{"not_picked":["Coffee Dripper","Snecko Eye","Calling Bell"]}],"items_purged_floors":[2,20],"is_endless":false,"potions_floor_spawned":[4,8,11,14,19,21,31],"killed_by":"Collector","ascension_level":0}