{"gold_per_floor":[115,132,7,19,19,19,47,47,47,80,100,100,100,135,135,237,237,257,275,174,186,40,40,75,86,86,103,138,138,138,41,41,136,136,155,155,8,8,21,21,36,71,145,172,183,197,197,217,217,217],"floor_reached":51,"playtime":4325,"items_purged":["Strike_B","Blizzard","Static Discharge"],"score":751,"play_id":"6c6b1a0e-5cda-4329-bb4c-b845cbc6e5cf","local_time":"20190922215917","is_ascension_mode":true,"campfire_choices":[{"data":"Hologram","floor":6.0,"key":"SMITH"},{"data":"White Noise","floor":8.0,"key":"SMITH"},{"data":"Lockon","floor":13.0,"key":"SMITH"},{"floor":15.0,"key":"REST"},{"floor":23.0,"key":"REST"},{"floor":29.0,"key":"REST"},{"floor":32.0,"key":"REST"},{"data":"Chill","floor":40.0,"key":"SMITH"},{"floor":47,"key":"REST"},{"floor":49,"key":"REST"}],"neow_cost":"NONE","seed_source_timestamp":0,"circlet_count":0,"master_deck":["Zap","Dualcast","Conserve Battery","Gash","Turbo","Hologram+1","White Noise+1","Lockon+1","Gash","Undo","Machine Learning","Static Discharge","Double Energy","Blizzard","Cold Snap","Echo Form","Chill+1","Coolheaded","Biased Cognition","Steam Power+1","Coolheaded","Glacier+1"],"special_seed":0,"relics":["Cracked Core","Smiling Mask","Bottled Lightning","Matryoshka","Whetstone","Bag of Marbles","Pandora\u0027s Box","Letter Opener","Pen Nib","Blood Vial","Ornamental Fan","Lizard Tail","Regal Pillow","Ancient Tea Set","Vajra","Frozen Egg 2","Darkstone Periapt"],"potions_floor_usage":[50],"damage_taken":[{"damage":1.0,"enemies":"Jaw Worm","floor":1.0,"turns":3.0},{"damage":5.0,"enemies":"Small Slimes","floor":2.0,"turns":3.0},{"damage":0.0,"enemies":"2 Louse","floor":4.0,"turns":3.0},{"damage":4.0,"enemies":"3 Sentries","floor":7.0,"turns":4.0},{"damage":28.0,"enemies":"Gremlin Nob","floor":10.0,"turns":5.0},{"damage":7.0,"enemies":"Exordium Thugs","floor":11.0,"turns":4.0},{"damage":15.0,"enemies":"3 Sentries","floor":14.0,"turns":7.0},{"damage":23.0,"enemies":"Hexaghost","floor":16.0,"turns":9.0},{"damage":15.0,"enemies":"Spheric Guardian","floor":18.0,"turns":4.0},{"damage":20.0,"enemies":"Shell Parasite","floor":19.0,"turns":7.0},{"damage":24.0,"enemies":"Shelled Parasite and Fungi","floor":21.0,"turns":6.0},{"damage":28.0,"enemies":"Book of Stabbing","floor":24.0,"turns":5.0},{"damage":7.0,"enemies":"Snake Plant","floor":25.0,"turns":4.0},{"damage":20.0,"enemies":"3 Cultists","floor":27.0,"turns":5.0},{"damage":10.0,"enemies":"Gremlin Leader","floor":28.0,"turns":5.0},{"damage":31.0,"enemies":"Champ","floor":33.0,"turns":11.0},{"damage":2.0,"enemies":"3 Shapes","floor":35.0,"turns":5.0},{"damage":7.0,"enemies":"3 Darklings","floor":39.0,"turns":3.0},{"damage":11.0,"enemies":"Sphere and 2 Shapes","floor":41.0,"turns":4.0},{"damage":27.0,"enemies":"Reptomancer","floor":42.0,"turns":9.0},{"damage":57.0,"enemies":"Nemesis","floor":44.0,"turns":8.0},{"damage":12,"enemies":"Transient","floor":45,"turns":5},{"damage":6,"enemies":"3 Darklings","floor":46,"turns":4},{"damage":12,"enemies":"4 Shapes","floor":48,"turns":3},{"damage":59,"enemies":"Time Eater","floor":50,"turns":11}],"seed_played":"1878849963693855137","potions_obtained":[{"floor":1.0,"key":"Dexterity Potion"},{"floor":7.0,"key":"Poison Potion"},{"floor":14.0,"key":"Poison Potion"},{"floor":16.0,"key":"Ancient Potion"},{"floor":18.0,"key":"Energy Potion"},{"floor":19.0,"key":"Regen Potion"},{"floor":21.0,"key":"Regen Potion"},{"floor":35.0,"key":"FocusPotion"},{"floor":41.0,"key":"AttackPotion"},{"floor":46,"key":"SneckoOil"},{"floor":48,"key":"Poison Potion"}],"is_trial":false,"path_per_floor":["M","M","$","M","?","R","E","R","T","E","M","?","R","E","R","B",null,"M","M","$","M","$","R","E","M","T","M","E","R","?","$","R","B",null,"M","?","$","?","M","R","M","E","T","E","M","M","R","M","R","B",null],"character_chosen":"DEFECT","items_purchased":["Turbo","Hologram","Cold Snap","Echo Form","Coolheaded","Regal Pillow"],"campfire_rested":6,"item_purchase_floors":[3,3,20,22,31,37],"current_hp_per_floor":[74,69,69,69,62,62,58,58,58,30,23,48,48,33,55,32,75,60,40,40,30,30,52,38,31,31,13,5,27,27,27,49,20,75,73,73,73,73,68,68,59,34,34,33,23,19,56,46,75,16],"gold":217,"neow_bonus":"RANDOM_COMMON_RELIC","is_prod":false,"is_daily":false,"chose_seed":false,"campfire_upgraded":4,"win_rate":0,"timestamp":1569203957,"path_taken":["M","M","$","M","?","R","E","R","T","E","M","?","R","E","R","BOSS","M","M","$","M","$","R","E","M","T","M","E","R","?","?","R","BOSS","M","?","$","?","M","R","?","E","T","E","M","M","R","M","R","BOSS"],"build_version":"2019-07-17","purchased_purges":3,"victory":true,"max_hp_per_floor":[75,75,75,75,75,75,75,75,75,75,75,75,75,75,75,75,75,75,75,75,75,75,75,75,75,75,75,75,75,75,75,75,75,75,75,75,75,75,75,75,75,75,75,75,75,75,75,75,75,75],"card_choices":[{"not_picked":["Recycle","Ball Lightning"],"picked":"Conserve Battery","floor":1.0},{"not_picked":["Chaos","BootSequence"],"picked":"Gash","floor":2.0},{"not_picked":["Compile Driver","Ball Lightning"],"picked":"White Noise","floor":4.0},{"not_picked":["Redo","Steam Power"],"picked":"Lockon","floor":7.0},{"not_picked":["Heatsinks","Rip and Tear","Streamline"],"picked":"SKIP","floor":10.0},{"not_picked":["Recycle","Static Discharge"],"picked":"Gash","floor":11.0},{"not_picked":["Reboot","Ball Lightning"],"picked":"Undo","floor":14.0},{"not_picked":["Seek","Multi-Cast"],"picked":"Machine Learning","floor":16.0},{"not_picked":["Ball Lightning","Steam Power","Conserve Battery+1"],"picked":"SKIP","floor":18.0},{"not_picked":["Hologram+1","Go for the Eyes","Stack+1"],"picked":"SKIP","floor":19.0},{"not_picked":["Turbo","Streamline","Meteor Strike"],"picked":"SKIP","floor":21.0},{"not_picked":["Chaos+1","Storm"],"picked":"Chill","floor":24.0},{"not_picked":["Conserve Battery+1","Turbo+1","Barrage"],"picked":"SKIP","floor":25.0},{"not_picked":["Go for the Eyes","Conserve Battery","Sweeping Beam"],"picked":"SKIP","floor":27.0},{"not_picked":["Compile Driver","White Noise","Go for the Eyes"],"picked":"SKIP","floor":28.0},{"not_picked":["Machine Learning","Meteor Strike"],"picked":"Biased Cognition","floor":33.0},{"not_picked":["Compile Driver+1","Leap"],"picked":"Steam Power+1","floor":35.0},{"not_picked":["Defragment","Coolheaded"],"picked":"Glacier+1","floor":39.0},{"not_picked":["Aggregate+1","Conserve Battery","Leap+1"],"picked":"SKIP","floor":41.0},{"not_picked":["Reprogram+1","Sunder","Lockon+1"],"picked":"SKIP","floor":42.0},{"not_picked":["Multi-Cast","Cold Snap+1","Go for the Eyes+1"],"picked":"SKIP","floor":44},{"not_picked":["Stack","Tempest","Hologram+1"],"picked":"SKIP","floor":45},{"not_picked":["Compile Driver","Hologram+1","Lockon"],"picked":"SKIP","floor":46},{"not_picked":["Cold Snap","Streamline+1","Fission"],"picked":"SKIP","floor":48}],"player_experience":245774,"relics_obtained":[{"floor":7.0,"key":"Bottled Lightning"},{"floor":9.0,"key":"Matryoshka"},{"floor":10.0,"key":"Whetstone"},{"floor":14.0,"key":"Bag of Marbles"},{"floor":24.0,"key":"Letter Opener"},{"floor":26.0,"key":"Pen Nib"},{"floor":26.0,"key":"Blood Vial"},{"floor":28.0,"key":"Ornamental Fan"},{"floor":42.0,"key":"Ancient Tea Set"},{"floor":43.0,"key":"Vajra"},{"floor":43.0,"key":"Frozen Egg 2"},{"floor":44,"key":"Darkstone Periapt"}],"event_choices":[{"cards_removed":["Defend_B"],"damage_healed":0.0,"max_hp_gain":0.0,"max_hp_loss":0.0,"gold_gain":0.0,"event_name":"Golden Wing","player_choice":"Card Removal","floor":5.0,"gold_loss":0.0,"damage_taken":7.0},{"damage_healed":25.0,"max_hp_gain":0.0,"max_hp_loss":0.0,"gold_gain":0.0,"event_name":"Big Fish","player_choice":"Banana","floor":12.0,"gold_loss":0.0,"damage_taken":0.0},{"cards_removed":["Fusion"],"damage_healed":0.0,"max_hp_gain":0.0,"max_hp_loss":0.0,"gold_gain":0.0,"event_name":"Purifier","player_choice":"Purged","floor":30.0,"gold_loss":0.0,"damage_taken":0.0},{"damage_healed":0.0,"max_hp_gain":0.0,"max_hp_loss":0.0,"gold_gain":0.0,"event_name":"Tomb of Lord Red Mask","player_choice":"Ignored","floor":36.0,"gold_loss":0.0,"damage_taken":0.0},{"damage_healed":0.0,"max_hp_gain":0.0,"max_hp_loss":0.0,"gold_gain":0.0,"event_name":"Duplicator","player_choice":"Copied","floor":38.0,"gold_loss":0.0,"damage_taken":0.0,"cards_obtained":["Coolheaded"]}],"is_beta":false,"boss_relics":[{"not_picked":["Inserter","Calling Bell"],"picked":"Pandora\u0027s Box"},{"not_picked":["Eternal Feather","Runic Pyramid"],"picked":"Lizard Tail"}],"items_purged_floors":[3,20,31],"is_endless":false,"potions_floor_spawned":[1,7,14,16,18,19,21,35,41,46,48],"ascension_level":1}