{"gold_per_floor":[114,114,129,79,94,124,139,139,164,164,164],"floor_reached":11,"playtime":2820,"items_purged":[],"score":73,"play_id":"4fec7c52-d2e3-40d2-b62f-e09567d2c362","local_time":"20190919214517","daily_mods":["Shiny","Time Dilation","Binary"],"is_ascension_mode":false,"campfire_choices":[{"data":"Havoc","floor":8,"key":"SMITH"},{"data":"Feed","floor":10,"key":"SMITH"}],"neow_cost":"","seed_source_timestamp":0,"circlet_count":0,"master_deck":["Double Tap","Demon Form","Bludgeon","Feed+1","Limit Break","Barricade","Fiend Fire","Dark Embrace","Impervious","Juggernaut","Brutality","Reaper","Exhume","Offering","Immolate","Havoc+1","Feel No Pain"],"special_seed":18159,"relics":["Burning Blood","Sundial","Orichalcum"],"potions_floor_usage":[7,11,11],"damage_taken":[{"damage":3,"enemies":"Small Slimes","floor":1,"turns":2},{"damage":8,"enemies":"Jaw Worm","floor":3,"turns":3},{"damage":6,"enemies":"2 Louse","floor":5,"turns":1},{"damage":26,"enemies":"3 Sentries","floor":6,"turns":6},{"damage":1,"enemies":"Looter","floor":7,"turns":2},{"damage":108,"enemies":"Lagavulin Event","floor":11,"turns":15}],"seed_played":"7480235040815508770","potions_obtained":[{"floor":1,"key":"FearPotion"},{"floor":6,"key":"SkillPotion"},{"floor":7,"key":"Energy Potion"}],"is_trial":false,"path_per_floor":["?","?","?"],"character_chosen":"IRONCLAD","items_purchased":[],"campfire_rested":0,"item_purchase_floors":[],"current_hp_per_floor":[83,88,87,87,88,91,91,91,91,91,0],"gold":164,"neow_bonus":"","is_prod":false,"is_daily":true,"chose_seed":false,"campfire_upgraded":2,"win_rate":0,"timestamp":1568954717,"path_taken":["M","?","M","?","M","E","M","R","T","R","?"],"build_version":"2019-01-23","purchased_purges":0,"victory":false,"max_hp_per_floor":[83,88,88,88,88,91,91,91,91,91,91],"card_choices":[{"not_picked":["Carnage","Wild Strike"],"picked":"SKIP","floor":1},{"not_picked":["Reckless Charge"],"picked":"Havoc","floor":3},{"not_picked":["Cleave"],"picked":"Feel No Pain","floor":5},{"not_picked":["Heavy Blade","Iron Wave"],"picked":"SKIP","floor":6},{"not_picked":["True Grit","Headbutt"],"picked":"SKIP","floor":7}],"player_experience":134916,"relics_obtained":[{"floor":6,"key":"Sundial"},{"floor":9,"key":"Orichalcum"}],"event_choices":[{"damage_healed":0,"gold_gain":0,"player_choice":"Donut","damage_taken":0,"max_hp_gain":5,"max_hp_loss":0,"event_name":"Big Fish","floor":2,"gold_loss":0},{"cards_removed":["Berserk"],"damage_healed":0,"gold_gain":0,"player_choice":"Card Removal","damage_taken":0,"max_hp_gain":0,"max_hp_loss":0,"event_name":"The Cleric","floor":4,"gold_loss":50},{"damage_healed":0,"gold_gain":0,"player_choice":"Searched \u00272\u0027 times","damage_taken":0,"max_hp_gain":0,"max_hp_loss":0,"event_name":"Dead Adventurer","floor":11,"gold_loss":0}],"is_beta":false,"boss_relics":[],"items_purged_floors":[],"is_endless":false,"potions_floor_spawned":[1,6,7],"killed_by":"Lagavulin Event","ascension_level":0}