{"gold_per_floor":[110,124,49,66,141,141,167,187,187,187,198,225,225,225,225,330,330,346,261,272,197,216,216,245,258,258,258,274,274,92,92,92,192,192,208,222,222,222,234,234,234],"floor_reached":41,"playtime":2636,"items_purged":["Defend_R","Strike_R"],"score":446,"play_id":"63b98a4c-2196-47d0-ab60-f8d02d55ad11","local_time":"20190914021144","is_ascension_mode":false,"campfire_choices":[{"data":"True Grit","floor":6,"key":"SMITH"},{"data":"Iron Wave","floor":13,"key":"SMITH"},{"data":"Immolate","floor":15,"key":"SMITH"},{"data":"Bash","floor":23,"key":"SMITH"},{"floor":27,"key":"REST"},{"data":"Combust","floor":29,"key":"SMITH"},{"data":"Corruption","floor":32,"key":"SMITH"},{"data":"Demon Form","floor":40,"key":"SMITH"}],"neow_cost":"NONE","seed_source_timestamp":188351991979900,"circlet_count":0,"master_deck":["Strike_R","Strike_R","Defend_R","Defend_R","Defend_R","Bash+1","Immolate+1","Iron Wave+1","True Grit+1","Feed","Shrug It Off","Battle Trance","Ghostly Armor","Reaper","Flex","Bloodletting+1","Combust+1","Corruption+1","Iron Wave","Demon Form+1","Sentinel+1","Shrug It Off+1"],"relics":["Burning Blood","Meat on the Bone","The Courier","Pantograph","Velvet Choker","Orichalcum","Anchor","Nloth\u0027s Gift","Runic Cube"],"potions_floor_usage":[7,11,16,16,33,33,33,33,41,41],"damage_taken":[{"damage":0,"enemies":"2 Louse","floor":1,"turns":2},{"damage":0,"enemies":"Small Slimes","floor":2,"turns":3},{"damage":0,"enemies":"Cultist","floor":4,"turns":3},{"damage":43,"enemies":"Gremlin Nob","floor":7,"turns":6},{"damage":12,"enemies":"Exordium Wildlife","floor":8,"turns":4},{"damage":2,"enemies":"Looter","floor":11,"turns":4},{"damage":10,"enemies":"3 Sentries","floor":12,"turns":6},{"damage":56,"enemies":"Slime Boss","floor":16,"turns":13},{"damage":5,"enemies":"Chosen","floor":18,"turns":4},{"damage":7,"enemies":"2 Thieves","floor":20,"turns":3},{"damage":21,"enemies":"Snake Plant","floor":22,"turns":4},{"damage":45,"enemies":"Book of Stabbing","floor":24,"turns":7},{"damage":39,"enemies":"Cultist and Chosen","floor":25,"turns":7},{"damage":0,"enemies":"3 Cultists","floor":28,"turns":3},{"damage":93,"enemies":"Collector","floor":33,"turns":14},{"damage":31,"enemies":"Orb Walker","floor":35,"turns":5},{"damage":6,"enemies":"3 Shapes","floor":36,"turns":5},{"damage":39,"enemies":"Maw","floor":39,"turns":7},{"damage":92,"enemies":"Giant Head","floor":41,"turns":8}],"seed_played":"-2785698112006058082","potions_obtained":[{"floor":1,"key":"SpeedPotion"},{"floor":2,"key":"FearPotion"},{"floor":8,"key":"BloodPotion"},{"floor":12,"key":"FearPotion"},{"floor":18,"key":"FearPotion"},{"floor":20,"key":"SneckoOil"},{"floor":24,"key":"EntropicBrew"},{"floor":33,"key":"Strength Potion"},{"floor":36,"key":"Energy Potion"},{"floor":39,"key":"Regen Potion"}],"is_trial":false,"path_per_floor":["M","M","$","M","?","R","E","M","T","?","M","E","R","?","R","B",null,"M","?","M","?","M","R","E","M","T","R","M","R","$","?","R","B",null,"M","M","?","?","M","R","E"],"character_chosen":"IRONCLAD","items_purchased":["Corruption","Iron Wave"],"campfire_rested":1,"item_purchase_floors":[30,30],"current_hp_per_floor":[80,80,80,80,69,69,35,44,44,49,75,71,71,71,71,53,91,91,91,94,94,82,82,55,38,38,67,81,81,81,81,81,25,97,81,99,98,98,71,71,0],"gold":234,"neow_bonus":"ONE_RANDOM_RARE_CARD","is_prod":false,"is_daily":false,"chose_seed":false,"campfire_upgraded":7,"win_rate":0,"timestamp":1568441504,"path_taken":["M","M","$","M","?","R","E","M","T","?","M","E","R","?","R","BOSS","M","?","M","?","M","R","E","M","T","R","M","R","$","?","R","BOSS","M","M","?","?","M","R","E"],"build_version":"2019-07-17","purchased_purges":2,"victory":false,"max_hp_per_floor":[80,80,80,80,80,80,83,86,86,91,91,91,91,91,91,91,91,91,91,94,94,97,97,97,97,97,97,97,97,97,97,97,97,97,100,103,98,98,98,98,98],"card_choices":[{"not_picked":["Feel No Pain","Anger"],"picked":"Iron Wave","floor":1},{"not_picked":["Heavy Blade","Warcry"],"picked":"True Grit","floor":2},{"not_picked":["Battle Trance","Sword Boomerang"],"picked":"Feed","floor":4},{"not_picked":["Iron Wave","Cleave"],"picked":"Shrug It Off","floor":7},{"not_picked":["Pommel Strike","Heavy Blade"],"picked":"Battle Trance","floor":8},{"not_picked":["Disarm","Dark Embrace","Rage"],"picked":"SKIP","floor":11},{"not_picked":["Sever Soul","Disarm"],"picked":"Ghostly Armor","floor":12},{"not_picked":["Impervious","Limit Break"],"picked":"Reaper","floor":16},{"not_picked":["Disarm","Iron Wave"],"picked":"Flex","floor":18},{"not_picked":["Body Slam","Burning Pact+1","True Grit+1"],"picked":"SKIP","floor":20},{"not_picked":["Disarm","Havoc"],"picked":"Bloodletting+1","floor":22},{"not_picked":["Thunderclap","Battle Trance+1","Armaments"],"picked":"SKIP","floor":24},{"not_picked":["Fire Breathing","Clash","Warcry"],"picked":"SKIP","floor":25},{"not_picked":["Battle Trance","Iron Wave"],"picked":"Combust","floor":28},{"not_picked":["Impervious","Offering"],"picked":"Demon Form","floor":33},{"not_picked":["Wild Strike+1","Clothesline+1"],"picked":"Armaments+1","floor":35},{"not_picked":["Body Slam","Clothesline+1"],"picked":"Sentinel+1","floor":36},{"not_picked":["True Grit","Iron Wave+1"],"picked":"Shrug It Off+1","floor":39}],"player_experience":150023,"relics_obtained":[{"floor":7,"key":"Meat on the Bone"},{"floor":9,"key":"The Courier"},{"floor":12,"key":"Pantograph"},{"floor":24,"key":"Orichalcum"},{"floor":26,"key":"Anchor"}],"event_choices":[{"damage_healed":0,"gold_gain":75,"player_choice":"Gather Gold","damage_taken":11,"max_hp_gain":0,"max_hp_loss":0,"event_name":"World of Goop","floor":5,"gold_loss":0},{"damage_healed":0,"gold_gain":0,"player_choice":"Donut","damage_taken":0,"max_hp_gain":5,"max_hp_loss":0,"event_name":"Big Fish","floor":10,"gold_loss":0},{"cards_removed":["Strike_R"],"damage_healed":0,"gold_gain":0,"player_choice":"Forget","damage_taken":0,"max_hp_gain":0,"max_hp_loss":0,"event_name":"Living Wall","floor":14,"gold_loss":0},{"damage_healed":0,"gold_gain":0,"player_choice":"Obtained Relic","damage_taken":0,"relics_obtained":["Unceasing Top"],"max_hp_gain":0,"max_hp_loss":0,"event_name":"Addict","floor":19,"gold_loss":85},{"cards_removed":["Strike_R"],"damage_healed":0,"gold_gain":0,"player_choice":"Gave Gold","damage_taken":0,"max_hp_gain":0,"max_hp_loss":0,"event_name":"Beggar","floor":21,"gold_loss":75},{"damage_healed":0,"gold_gain":0,"player_choice":"Traded Relic","damage_taken":0,"relics_obtained":["Nloth\u0027s Gift"],"max_hp_gain":0,"max_hp_loss":0,"event_name":"N\u0027loth","floor":31,"relics_lost":["Unceasing Top"],"gold_loss":0},{"damage_healed":0,"gold_gain":0,"player_choice":"Max HP","damage_taken":0,"max_hp_gain":0,"max_hp_loss":5,"event_name":"Winding Halls","floor":37,"gold_loss":0},{"cards_removed":["Armaments"],"damage_healed":0,"gold_gain":0,"player_choice":"Removed Skill","damage_taken":0,"max_hp_gain":0,"max_hp_loss":0,"event_name":"Falling","floor":38,"gold_loss":0}],"is_beta":false,"boss_relics":[{"not_picked":["Cursed Key","Lizard Tail"],"picked":"Velvet Choker"},{"not_picked":["Philosopher\u0027s Stone","White Beast Statue"],"picked":"Runic Cube"}],"items_purged_floors":[3,30],"is_endless":false,"potions_floor_spawned":[1,2,8,12,18,20,24,33,36,39],"killed_by":"Giant Head","ascension_level":0}