{"gold_per_floor":[110,51,65,85,105,137,137,155,155,167,195,228,228,28,28,124,124,144,144,144,20,40,40,57,84,84,118,82,117,117,151,151,250,250,268,50,101,23,23,23,58,113,113,131,131,144,144,5,5,5],"floor_reached":51,"playtime":12623,"items_purged":["Strike_R"],"score":1069,"play_id":"04a5ecfd-78fa-4576-a1ab-256d9265d20f","local_time":"20191006152204","is_ascension_mode":true,"campfire_choices":[{"floor":7.0,"key":"REST"},{"data":"Disarm","floor":13.0,"key":"SMITH"},{"floor":15.0,"key":"REST"},{"data":"Armaments","floor":23.0,"key":"SMITH"},{"data":"Barricade","floor":30.0,"key":"SMITH"},{"data":"Power Through","floor":32.0,"key":"SMITH"},{"data":"Whirlwind","floor":40.0,"key":"SMITH"},{"data":"Impervious","floor":45.0,"key":"SMITH"},{"data":"Demon Form","floor":49,"key":"SMITH"}],"neow_cost":"NONE","seed_source_timestamp":0,"circlet_count":0,"master_deck":["Defend_R+1","Defend_R+1","Bash+1","Whirlwind+1","Clothesline+1","Disarm+1","True Grit+1","Seeing Red+1","Sentinel+1","Spot Weakness+1","Armaments+1","Pummel+1","Barricade+1","Bite+1","Bite+1","Bite+1","Bite+1","Bite+1","Shrug It Off+1","Uppercut+1","Shrug It Off+1","Headbutt+1","Power Through+1","Shockwave+1","Havoc+1","Feel No Pain+1","Impervious+1","Secret Weapon+1","Entrench+1","Finesse+1","Mayhem+1","Havoc+1","Carnage+1","Metallicize+1","Body Slam+1","Demon Form+1"],"special_seed":0,"relics":["Burning Blood","War Paint","Whetstone","Centennial Puzzle","Odd Mushroom","Kunai","Coffee Dripper","Bottled Tornado","Red Skull","Bag of Marbles","Blue Candle","Singing Bowl","Empty Cage","Paper Frog","Prayer Wheel","Bottled Lightning","Mark of the Bloom"],"potions_floor_usage":[50,50],"damage_taken":[{"damage":0.0,"enemies":"2 Louse","floor":1.0,"turns":3.0},{"damage":0.0,"enemies":"Cultist","floor":3.0,"turns":3.0},{"damage":12.0,"enemies":"Jaw Worm","floor":4.0,"turns":3.0},{"damage":9.0,"enemies":"2 Fungi Beasts","floor":5.0,"turns":4.0},{"damage":39.0,"enemies":"Gremlin Nob","floor":6.0,"turns":6.0},{"damage":3.0,"enemies":"Large Slime","floor":8.0,"turns":6.0},{"damage":3.0,"enemies":"Lots of Slimes","floor":10.0,"turns":3.0},{"damage":20.0,"enemies":"The Mushroom Lair","floor":11.0,"turns":5.0},{"damage":21.0,"enemies":"Lagavulin","floor":12.0,"turns":7.0},{"damage":24.0,"enemies":"Hexaghost","floor":16.0,"turns":12.0},{"damage":10.0,"enemies":"Chosen","floor":18.0,"turns":5.0},{"damage":17.0,"enemies":"Shell Parasite","floor":22.0,"turns":5.0},{"damage":20.0,"enemies":"Shelled Parasite and Fungi","floor":24.0,"turns":6.0},{"damage":64.0,"enemies":"Gremlin Leader","floor":25.0,"turns":11.0},{"damage":9.0,"enemies":"Book of Stabbing","floor":27.0,"turns":7.0},{"damage":24.0,"enemies":"Gremlin Leader","floor":29.0,"turns":6.0},{"damage":11.0,"enemies":"Slavers","floor":31.0,"turns":5.0},{"damage":0.0,"enemies":"Champ","floor":33.0,"turns":14.0},{"damage":10.0,"enemies":"3 Darklings","floor":35.0,"turns":8.0},{"damage":17.0,"enemies":"Reptomancer","floor":41.0,"turns":10.0},{"damage":37.0,"enemies":"2 Orb Walkers","floor":42.0,"turns":6.0},{"damage":0.0,"enemies":"3 Shapes","floor":44.0,"turns":8.0},{"damage":0.0,"enemies":"3 Darklings","floor":46.0,"turns":1.0},{"damage":17,"enemies":"Time Eater","floor":50,"turns":8}],"seed_played":"7328015660903261452","potions_obtained":[{"floor":1.0,"key":"Explosive Potion"},{"floor":4.0,"key":"Weak Potion"},{"floor":8.0,"key":"Fire Potion"},{"floor":11.0,"key":"Poison Potion"},{"floor":16.0,"key":"Poison Potion"},{"floor":18.0,"key":"Strength Potion"},{"floor":25.0,"key":"Weak Potion"},{"floor":31.0,"key":"Dexterity Potion"},{"floor":42.0,"key":"GamblersBrew"},{"floor":44.0,"key":"Fire Potion"}],"is_trial":false,"path_per_floor":["M","?","M","M","M","E","R","M","T","M","?","E","R","$","R","B",null,"M","?","?","$","M","R","M","E","T","E","$","E","R","E","R","B",null,"M","$","T","$","?","R","E","?","T","M","R","M","?","$","R","B",null],"character_chosen":"IRONCLAD","items_purchased":["AttackPotion","Pummel","Shrug It Off","Uppercut","Shockwave","PowerPotion","Secret Weapon","Entrench","Demon Form"],"campfire_rested":2,"item_purchase_floors":[14,14,21,21,28,36,36,38,48],"current_hp_per_floor":[86,86,88,82,79,46,72,75,75,78,64,49,49,49,75,57,80,76,61,61,61,59,59,62,34,34,47,47,42,42,51,51,74,74,76,76,76,76,68,68,69,46,46,71,71,79,79,79,79,62],"gold":5,"neow_bonus":"TEN_PERCENT_HP_BONUS","is_prod":false,"is_daily":false,"chose_seed":false,"campfire_upgraded":7,"win_rate":0,"timestamp":1570364524,"path_taken":["M","?","M","M","?","E","R","?","T","M","?","E","R","$","R","BOSS","M","?","?","$","M","R","M","E","T","E","$","E","R","E","R","BOSS","M","$","?","$","?","R","E","?","T","M","R","M","?","$","R","BOSS"],"build_version":"2019-07-17","purchased_purges":1,"victory":true,"max_hp_per_floor":[88,88,88,88,88,88,88,88,88,88,88,88,88,88,88,88,88,88,61,61,61,61,61,65,65,65,68,68,71,71,74,74,74,74,76,76,76,76,78,78,78,80,80,80,80,82,82,82,82,82],"card_choices":[{"not_picked":["Twin Strike","Sever Soul"],"picked":"Whirlwind","floor":1.0},{"not_picked":["Rampage","Sever Soul"],"picked":"Clothesline","floor":3.0},{"not_picked":["Body Slam","Searing Blow"],"picked":"Disarm","floor":4.0},{"not_picked":["Sever Soul","Warcry"],"picked":"True Grit","floor":5.0},{"not_picked":["Headbutt","Havoc"],"picked":"Seeing Red","floor":6.0},{"not_picked":["Burning Pact","Twin Strike"],"picked":"Sentinel","floor":8.0},{"not_picked":["Perfected Strike","Anger"],"picked":"Spot Weakness","floor":10.0},{"not_picked":["Warcry","Cleave"],"picked":"Armaments","floor":11.0},{"not_picked":["True Grit","Armaments"],"picked":"Feed","floor":12.0},{"not_picked":["Double Tap","Brutality"],"picked":"Barricade","floor":16.0},{"not_picked":["Clash","Thunderclap+1","Hemokinesis"],"picked":"SKIP","floor":18.0},{"not_picked":["Wild Strike","Headbutt"],"picked":"Shrug It Off","floor":22.0},{"not_picked":["Sever Soul+1","Thunderclap+1"],"picked":"Headbutt+1","floor":24.0},{"not_picked":["Armaments+1","Power Through","Thunderclap"],"picked":"SKIP","floor":25.0},{"not_picked":["Armaments+1","Power Through","Thunderclap"],"picked":"SKIP","floor":25.0},{"not_picked":["Armaments+1","Thunderclap"],"picked":"Power Through","floor":25.0},{"not_picked":["Barricade","Armaments+1","Carnage"],"picked":"SKIP","floor":27.0},{"not_picked":["Clash","Intimidate+1"],"picked":"Havoc","floor":29.0},{"not_picked":["Body Slam","Thunderclap+1"],"picked":"Feel No Pain+1","floor":31.0},{"not_picked":["Immolate","Feed"],"picked":"Impervious","floor":33.0},{"not_picked":["Hemokinesis+1","Whirlwind","Reckless Charge+1"],"picked":"Singing Bowl","floor":35.0},{"not_picked":["The Bomb","Deep Breath","Secret Weapon"],"picked":"Singing Bowl","floor":39.0},{"not_picked":["Bandage Up","Enlightenment"],"picked":"Finesse","floor":39.0},{"not_picked":["Dark Shackles","Flash of Steel"],"picked":"Mayhem","floor":39.0},{"not_picked":["Anger+1","Cleave+1"],"picked":"Havoc+1","floor":41.0},{"not_picked":["Pummel","Sword Boomerang+1","Clash"],"picked":"Singing Bowl","floor":42.0},{"not_picked":["Twin Strike+1","Fire Breathing+1"],"picked":"Carnage+1","floor":44.0},{"not_picked":["Power Through+1","Clothesline+1"],"picked":"Metallicize","floor":44.0},{"not_picked":["Combust+1","Double Tap","Wild Strike+1"],"picked":"Singing Bowl","floor":46.0},{"not_picked":["Twin Strike","Clothesline+1"],"picked":"Body Slam","floor":46.0}],"player_experience":367942,"relics_obtained":[{"floor":6.0,"key":"Whetstone"},{"floor":9.0,"key":"Centennial Puzzle"},{"floor":11.0,"key":"Odd Mushroom"},{"floor":12.0,"key":"Kunai"},{"floor":25.0,"key":"Bottled Tornado"},{"floor":26.0,"key":"Red Skull"},{"floor":27.0,"key":"Bag of Marbles"},{"floor":29.0,"key":"Blue Candle"},{"floor":31.0,"key":"Singing Bowl"},{"floor":41.0,"key":"Paper Frog"},{"floor":42.0,"key":"Prayer Wheel"},{"floor":43.0,"key":"Bottled Lightning"}],"event_choices":[{"damage_healed":0.0,"max_hp_gain":0.0,"max_hp_loss":0.0,"gold_gain":0.0,"event_name":"WeMeetAgain","player_choice":"Paid Gold","floor":2.0,"gold_loss":59.0,"damage_taken":0.0,"relics_obtained":["War Paint"]},{"damage_healed":0.0,"max_hp_gain":0.0,"max_hp_loss":0.0,"gold_gain":0.0,"event_name":"Mushrooms","player_choice":"Fought Mushrooms","floor":11.0,"gold_loss":0.0,"damage_taken":0.0},{"damage_healed":0.0,"max_hp_gain":0.0,"max_hp_loss":27.0,"gold_gain":0.0,"event_name":"Vampires","player_choice":"Became a vampire","floor":19.0,"gold_loss":0.0,"damage_taken":0.0,"cards_obtained":["Bite","Bite","Bite","Bite","Bite"]},{"cards_removed":["Defend_R"],"damage_healed":0.0,"max_hp_gain":0.0,"max_hp_loss":0.0,"gold_gain":0.0,"event_name":"Purifier","player_choice":"Purged","floor":20.0,"gold_loss":0.0,"damage_taken":0.0},{"damage_healed":0.0,"max_hp_gain":0.0,"max_hp_loss":0.0,"gold_gain":0.0,"event_name":"SensoryStone","player_choice":"Memory 3","floor":39.0,"gold_loss":0.0,"damage_taken":10.0},{"damage_healed":0.0,"max_hp_gain":0.0,"max_hp_loss":0.0,"gold_gain":0.0,"event_name":"Mysterious Sphere","player_choice":"Fight","floor":42.0,"gold_loss":0.0,"damage_taken":0.0},{"damage_healed":0.0,"max_hp_gain":0.0,"max_hp_loss":0.0,"gold_gain":0.0,"event_name":"MindBloom","player_choice":"Upgrade","floor":47.0,"gold_loss":0.0,"damage_taken":0.0,"cards_upgraded":["True Grit","Seeing Red","Sentinel","Spot Weakness","Pummel","Bite","Bite","Bite","Bite","Bite","Shrug It Off","Uppercut","Shrug It Off","Shockwave","Havoc","Secret Weapon","Entrench","Finesse","Mayhem","Metallicize","Body Slam"],"relics_obtained":["Mark of the Bloom"]}],"is_beta":false,"boss_relics":[{"not_picked":["Runic Cube","Fusion Hammer"],"picked":"Coffee Dripper"},{"not_picked":["Calling Bell","Tiny House"],"picked":"Empty Cage"}],"items_purged_floors":[14],"is_endless":false,"potions_floor_spawned":[1,4,8,11,16,18,25,31,42,44],"ascension_level":6}