{"gold_per_floor":[114,132,146,71,86,86,100,100,100,132,142,175,175,186,186,284,284,294,312,63,63,77,109,109,141,141,141,16,115,115,128,128,223,223,243,243,465,483,29,29,43,75,151,179,179,49,49,59,59,59],"floor_reached":51,"playtime":3620,"items_purged":["Strike_B","Defend_B","Strike_B","Defend_B"],"score":1158,"play_id":"e4ab8c3d-4b00-4571-a37a-99bcb41c5390","local_time":"20190924000431","is_ascension_mode":true,"campfire_choices":[{"floor":6.0,"key":"REST"},{"floor":13.0,"key":"REST"},{"data":"Steam","floor":15.0,"key":"SMITH"},{"data":"Chill","floor":24,"key":"SMITH"},{"floor":27,"key":"REST"},{"data":"Coolheaded","floor":30,"key":"SMITH"},{"data":"Defragment","floor":32,"key":"SMITH"},{"data":"Defragment","floor":40,"key":"SMITH"},{"data":"Glacier","floor":45,"key":"SMITH"},{"data":"Defragment","floor":49,"key":"SMITH"}],"neow_cost":"NONE","seed_source_timestamp":0,"circlet_count":0,"master_deck":["Zap","Dualcast","Static Discharge","Lockon+1","Steam+1","Defragment+1","Cold Snap","BootSequence","Chill+1","Undo","Electrodynamics","Coolheaded+1","FTL+1","Defragment+1","Go for the Eyes+1","Reboot","Glacier+1","Defragment+1"],"special_seed":0,"relics":["Cracked Core","Regal Pillow","Kunai","Dodecahedron","Art of War","Empty Cage","Bag of Preparation","Red Mask","Matryoshka","Busted Crown","FossilizedHelix","Whetstone","Vajra","Sundial","Mercury Hourglass"],"potions_floor_usage":[23,42,42,42],"damage_taken":[{"damage":10.0,"enemies":"Small Slimes","floor":1.0,"turns":3.0},{"damage":1.0,"enemies":"Cultist","floor":2.0,"turns":4.0},{"damage":2.0,"enemies":"Jaw Worm","floor":3.0,"turns":3.0},{"damage":16.0,"enemies":"Exordium Wildlife","floor":5.0,"turns":4.0},{"damage":5.0,"enemies":"2 Fungi Beasts","floor":7.0,"turns":3.0},{"damage":17.0,"enemies":"Lagavulin","floor":10.0,"turns":5.0},{"damage":1.0,"enemies":"Looter","floor":11.0,"turns":3.0},{"damage":25.0,"enemies":"Gremlin Nob","floor":12.0,"turns":4.0},{"damage":0.0,"enemies":"Large Slime","floor":14.0,"turns":5.0},{"damage":22.0,"enemies":"Hexaghost","floor":16.0,"turns":11.0},{"damage":1,"enemies":"Spheric Guardian","floor":18,"turns":4},{"damage":4,"enemies":"Shell Parasite","floor":19,"turns":6},{"damage":0,"enemies":"Chosen and Byrds","floor":22,"turns":6},{"damage":24,"enemies":"Gremlin Leader","floor":23,"turns":6},{"damage":24,"enemies":"Masked Bandits","floor":25,"turns":4},{"damage":1,"enemies":"Snake Plant","floor":31,"turns":4},{"damage":16,"enemies":"Automaton","floor":33,"turns":10},{"damage":0,"enemies":"3 Darklings","floor":35,"turns":4},{"damage":0,"enemies":"Orb Walker","floor":38,"turns":4},{"damage":7,"enemies":"Spire Growth","floor":41,"turns":4},{"damage":0,"enemies":"Nemesis","floor":42,"turns":7},{"damage":0,"enemies":"Giant Head","floor":44,"turns":10},{"damage":0,"enemies":"Writhing Mass","floor":48,"turns":5},{"damage":0,"enemies":"Time Eater","floor":50,"turns":15}],"seed_played":"-8066874030647346476","potions_obtained":[{"floor":1.0,"key":"EssenceOfSteel"},{"floor":3.0,"key":"Block Potion"},{"floor":5.0,"key":"Fire Potion"},{"floor":11.0,"key":"Strength Potion"},{"floor":19,"key":"Energy Potion"},{"floor":25,"key":"SkillPotion"},{"floor":31,"key":"LiquidBronze"},{"floor":38,"key":"AttackPotion"},{"floor":41,"key":"Regen Potion"},{"floor":48,"key":"Ancient Potion"}],"is_trial":false,"path_per_floor":["M","M","M","$","M","R","M","?","T","E","M","E","R","M","R","B",null,"M","M","$","?","M","E","R","?","T","R","$","?","R","M","R","B",null,"M","?","?","M","$","R","M","E","T","E","R","$","?","M","R","B",null],"character_chosen":"DEFECT","items_purchased":["FTL","Defragment","FossilizedHelix","Defragment","Swift Potion"],"campfire_rested":3,"item_purchase_floors":[20,20,39,46,46],"current_hp_per_floor":[65,64,62,62,46,75,70,63,63,46,45,20,57,57,57,35,75,74,70,70,75,75,51,51,27,27,64,64,64,64,63,63,47,75,75,71,71,71,71,71,64,71,71,71,71,71,71,71,71,71],"gold":59,"neow_bonus":"RANDOM_COMMON_RELIC","is_prod":false,"is_daily":false,"chose_seed":false,"campfire_upgraded":7,"win_rate":0,"timestamp":1569297871,"path_taken":["M","M","M","$","M","R","M","?","T","E","M","E","R","M","R","BOSS","M","M","$","?","?","E","R","?","T","R","?","?","R","M","R","BOSS","M","?","?","M","$","R","M","E","T","E","R","$","?","?","R","BOSS"],"build_version":"2019-07-17","purchased_purges":4,"victory":true,"max_hp_per_floor":[75,75,75,75,75,75,75,75,75,75,75,75,75,75,75,75,75,75,75,75,75,75,75,75,75,75,75,75,75,75,75,75,75,75,75,71,71,71,71,71,71,71,71,71,71,71,71,71,71,71],"card_choices":[{"not_picked":["Redo","Ball Lightning"],"picked":"Static Discharge","floor":1.0},{"not_picked":["Genetic Algorithm","Rebound"],"picked":"Lockon","floor":2.0},{"not_picked":["Recycle","Sweeping Beam"],"picked":"Stack","floor":3.0},{"not_picked":["Undo","Skim"],"picked":"Steam","floor":5.0},{"not_picked":["Undo","Go for the Eyes"],"picked":"Defragment","floor":7.0},{"not_picked":["Rip and Tear","Fusion"],"picked":"Cold Snap","floor":10.0},{"not_picked":["Streamline","Sunder"],"picked":"BootSequence","floor":11.0},{"not_picked":["Steam","Scrape"],"picked":"Chill","floor":12.0},{"not_picked":["Steam Power","Ball Lightning"],"picked":"Undo","floor":14.0},{"not_picked":["Meteor Strike","Rainbow"],"picked":"Electrodynamics","floor":16.0},{"not_picked":["Barrage","Beam Cell","Sunder"],"picked":"SKIP","floor":18},{"not_picked":["Chill","Beam Cell+1"],"picked":"Coolheaded","floor":19},{"not_picked":["Go for the Eyes","Steam","Streamline"],"picked":"SKIP","floor":22},{"not_picked":["Undo","Aggregate"],"picked":"Go for the Eyes+1","floor":23},{"not_picked":["Sweeping Beam+1","Steam","Meteor Strike"],"picked":"SKIP","floor":31},{"not_picked":["All For One","Meteor Strike"],"picked":"Reboot","floor":33},{"not_picked":["Sweeping Beam+1"],"picked":"SKIP","floor":35},{"not_picked":["Redo"],"picked":"SKIP","floor":38},{"not_picked":["Gash+1"],"picked":"SKIP","floor":41},{"not_picked":["Seek"],"picked":"SKIP","floor":42},{"not_picked":[],"picked":"Glacier","floor":44},{"not_picked":["Redo+1"],"picked":"SKIP","floor":48}],"player_experience":264066,"relics_obtained":[{"floor":9.0,"key":"Kunai"},{"floor":10.0,"key":"Dodecahedron"},{"floor":12.0,"key":"Art of War"},{"floor":23,"key":"Bag of Preparation"},{"floor":25,"key":"Red Mask"},{"floor":26,"key":"Matryoshka"},{"floor":42,"key":"Whetstone"},{"floor":43,"key":"Vajra"},{"floor":43,"key":"Sundial"},{"floor":44,"key":"Mercury Hourglass"}],"event_choices":[{"cards_removed":["Strike_B"],"damage_healed":0.0,"max_hp_gain":0.0,"max_hp_loss":0.0,"gold_gain":0.0,"event_name":"Golden Wing","player_choice":"Card Removal","floor":8.0,"gold_loss":0.0,"damage_taken":7.0},{"cards_removed":["Stack"],"damage_healed":5,"gold_gain":0,"player_choice":"Offered Common","damage_taken":0,"max_hp_gain":0,"max_hp_loss":0,"event_name":"Bonfire Elementals","floor":21,"gold_loss":0},{"cards_removed":["Stack"],"damage_healed":5,"gold_gain":0,"player_choice":"Offered Special","damage_taken":0,"max_hp_gain":0,"max_hp_loss":0,"event_name":"Bonfire Elementals","floor":21,"gold_loss":0},{"damage_healed":0,"gold_gain":0,"player_choice":"Fought Bandits","damage_taken":0,"max_hp_gain":0,"max_hp_loss":0,"event_name":"Masked Bandits","floor":25,"gold_loss":0},{"damage_healed":0,"gold_gain":99,"player_choice":"Stole From Cult","damage_taken":0,"max_hp_gain":0,"max_hp_loss":0,"event_name":"Nest","floor":29,"gold_loss":0},{"damage_healed":0,"gold_gain":0,"player_choice":"Max HP","damage_taken":0,"max_hp_gain":0,"max_hp_loss":4,"event_name":"Winding Halls","floor":36,"gold_loss":0},{"damage_healed":0,"gold_gain":222,"player_choice":"Wore Mask","damage_taken":0,"max_hp_gain":0,"max_hp_loss":0,"event_name":"Tomb of Lord Red Mask","floor":37,"gold_loss":0},{"cards_removed":["Defend_B"],"damage_healed":0,"gold_gain":0,"player_choice":"Card Removal","damage_taken":0,"max_hp_gain":0,"max_hp_loss":0,"event_name":"Wheel of Change","floor":47,"gold_loss":0}],"is_beta":false,"boss_relics":[{"not_picked":["Astrolabe","Runic Dome"],"picked":"Empty Cage"},{"not_picked":["Pandora\u0027s Box","Orrery"],"picked":"Busted Crown"}],"items_purged_floors":[4,20,28,39],"is_endless":false,"potions_floor_spawned":[1,3,5,11,19,25,31,33,38,41,48],"ascension_level":3}