{"gold_per_floor":[150,220,220,220,280,280,382,382,382,466,556,649,649,83,83,368,368,416,416,416,416,686,686,150,249,249,342,420,504,76,154,154,454,604,652,266,266,266,266,365,470,560,583,664,490,490,580,673,673,673],"floor_reached":51,"playtime":6720,"items_purged":[],"score":1308,"play_id":"fe14854f-f6f5-4f5a-8d7c-c8f1754f03fa","local_time":"20190913022738","daily_mods":["Hoarder","Diverse","Flight","Elite Swarm","Midas"],"is_ascension_mode":false,"campfire_choices":[{"floor":6,"key":"REST"},{"floor":8,"key":"REST"},{"floor":15,"key":"REST"},{"floor":23,"key":"REST"},{"floor":32,"key":"REST"},{"floor":46,"key":"REST"},{"floor":49,"key":"REST"}],"neow_cost":"","seed_source_timestamp":0,"circlet_count":0,"master_deck":["Strike_R+1","Strike_R+1","Strike_R+1","Strike_R+1","Strike_R+1","Defend_R+1","Defend_R+1","Defend_R+1","Defend_R+1","Perfected Strike","Perfected Strike+1","Perfected Strike+1","Prepared","Prepared","Prepared","Hyperbeam","Hyperbeam+1","Hyperbeam","Slice","Slice","Slice","Rage","Rage","Rage","Beam Cell","Beam Cell","Beam Cell","Flex","Flex","Flex","Turbo","Turbo","Turbo","Dagger Throw","Dagger Throw","Dagger Throw","Backflip","Backflip","Backflip","All Out Attack+1","All Out Attack+1","All Out Attack+1","Finesse","Finesse","Finesse","Venomology","Venomology","Venomology","Bullet Time","Bullet Time","Bullet Time","Limit Break","Limit Break","Limit Break","Concentrate","Concentrate","Concentrate","Dropkick+1","Dropkick+1","Dropkick+1","Turbo","Turbo","Turbo","Dramatic Entrance","Dramatic Entrance","Dramatic Entrance","After Image","After Image","After Image","Double Tap","Double Tap","Double Tap","Body Slam","Body Slam","Body Slam","Spot Weakness","Spot Weakness","Spot Weakness","Barricade","Barricade","Barricade"],"relics":["Burning Blood","Shuriken","Centennial Puzzle","Prayer Wheel","Ornamental Fan","Magic Flower","Bag of Marbles","Gambling Chip","Juzu Bracelet","Orrery","Bottled Flame","OrangePellets","Dream Catcher","Calipers","Champion Belt","Mango","Unceasing Top","MealTicket","Happy Flower","Mercury Hourglass","Tiny House","Anchor","Dodecahedron","Dead Branch","Boot","Darkstone Periapt","Omamori","Sundial","Bag of Preparation","Red Skull","FossilizedHelix"],"potions_floor_usage":[10,18,25,25,25,28,31,31,33,33,33,40,40,40,41,42,44,47,47,47,50],"damage_taken":[{"damage":1,"enemies":"Cultist","floor":1,"turns":3},{"damage":7,"enemies":"Small Slimes","floor":5,"turns":2},{"damage":21,"enemies":"3 Sentries","floor":7,"turns":6},{"damage":10,"enemies":"Gremlin Nob","floor":10,"turns":3},{"damage":4,"enemies":"3 Sentries","floor":11,"turns":2},{"damage":14,"enemies":"Gremlin Nob","floor":12,"turns":3},{"damage":6,"enemies":"Slime Boss","floor":16,"turns":5},{"damage":4,"enemies":"Shell Parasite","floor":18,"turns":2},{"damage":3,"enemies":"Book of Stabbing","floor":25,"turns":3},{"damage":33,"enemies":"Gremlin Leader","floor":27,"turns":4},{"damage":0,"enemies":"Slavers","floor":28,"turns":3},{"damage":12,"enemies":"Gremlin Leader","floor":29,"turns":4},{"damage":4,"enemies":"Book of Stabbing","floor":31,"turns":3},{"damage":0,"enemies":"Collector","floor":33,"turns":3},{"damage":12,"enemies":"3 Shapes","floor":35,"turns":1},{"damage":0,"enemies":"Giant Head","floor":40,"turns":4},{"damage":0,"enemies":"Reptomancer","floor":41,"turns":3},{"damage":0,"enemies":"Giant Head","floor":42,"turns":4},{"damage":0,"enemies":"Reptomancer","floor":44,"turns":3},{"damage":0,"enemies":"Giant Head","floor":47,"turns":3},{"damage":4,"enemies":"Reptomancer","floor":48,"turns":3},{"damage":30,"enemies":"Donu and Deca","floor":50,"turns":5}],"seed_played":"786251455418889251","potions_obtained":[{"floor":1,"key":"EssenceOfSteel"},{"floor":7,"key":"EssenceOfSteel"},{"floor":18,"key":"Block Potion"},{"floor":19,"key":"Energy Potion"},{"floor":19,"key":"BloodPotion"},{"floor":31,"key":"Explosive Potion"},{"floor":33,"key":"LiquidBronze"},{"floor":34,"key":"Block Potion"},{"floor":35,"key":"Explosive Potion"},{"floor":40,"key":"SpeedPotion"},{"floor":42,"key":"Block Potion"},{"floor":48,"key":"FearPotion"}],"is_trial":true,"path_per_floor":["T","?","?","M","?","?","?","?","?","?"],"character_chosen":"IRONCLAD","items_purchased":["Slice","Gambling Chip","Rage","Juzu Bracelet","Bottled Flame","Finesse","OrangePellets","MealTicket","Concentrate","Happy Flower","Anchor","Dodecahedron","Bag of Preparation","Body Slam"],"campfire_rested":7,"item_purchase_floors":[14,14,14,14,24,24,24,30,30,30,36,36,45,45],"current_hp_per_floor":[80,80,80,80,79,80,65,80,80,76,78,73,73,73,80,80,80,80,80,80,80,48,72,72,80,80,56,79,76,76,81,94,94,99,96,99,99,99,99,99,99,99,99,99,99,99,99,99,99,78],"gold":673,"neow_bonus":"","is_prod":false,"is_daily":false,"chose_seed":false,"campfire_upgraded":0,"win_rate":0,"timestamp":1568366858,"path_taken":["M","?","?","?","?","R","E","R","T","E","E","E","$","$","R","BOSS","M","?","?","?","?","R","$","E","T","E","E","E","$","E","R","BOSS","M","$","?","$","?","E","E","E","T","E","$","R","E","E","R","BOSS"],"build_version":"2019-01-23","purchased_purges":0,"victory":true,"max_hp_per_floor":[80,80,80,80,80,80,80,80,80,80,80,80,80,80,80,80,80,80,80,80,80,80,80,80,80,80,80,94,94,94,94,94,94,99,99,99,99,99,99,99,99,99,99,99,99,99,99,99,99,99],"card_choices":[{"not_picked":["Choke","Masterful Stab"],"picked":"Perfected Strike","floor":1},{"not_picked":["Accuracy","Cold Snap"],"picked":"Prepared","floor":5},{"not_picked":["Biased Cognition","Storm of Steel"],"picked":"Hyperbeam","floor":7},{"not_picked":["Juggernaut","Phantasmal Killer","All For One"],"picked":"SKIP","floor":10},{"not_picked":["Glass Knife","Unload","Burst"],"picked":"SKIP","floor":11},{"not_picked":["A Thousand Cuts","Bludgeon","Creative AI"],"picked":"SKIP","floor":12},{"not_picked":["Inflame","Shrug It Off"],"picked":"Beam Cell","floor":17},{"not_picked":["Headbutt","Cloak And Dagger"],"picked":"Flex","floor":17},{"not_picked":["Warcry","Dodge and Roll"],"picked":"Turbo","floor":17},{"not_picked":["Auto Shields","Poisoned Stab"],"picked":"Dagger Throw","floor":17},{"not_picked":["Rebound","Compile Driver"],"picked":"Backflip","floor":17},{"not_picked":["Reboot","Blood for Blood"],"picked":"All Out Attack+1","floor":18},{"not_picked":["Redo","Coolheaded","Dagger Spray"],"picked":"SKIP","floor":18},{"not_picked":["Phantasmal Killer","Malaise"],"picked":"Venomology","floor":25},{"not_picked":["Berserk","All For One"],"picked":"Bullet Time","floor":27},{"not_picked":["Amplify","Core Surge"],"picked":"Limit Break","floor":28},{"not_picked":["Envenom","Storm of Steel","Berserk"],"picked":"SKIP","floor":29},{"not_picked":["Bludgeon","Brutality","Barricade"],"picked":"SKIP","floor":31},{"not_picked":["Storm+1","Conserve Battery+1"],"picked":"Dropkick+1","floor":34},{"not_picked":["Doom and Gloom","Wild Strike+1"],"picked":"Turbo","floor":35},{"not_picked":["Reinforced Body","Deadly Poison+1","Whirlwind+1"],"picked":"SKIP","floor":35},{"not_picked":["Deep Breath","Finesse"],"picked":"Dramatic Entrance","floor":39},{"not_picked":["Berserk","Impervious"],"picked":"After Image","floor":40},{"not_picked":["Storm of Steel","Phantasmal Killer"],"picked":"Double Tap","floor":41},{"not_picked":["Feed","Barricade","Storm of Steel"],"picked":"SKIP","floor":42},{"not_picked":["Echo Form","Thunder Strike","Seek"],"picked":"SKIP","floor":44},{"not_picked":["Underhanded Strike","Cloak And Dagger"],"picked":"Spot Weakness","floor":46},{"not_picked":["Offering","After Image","Unload"],"picked":"SKIP","floor":47},{"not_picked":["Berserk","Reboot"],"picked":"Barricade","floor":48}],"player_experience":41237,"relics_obtained":[{"floor":2,"key":"Shuriken"},{"floor":7,"key":"Centennial Puzzle"},{"floor":9,"key":"Prayer Wheel"},{"floor":10,"key":"Ornamental Fan"},{"floor":11,"key":"Magic Flower"},{"floor":12,"key":"Bag of Marbles"},{"floor":25,"key":"Dream Catcher"},{"floor":26,"key":"Calipers"},{"floor":27,"key":"Champion Belt"},{"floor":28,"key":"Mango"},{"floor":29,"key":"Unceasing Top"},{"floor":31,"key":"Mercury Hourglass"},{"floor":40,"key":"Dead Branch"},{"floor":41,"key":"Boot"},{"floor":42,"key":"Darkstone Periapt"},{"floor":43,"key":"Omamori"},{"floor":44,"key":"Sundial"},{"floor":47,"key":"Red Skull"},{"floor":48,"key":"FossilizedHelix"}],"event_choices":[{"damage_healed":0,"gold_gain":0,"player_choice":"Grow","damage_taken":0,"max_hp_gain":0,"max_hp_loss":0,"event_name":"Living Wall","floor":3,"gold_loss":0,"cards_upgraded":["Perfected Strike"]},{"damage_healed":0,"gold_gain":0,"player_choice":"Upgraded","damage_taken":0,"max_hp_gain":0,"max_hp_loss":0,"event_name":"Upgrade Shrine","floor":4,"gold_loss":0,"cards_upgraded":["Perfected Strike"]},{"damage_healed":0,"gold_gain":0,"player_choice":"Got Potions","damage_taken":0,"max_hp_gain":0,"max_hp_loss":0,"event_name":"Lab","floor":19,"gold_loss":0},{"damage_healed":0,"gold_gain":0,"player_choice":"Simplicity","damage_taken":0,"max_hp_gain":0,"max_hp_loss":0,"event_name":"Back to Basics","floor":20,"gold_loss":0,"cards_upgraded":["Strike_R","Strike_R","Strike_R","Strike_R","Strike_R","Defend_R","Defend_R","Defend_R","Defend_R"]},{"cards_removed":["Bash"],"damage_healed":0,"gold_gain":0,"player_choice":"Offered Basic","damage_taken":0,"max_hp_gain":0,"max_hp_loss":0,"event_name":"Bonfire Elementals","floor":21,"gold_loss":0},{"damage_healed":0,"gold_gain":270,"player_choice":"GOLD GOLD GOLD ","damage_taken":32,"max_hp_gain":0,"max_hp_loss":0,"event_name":"Knowing Skull","floor":22,"potions_obtained":[],"gold_loss":0,"cards_obtained":[]},{"damage_healed":0,"gold_gain":0,"player_choice":"Ignored","damage_taken":0,"max_hp_gain":0,"max_hp_loss":0,"event_name":"Tomb of Lord Red Mask","floor":37,"gold_loss":0},{"damage_healed":0,"gold_gain":0,"player_choice":"Memory 1","damage_taken":0,"max_hp_gain":0,"max_hp_loss":0,"event_name":"SensoryStone","floor":39,"gold_loss":0}],"is_beta":false,"boss_relics":[{"not_picked":["Empty Cage","Runic Dome"],"picked":"Orrery"},{"not_picked":["Mark of Pain","Cursed Key"],"picked":"Tiny House"}],"items_purged_floors":[],"is_endless":false,"potions_floor_spawned":[1,7,18,31,33,35,40,42,48],"ascension_level":0}