{"gold_per_floor":[118,132,132,207,207,241,64,64,134,148,161,192,217,167,167,265,265,279,279,297,297,314,314,314],"floor_reached":24,"playtime":1220,"items_purged":["Strike_R","Strike_R"],"score":245,"play_id":"06894cd4-886b-41fa-af54-4ed2902115e1","local_time":"20190917001803","is_ascension_mode":true,"campfire_choices":[{"floor":8,"key":"REST"},{"floor":15,"key":"REST"},{"data":"Barricade","floor":23,"key":"SMITH"}],"neow_cost":"NONE","seed_source_timestamp":442161048403400,"circlet_count":0,"master_deck":["Strike_R","Strike_R","Defend_R","Defend_R","Defend_R","Defend_R","Bash","Seeing Red","Flame Barrier","Demon Form","Offering","Heavy Blade","Barricade+1","Iron Wave","Thunderclap"],"relics":["Burning Blood","Smiling Mask","Darkstone Periapt","Ice Cream","Letter Opener","Nunchaku","Orichalcum","Coffee Dripper","Pantograph"],"potions_floor_usage":[16,22],"damage_taken":[{"damage":4,"enemies":"2 Louse","floor":1,"turns":3},{"damage":4,"enemies":"Small Slimes","floor":2,"turns":4},{"damage":45,"enemies":"3 Sentries","floor":6,"turns":13},{"damage":8,"enemies":"Cultist","floor":10,"turns":5},{"damage":4,"enemies":"Blue Slaver","floor":11,"turns":3},{"damage":16,"enemies":"Lagavulin","floor":12,"turns":5},{"damage":32,"enemies":"Slime Boss","floor":16,"turns":7},{"damage":26,"enemies":"2 Thieves","floor":18,"turns":5},{"damage":13,"enemies":"3 Byrds","floor":20,"turns":4},{"damage":25,"enemies":"Centurion and Healer","floor":22,"turns":5},{"damage":43,"enemies":"Chosen and Byrds","floor":24,"turns":6}],"seed_played":"-3600520552177517471","potions_obtained":[{"floor":6,"key":"Regen Potion"},{"floor":10,"key":"EssenceOfSteel"},{"floor":12,"key":"Fire Potion"},{"floor":16,"key":"Weak Potion"},{"floor":21,"key":"FearPotion"},{"floor":22,"key":"EssenceOfSteel"}],"is_trial":false,"path_per_floor":["M","M","?","?","?","E","$","R","T","M","M","E","T","$","R","B",null,"M","?","M","?","M","R","M"],"character_chosen":"IRONCLAD","items_purchased":["Offering","Heavy Blade"],"campfire_rested":2,"item_purchase_floors":[7,7],"current_hp_per_floor":[80,80,80,69,57,18,18,42,42,40,42,32,32,32,56,30,80,60,60,53,53,43,43,0],"gold":314,"neow_bonus":"RANDOM_COMMON_RELIC","is_prod":false,"is_daily":false,"chose_seed":false,"campfire_upgraded":1,"win_rate":0,"timestamp":1568693883,"path_taken":["M","M","?","?","?","E","$","R","T","M","M","E","?","$","R","BOSS","M","?","?","?","M","R","M"],"build_version":"2019-07-17","purchased_purges":2,"victory":false,"max_hp_per_floor":[80,80,80,80,80,80,80,80,80,80,80,80,80,80,80,80,80,80,80,80,80,80,80,80],"card_choices":[{"not_picked":["Twin Strike","Feel No Pain"],"picked":"Seeing Red","floor":1},{"not_picked":["Rupture","Clash"],"picked":"Flame Barrier","floor":2},{"not_picked":["Uppercut","Reaper"],"picked":"Demon Form","floor":6},{"not_picked":["Searing Blow","Combust","Wild Strike"],"picked":"SKIP","floor":10},{"not_picked":["Anger","Rampage","Pommel Strike"],"picked":"SKIP","floor":11},{"not_picked":["Warcry","Evolve","Exhume"],"picked":"SKIP","floor":12},{"not_picked":["Impervious","Immolate"],"picked":"Barricade","floor":16},{"not_picked":["Heavy Blade","Seeing Red"],"picked":"Iron Wave","floor":18},{"not_picked":["Wild Strike","Rupture"],"picked":"Thunderclap","floor":20},{"not_picked":["Warcry","Burning Pact","Reckless Charge"],"picked":"SKIP","floor":22}],"player_experience":202090,"relics_obtained":[{"floor":6,"key":"Ice Cream"},{"floor":9,"key":"Letter Opener"},{"floor":12,"key":"Nunchaku"},{"floor":13,"key":"Orichalcum"}],"event_choices":[{"cards_removed":["Strike_R"],"damage_healed":0,"gold_gain":0,"player_choice":"Forget","damage_taken":0,"max_hp_gain":0,"max_hp_loss":0,"event_name":"Living Wall","floor":3,"gold_loss":0},{"damage_healed":0,"gold_gain":75,"player_choice":"Gather Gold","damage_taken":11,"max_hp_gain":0,"max_hp_loss":0,"event_name":"World of Goop","floor":4,"gold_loss":0},{"damage_healed":0,"gold_gain":0,"player_choice":"Success","damage_taken":12,"relics_obtained":["Darkstone Periapt"],"max_hp_gain":0,"max_hp_loss":0,"event_name":"Scrap Ooze","floor":5,"gold_loss":0},{"damage_healed":0,"gold_gain":0,"player_choice":"Gave Potion","damage_taken":0,"relics_obtained":["Pantograph"],"max_hp_gain":0,"max_hp_loss":0,"event_name":"WeMeetAgain","floor":19,"gold_loss":0},{"damage_healed":0,"gold_gain":0,"player_choice":"Got Potions","damage_taken":0,"max_hp_gain":0,"max_hp_loss":0,"event_name":"Lab","floor":21,"gold_loss":0}],"is_beta":false,"boss_relics":[{"not_picked":["Runic Cube","White Beast Statue"],"picked":"Coffee Dripper"}],"items_purged_floors":[7,14],"is_endless":false,"potions_floor_spawned":[6,10,12,16,18,22],"killed_by":"Chosen and Byrds","ascension_level":4}