{"gold_per_floor":[111,128,128,128,128,128,154,166,178,190,202,229,270,300,312,425,437,436,448,6,6,79,79,89,89,89,89,89,99,99],"floor_reached":30,"playtime":2313,"items_purged":["Strike_R"],"score":226,"play_id":"d3f588b2-0d63-4164-974d-1c9e634fa112","local_time":"20190901221457","is_ascension_mode":false,"campfire_choices":[{"data":"Flex","floor":6.0,"key":"SMITH"},{"data":"Defend_R","floor":10.0,"key":"SMITH"},{"data":"Armaments","floor":15,"key":"SMITH"},{"floor":23,"key":"REST"},{"data":"True Grit","floor":25,"key":"SMITH"},{"data":"Barricade","floor":27,"key":"SMITH"}],"neow_cost":"NONE","seed_source_timestamp":0,"circlet_count":0,"master_deck":["Strike_R","Strike_R","Defend_R","Defend_R","Defend_R","Defend_R+1","Bash","Sever Soul+1","Flex+1","Thunderclap","Spot Weakness","Armaments+1","Barricade+1","Pommel Strike","Thunderclap","True Grit","True Grit+1","Pommel Strike","Ghostly Armor","Body Slam","Shrug It Off"],"special_seed":0,"relics":["Burning Blood","Vajra","MawBank","Paper Frog","Shuriken","Orrery","Happy Flower","Lantern","Darkstone Periapt","Oddly Smooth Stone"],"potions_floor_usage":[16],"damage_taken":[{"damage":0.0,"enemies":"Small Slimes","floor":1.0,"turns":3.0},{"damage":0.0,"enemies":"2 Louse","floor":2.0,"turns":3.0},{"damage":39.0,"enemies":"3 Sentries","floor":7.0,"turns":11.0},{"damage":0.0,"enemies":"Cultist","floor":12.0,"turns":4.0},{"damage":0.0,"enemies":"Exordium Wildlife","floor":13.0,"turns":3.0},{"damage":2,"enemies":"Looter","floor":14,"turns":3},{"damage":51,"enemies":"Slime Boss","floor":16,"turns":12},{"damage":19,"enemies":"2 Thieves","floor":18,"turns":5},{"damage":18,"enemies":"Spheric Guardian","floor":24,"turns":6},{"damage":15,"enemies":"Snecko","floor":29,"turns":6},{"damage":54,"enemies":"Chosen and Byrds","floor":30,"turns":8}],"seed_played":"-254830535577626339","potions_obtained":[{"floor":1.0,"key":"FearPotion"},{"floor":2.0,"key":"Weak Potion"},{"floor":13,"key":"Energy Potion"}],"is_trial":false,"path_per_floor":["M","M","?","?","?","R","E","?","T","R","?","M","M","M","R","B",null,"M","?","$","?","T","R","M","R","T","R","$","M","M"],"character_chosen":"IRONCLAD","items_purchased":["Ghostly Armor","Happy Flower","Lantern"],"campfire_rested":1,"item_purchase_floors":[20,20,20],"current_hp_per_floor":[80,80,77,70,70,70,37,37,37,37,37,43,49,53,53,8,80,67,51,51,36,36,61,49,49,49,49,49,40,0],"gold":99,"neow_bonus":"REMOVE_CARD","is_prod":false,"is_daily":false,"chose_seed":false,"campfire_upgraded":5,"win_rate":0,"timestamp":1567390497,"path_taken":["M","M","?","?","?","R","E","?","T","R","?","M","M","?","R","BOSS","M","?","$","?","?","R","M","R","T","R","$","M","M"],"build_version":"2019-07-17","purchased_purges":1,"victory":false,"max_hp_per_floor":[80,80,80,80,80,80,80,80,80,80,80,80,80,80,80,80,80,80,80,80,85,85,85,85,85,85,85,85,85,85],"card_choices":[{"not_picked":["Bloodletting","Flex"],"picked":"Sever Soul","floor":1.0},{"not_picked":["Flame Barrier","Dropkick"],"picked":"Flex","floor":2.0},{"not_picked":["Anger","Feel No Pain","Flame Barrier"],"picked":"SKIP","floor":7.0},{"not_picked":["Pommel Strike","Shrug It Off"],"picked":"Thunderclap","floor":12.0},{"not_picked":["Clash","Flex"],"picked":"Spot Weakness","floor":13},{"not_picked":["Iron Wave","Perfected Strike"],"picked":"Armaments","floor":14},{"not_picked":["Impervious","Offering"],"picked":"Barricade","floor":16},{"not_picked":["Sever Soul","Flex"],"picked":"Pommel Strike","floor":17},{"not_picked":["Sever Soul","Intimidate"],"picked":"Thunderclap","floor":17},{"not_picked":["Iron Wave","Armaments"],"picked":"True Grit","floor":17},{"not_picked":["Searing Blow","Heavy Blade"],"picked":"True Grit","floor":17},{"not_picked":["Twin Strike","True Grit"],"picked":"Pommel Strike","floor":17},{"not_picked":["Headbutt","Pummel","Sword Boomerang"],"picked":"SKIP","floor":18},{"not_picked":["Bludgeon","Headbutt+1"],"picked":"Body Slam","floor":24},{"not_picked":["Armaments","Seeing Red"],"picked":"Shrug It Off","floor":29}],"player_experience":18200,"relics_obtained":[{"floor":7.0,"key":"MawBank"},{"floor":9.0,"key":"Paper Frog"},{"floor":22,"key":"Darkstone Periapt"},{"floor":26,"key":"Oddly Smooth Stone"}],"event_choices":[{"damage_healed":0.0,"max_hp_gain":0.0,"max_hp_loss":0.0,"gold_gain":0.0,"event_name":"Scrap Ooze","player_choice":"Success","floor":3.0,"gold_loss":0.0,"damage_taken":3.0,"relics_obtained":["Vajra"]},{"cards_removed":["Strike_R"],"damage_healed":0.0,"max_hp_gain":0.0,"max_hp_loss":0.0,"gold_gain":0.0,"event_name":"Golden Wing","player_choice":"Card Removal","floor":4.0,"gold_loss":0.0,"damage_taken":7.0},{"damage_healed":0.0,"max_hp_gain":0.0,"max_hp_loss":0.0,"gold_gain":0.0,"event_name":"The Cleric","player_choice":"Leave","floor":5.0,"gold_loss":0.0,"damage_taken":0.0},{"damage_healed":0.0,"max_hp_gain":0.0,"max_hp_loss":0.0,"gold_gain":0.0,"event_name":"Living Wall","player_choice":"Grow","floor":8.0,"gold_loss":0.0,"damage_taken":0.0,"cards_upgraded":["Sever Soul"]},{"damage_healed":0.0,"max_hp_gain":0.0,"max_hp_loss":0.0,"gold_gain":0.0,"event_name":"WeMeetAgain","player_choice":"Gave Potion","floor":11.0,"gold_loss":0.0,"damage_taken":0.0,"relics_obtained":["Shuriken"]},{"damage_healed":0,"gold_gain":0,"player_choice":"Obtained Book","damage_taken":16,"max_hp_gain":0,"max_hp_loss":0,"event_name":"Cursed Tome","floor":19,"gold_loss":0},{"damage_healed":0,"gold_gain":0,"player_choice":"Shed Blood","damage_taken":20,"max_hp_gain":5,"max_hp_loss":0,"event_name":"Forgotten Altar","floor":21,"gold_loss":0}],"is_beta":false,"boss_relics":[{"not_picked":["Mark of Pain","Astrolabe"],"picked":"Orrery"}],"items_purged_floors":[20],"is_endless":false,"potions_floor_spawned":[1,2,13],"killed_by":"Chosen and Byrds","ascension_level":0}