{"gold_per_floor":[112,131,144,125,50,75,89,89,116,116,191,16,16,34,34,34],"floor_reached":16,"playtime":1005,"items_purged":["Strike_G","Defend_G"],"score":102,"play_id":"cdf4fcbd-46b5-48b1-96de-c9088a99abb0","local_time":"20190907131137","is_ascension_mode":false,"campfire_choices":[{"data":"Night Terror","floor":8,"key":"SMITH"},{"floor":13,"key":"REST"},{"data":"Footwork","floor":15,"key":"SMITH"}],"neow_cost":"NONE","seed_source_timestamp":527276165717100,"circlet_count":0,"master_deck":["Strike_G","Strike_G","Strike_G","Strike_G","Defend_G","Defend_G","Defend_G","Defend_G","Survivor","Neutralize","Night Terror+1","All Out Attack","Quick Slash","Backflip","Footwork+1"],"relics":["Ring of the Snake","Happy Flower","Strawberry"],"potions_floor_usage":[6,6],"damage_taken":[{"damage":1,"enemies":"2 Louse","floor":1,"turns":3},{"damage":3,"enemies":"Jaw Worm","floor":2,"turns":3},{"damage":2,"enemies":"Small Slimes","floor":3,"turns":5},{"damage":11,"enemies":"Exordium Thugs","floor":4,"turns":5},{"damage":19,"enemies":"Gremlin Nob","floor":6,"turns":5},{"damage":1,"enemies":"Lots of Slimes","floor":7,"turns":3},{"damage":10,"enemies":"Large Slime","floor":14,"turns":7},{"damage":42,"enemies":"Slime Boss","floor":16,"turns":10}],"seed_played":"-6617036794024793193","potions_obtained":[{"floor":1,"key":"Dexterity Potion"},{"floor":2,"key":"SteroidPotion"},{"floor":3,"key":"SteroidPotion"},{"floor":7,"key":"SpeedPotion"}],"is_trial":false,"path_per_floor":["M","M","M","M","$","E","M","R","T","?","?","$","R","M","R","B"],"character_chosen":"THE_SILENT","items_purchased":["Footwork"],"campfire_rested":1,"item_purchase_floors":[12],"current_hp_per_floor":[69,66,64,53,53,34,33,33,40,40,29,29,52,42,42,0],"gold":34,"neow_bonus":"ONE_RANDOM_RARE_CARD","is_prod":false,"is_daily":false,"chose_seed":false,"campfire_upgraded":2,"win_rate":0,"timestamp":1567876297,"path_taken":["M","M","M","M","$","E","M","R","T","?","?","?","R","M","R","BOSS"],"build_version":"2019-07-17","purchased_purges":2,"victory":false,"max_hp_per_floor":[70,70,70,70,70,70,70,70,77,77,77,77,77,77,77,77],"card_choices":[{"not_picked":["Heel Hook","Calculated Gamble"],"picked":"All Out Attack","floor":1},{"not_picked":["Dagger Spray","Terror"],"picked":"Quick Slash","floor":2},{"not_picked":["Acrobatics","Envenom"],"picked":"Backflip","floor":3},{"not_picked":["Underhanded Strike","Acrobatics","Backflip"],"picked":"SKIP","floor":4},{"not_picked":["Acrobatics","Deadly Poison","Slice"],"picked":"SKIP","floor":6},{"not_picked":["Crippling Poison","Poisoned Stab","Flying Knee"],"picked":"SKIP","floor":7},{"not_picked":["Underhanded Strike","Riddle With Holes","Bane"],"picked":"SKIP","floor":14}],"player_experience":85568,"relics_obtained":[{"floor":6,"key":"Happy Flower"},{"floor":9,"key":"Strawberry"}],"event_choices":[{"damage_healed":0,"gold_gain":0,"player_choice":"Ignored","damage_taken":0,"max_hp_gain":0,"max_hp_loss":0,"event_name":"Golden Idol","floor":10,"gold_loss":0},{"damage_healed":0,"gold_gain":75,"player_choice":"Gather Gold","damage_taken":11,"max_hp_gain":0,"max_hp_loss":0,"event_name":"World of Goop","floor":11,"gold_loss":0}],"is_beta":false,"boss_relics":[],"items_purged_floors":[5,12],"is_endless":false,"potions_floor_spawned":[1,2,3,7],"killed_by":"Slime Boss","ascension_level":0}