{"gold_per_floor":[112,125,50,67,67,99,99,99,144,144,144,160,160,193,193,292,292,311,301,315,168,188,188,204,204,230,342,27,126,126,161,161,265,265,279,279,295,310,326,326,346,364,390,93,93,93,103,113,113,113],"floor_reached":51,"playtime":5406,"items_purged":["Defend_R","Strike_R","Strike_R","Rupture+1"],"score":704,"play_id":"ce6338d0-d5a4-4a63-99e1-1981cd52e195","local_time":"20190903212443","is_ascension_mode":false,"campfire_choices":[{"data":"Whirlwind","floor":7.0,"key":"SMITH"},{"data":"Metallicize","floor":11.0,"key":"SMITH"},{"data":"Shockwave","floor":13.0,"key":"SMITH"},{"data":"Burning Pact","floor":15.0,"key":"SMITH"},{"data":"Rampage","floor":23.0,"key":"SMITH"},{"data":"Juggernaut","floor":25.0,"key":"SMITH"},{"data":"Body Slam","floor":32.0,"key":"SMITH"},{"data":"Shrug It Off","floor":40.0,"key":"SMITH"},{"data":"Iron Wave","floor":46.0,"key":"SMITH"},{"floor":49,"key":"REST"}],"neow_cost":"NONE","seed_source_timestamp":0,"circlet_count":0,"master_deck":["Defend_R+1","Defend_R+1","Bash","Finesse","Whirlwind+1","Metallicize+1","Shockwave+1","Burning Pact+1","Juggernaut+1","Feed+1","Reaper+1","Shrug It Off+1","Rampage+1","Iron Wave+1","Shrug It Off+1","Headbutt+1","Body Slam+1","Metallicize","Limit Break","Parasite"],"special_seed":0,"relics":["Burning Blood","War Paint","Ancient Tea Set","Lantern","Centennial Puzzle","Astrolabe","MawBank","Peace Pipe","Matryoshka","Frozen Eye","Calipers","Runic Pyramid","Bag of Marbles","Happy Flower","Pen Nib"],"potions_floor_usage":[50,50,50],"damage_taken":[{"damage":3.0,"enemies":"Cultist","floor":1.0,"turns":4.0},{"damage":0.0,"enemies":"2 Louse","floor":2.0,"turns":1.0},{"damage":6.0,"enemies":"Jaw Worm","floor":4.0,"turns":4.0},{"damage":26.0,"enemies":"Lagavulin","floor":6.0,"turns":13.0},{"damage":2.0,"enemies":"Blue Slaver","floor":12.0,"turns":2.0},{"damage":0.0,"enemies":"Gremlin Nob","floor":14.0,"turns":3.0},{"damage":25.0,"enemies":"The Guardian","floor":16.0,"turns":15.0},{"damage":14.0,"enemies":"Shell Parasite","floor":18.0,"turns":7.0},{"damage":22.0,"enemies":"2 Thieves","floor":19.0,"turns":5.0},{"damage":14.0,"enemies":"Snake Plant","floor":20.0,"turns":6.0},{"damage":8.0,"enemies":"Snecko","floor":22.0,"turns":5.0},{"damage":5.0,"enemies":"Centurion and Healer","floor":24.0,"turns":5.0},{"damage":9.0,"enemies":"Colosseum Slavers","floor":27.0,"turns":3.0},{"damage":2.0,"enemies":"Colosseum Nobs","floor":27.0,"turns":5.0},{"damage":51.0,"enemies":"Slavers","floor":31.0,"turns":6.0},{"damage":50.0,"enemies":"Collector","floor":33.0,"turns":17.0},{"damage":19.0,"enemies":"3 Darklings","floor":35.0,"turns":9.0},{"damage":8.0,"enemies":"3 Shapes","floor":37.0,"turns":4.0},{"damage":48.0,"enemies":"Jaw Worm Horde","floor":38.0,"turns":7.0},{"damage":26.0,"enemies":"Transient","floor":39.0,"turns":5.0},{"damage":14.0,"enemies":"4 Shapes","floor":41.0,"turns":3.0},{"damage":17.0,"enemies":"Jaw Worm Horde","floor":42.0,"turns":7.0},{"damage":20.0,"enemies":"Spire Growth","floor":47.0,"turns":4.0},{"damage":6,"enemies":"Writhing Mass","floor":48,"turns":6},{"damage":60,"enemies":"Donu and Deca","floor":50,"turns":10}],"seed_played":"7116310358375209228","potions_obtained":[{"floor":1.0,"key":"Poison Potion"},{"floor":6.0,"key":"BloodPotion"},{"floor":16.0,"key":"Strength Potion"},{"floor":19.0,"key":"Block Potion"},{"floor":33.0,"key":"Strength Potion"},{"floor":37.0,"key":"Ancient Potion"},{"floor":39.0,"key":"FearPotion"}],"is_trial":false,"path_per_floor":["M","M","$","M","?","E","R","$","T","?","R","M","R","E","R","B",null,"M","M","M","$","M","R","M","R","T","?","$","?","?","E","R","B",null,"M","?","M","M","M","R","M","M","T","$","?","R","M","M","R","B",null],"character_chosen":"IRONCLAD","items_purchased":["Shrug It Off","Frozen Eye","Pen Nib"],"campfire_rested":1,"item_purchase_floors":[21,28,44],"current_hp_per_floor":[80,80,80,80,73,53,53,53,53,53,53,57,57,63,63,44,80,72,70,69,69,84,84,88,88,88,92,92,92,74,48,48,21,101,101,101,103,71,56,56,52,55,55,55,55,55,41,46,78,28],"gold":113,"neow_bonus":"RANDOM_COLORLESS","is_prod":false,"is_daily":false,"chose_seed":false,"campfire_upgraded":9,"win_rate":0,"timestamp":1567560283,"path_taken":["M","M","$","M","?","E","R","$","T","?","R","M","R","E","R","BOSS","M","M","M","$","M","R","M","R","T","?","$","?","?","E","R","BOSS","M","?","M","M","M","R","?","M","T","$","?","R","?","M","R","BOSS"],"build_version":"2019-07-17","purchased_purges":4,"victory":true,"max_hp_per_floor":[80,80,80,80,80,80,80,80,80,80,80,80,80,80,80,80,80,80,84,84,84,84,84,88,88,88,92,92,92,97,101,101,101,101,101,101,105,105,105,105,109,109,109,109,109,109,109,109,109,113],"card_choices":[{"not_picked":["Uppercut","Twin Strike"],"picked":"Whirlwind","floor":1.0},{"not_picked":["Heavy Blade","Carnage"],"picked":"Metallicize","floor":2.0},{"not_picked":["Twin Strike","Blood for Blood","Clothesline"],"picked":"SKIP","floor":4.0},{"not_picked":["Disarm","Rage"],"picked":"Shockwave","floor":6.0},{"not_picked":["Sentinel","Dual Wield","Body Slam"],"picked":"SKIP","floor":12.0},{"not_picked":["Sword Boomerang","Perfected Strike"],"picked":"Burning Pact","floor":14.0},{"not_picked":["Feed","Fiend Fire"],"picked":"Juggernaut","floor":16.0},{"not_picked":["Whirlwind+1","Warcry"],"picked":"Shrug It Off","floor":18.0},{"not_picked":["Wild Strike","Bloodletting"],"picked":"Rampage","floor":19.0},{"not_picked":["Flame Barrier","Wild Strike"],"picked":"Iron Wave","floor":20.0},{"not_picked":["True Grit","Fire Breathing"],"picked":"Headbutt+1","floor":22.0},{"not_picked":["Hemokinesis","Perfected Strike+1","Iron Wave"],"picked":"SKIP","floor":24.0},{"not_picked":["Sword Boomerang+1","Twin Strike+1"],"picked":"Body Slam","floor":27.0},{"not_picked":["Pommel Strike","Sentinel"],"picked":"Metallicize","floor":31.0},{"not_picked":["Dark Embrace","Reaper"],"picked":"Limit Break","floor":33.0},{"not_picked":["Infernal Blade+1","Iron Wave","Clothesline"],"picked":"SKIP","floor":35.0},{"not_picked":["Whirlwind+1","Body Slam+1","Inflame"],"picked":"SKIP","floor":37.0},{"not_picked":["Shockwave","Armaments+1","Clash+1"],"picked":"SKIP","floor":38.0},{"not_picked":["Reaper","Heavy Blade","Twin Strike+1"],"picked":"SKIP","floor":39.0},{"not_picked":["Infernal Blade+1","Bloodletting+1","Sever Soul+1"],"picked":"SKIP","floor":41.0},{"not_picked":["Pummel+1","Headbutt+1","Burning Pact"],"picked":"SKIP","floor":42.0},{"not_picked":["Sword Boomerang+1","Clothesline+1","Wild Strike"],"picked":"SKIP","floor":47},{"not_picked":["Shrug It Off+1","Anger+1","Sever Soul"],"picked":"SKIP","floor":48}],"player_experience":48522,"relics_obtained":[{"floor":6.0,"key":"Ancient Tea Set"},{"floor":9.0,"key":"Lantern"},{"floor":14.0,"key":"Centennial Puzzle"},{"floor":26.0,"key":"MawBank"},{"floor":27.0,"key":"Peace Pipe"},{"floor":27.0,"key":"Matryoshka"},{"floor":31.0,"key":"Calipers"},{"floor":43.0,"key":"Bag of Marbles"},{"floor":43.0,"key":"Happy Flower"}],"event_choices":[{"damage_healed":0.0,"max_hp_gain":0.0,"max_hp_loss":0.0,"gold_gain":0.0,"event_name":"Scrap Ooze","player_choice":"Success","floor":5.0,"gold_loss":0.0,"damage_taken":7.0,"relics_obtained":["War Paint"]},{"cards_removed":["Strike_R"],"damage_healed":0.0,"max_hp_gain":0.0,"max_hp_loss":0.0,"gold_gain":0.0,"event_name":"Living Wall","player_choice":"Forget","floor":10.0,"gold_loss":0.0,"damage_taken":0.0},{"damage_healed":0.0,"max_hp_gain":0.0,"max_hp_loss":0.0,"gold_gain":0.0,"event_name":"Colosseum","player_choice":"Fight","floor":27.0,"gold_loss":0.0,"damage_taken":0.0},{"damage_healed":0.0,"max_hp_gain":0.0,"max_hp_loss":0.0,"gold_gain":0.0,"event_name":"Colosseum","player_choice":"Fought Nobs","floor":27.0,"gold_loss":0.0,"damage_taken":0.0},{"damage_healed":0.0,"max_hp_gain":0.0,"max_hp_loss":0.0,"gold_gain":99.0,"event_name":"Nest","player_choice":"Stole From Cult","floor":29.0,"gold_loss":0.0,"damage_taken":0.0},{"damage_healed":0.0,"max_hp_gain":5.0,"max_hp_loss":0.0,"gold_gain":0.0,"event_name":"Forgotten Altar","player_choice":"Shed Blood","floor":30.0,"gold_loss":0.0,"damage_taken":23.0},{"damage_healed":0.0,"max_hp_gain":0.0,"max_hp_loss":0.0,"gold_gain":0.0,"event_name":"Match and Keep!","player_choice":"0 cards matched","floor":36.0,"gold_loss":0.0,"damage_taken":0.0,"cards_obtained":[]},{"damage_healed":0.0,"max_hp_gain":0.0,"max_hp_loss":0.0,"gold_gain":0.0,"event_name":"Accursed Blacksmith","player_choice":"Forge","floor":45.0,"gold_loss":0.0,"damage_taken":0.0,"cards_upgraded":["Shrug It Off"]}],"is_beta":false,"boss_relics":[{"not_picked":["Runic Dome","Black Star"],"picked":"Astrolabe"},{"not_picked":["Orrery","Snecko Eye"],"picked":"Runic Pyramid"}],"items_purged_floors":[3,21,28,44],"is_endless":false,"potions_floor_spawned":[1,6,16,18,19,33,37,39,42,48],"ascension_level":0}