{"gold_per_floor":[116,116,41,59,71,71,102,162,162,162,190,200,31,41,41,140,140,158,58,71,71,87,87,117,117,143,143,168,179,179,190,190,295,295,306,318,329,347,366,366,397,397,397,397,179,179,179,190,190,190],"floor_reached":51,"playtime":3018,"items_purged":["Defend_G","Strike_G","Strike_G"],"score":797,"play_id":"b4e3d73f-8fb5-4005-af3a-2184fdff7cbd","local_time":"20190913000415","is_ascension_mode":true,"campfire_choices":[{"data":"Infinite Blades","floor":6.0,"key":"SMITH"},{"floor":10.0,"key":"REST"},{"data":"Cloak And Dagger","floor":15.0,"key":"SMITH"},{"data":"Backflip","floor":23.0,"key":"SMITH"},{"data":"Panache","floor":25.0,"key":"SMITH"},{"data":"Cloak And Dagger","floor":27.0,"key":"SMITH"},{"data":"Accuracy","floor":30.0,"key":"SMITH"},{"data":"Neutralize","floor":32.0,"key":"SMITH"},{"data":"After Image","floor":40,"key":"SMITH"},{"data":"Survivor","floor":42,"key":"SMITH"},{"data":"Adrenaline","floor":44,"key":"SMITH"},{"floor":49,"key":"REST"}],"neow_cost":"NONE","seed_source_timestamp":0,"circlet_count":0,"master_deck":["Strike_G","Defend_G","Defend_G","Survivor+1","Neutralize+1","Infinite Blades+1","Cloak And Dagger+1","Escape Plan","Cloak And Dagger+1","PiercingWail","Panache+1","Die Die Die","After Image+1","Acrobatics","Backflip+1","Finisher+1","Accuracy+1","Adrenaline+1","Terror+1","Infinite Blades","Finesse","Accuracy+1"],"special_seed":0,"relics":["Ring of the Snake","Letter Opener","Matryoshka","Vajra","Meat on the Bone","Pen Nib","WristBlade","Bag of Preparation","Bag of Marbles","Blood Vial","Ninja Scroll","Empty Cage","Ancient Tea Set","Sundial"],"potions_floor_usage":[41,50,50],"damage_taken":[{"damage":0.0,"enemies":"Small Slimes","floor":1.0,"turns":4.0},{"damage":0.0,"enemies":"2 Louse","floor":4.0,"turns":3.0},{"damage":0.0,"enemies":"Jaw Worm","floor":5.0,"turns":4.0},{"damage":18.0,"enemies":"Lagavulin","floor":7.0,"turns":7.0},{"damage":29.0,"enemies":"Gremlin Nob","floor":8.0,"turns":6.0},{"damage":22.0,"enemies":"Gremlin Nob","floor":11.0,"turns":5.0},{"damage":0.0,"enemies":"Exordium Thugs","floor":12.0,"turns":4.0},{"damage":14.0,"enemies":"Large Slime","floor":14.0,"turns":6.0},{"damage":32.0,"enemies":"The Guardian","floor":16.0,"turns":9.0},{"damage":0.0,"enemies":"Spheric Guardian","floor":18.0,"turns":3.0},{"damage":5.0,"enemies":"3 Byrds","floor":20.0,"turns":3.0},{"damage":10.0,"enemies":"Centurion and Healer","floor":22.0,"turns":4.0},{"damage":0.0,"enemies":"Book of Stabbing","floor":24.0,"turns":5.0},{"damage":2.0,"enemies":"Gremlin Leader","floor":28.0,"turns":5.0},{"damage":4.0,"enemies":"Cultist and Chosen","floor":29.0,"turns":3.0},{"damage":0.0,"enemies":"Chosen and Byrds","floor":31.0,"turns":2.0},{"damage":10.0,"enemies":"Automaton","floor":33.0,"turns":6.0},{"damage":0.0,"enemies":"Orb Walker","floor":35.0,"turns":1.0},{"damage":0.0,"enemies":"3 Darklings","floor":36.0,"turns":2.0},{"damage":7.0,"enemies":"Writhing Mass","floor":37.0,"turns":3.0},{"damage":11.0,"enemies":"Maw","floor":38.0,"turns":4.0},{"damage":4.0,"enemies":"Spire Growth","floor":39.0,"turns":3.0},{"damage":22,"enemies":"Nemesis","floor":41,"turns":5},{"damage":0,"enemies":"3 Darklings","floor":48,"turns":1},{"damage":18,"enemies":"Time Eater","floor":50,"turns":5}],"seed_played":"-4238938455420270337","potions_obtained":[{"floor":5.0,"key":"FearPotion"},{"floor":7.0,"key":"LiquidBronze"},{"floor":8.0,"key":"SpeedPotion"},{"floor":11.0,"key":"GhostInAJar"},{"floor":16.0,"key":"Weak Potion"},{"floor":28.0,"key":"EssenceOfSteel"},{"floor":35.0,"key":"Explosive Potion"},{"floor":48,"key":"Swift Potion"}],"is_trial":false,"path_per_floor":["M","?","$","M","M","R","E","?","T","R","E","M","$","M","R","B",null,"M","$","M","?","M","R","E","R","T","R","E","M","R","M","R","B",null,"M","M","M","M","M","R","E","R","T","R","$","?","?","M","R","B",null],"character_chosen":"THE_SILENT","items_purchased":["Panache","Finesse"],"campfire_rested":2,"item_purchase_floors":[13,45],"current_hp_per_floor":[70,70,70,70,70,70,52,23,23,44,34,46,46,44,44,24,70,70,70,65,65,55,55,55,55,55,55,55,53,53,55,55,47,70,70,70,63,54,52,52,44,44,44,44,44,44,44,46,65,48],"gold":190,"neow_bonus":"REMOVE_CARD","is_prod":false,"is_daily":false,"chose_seed":false,"campfire_upgraded":10,"win_rate":0,"timestamp":1568347455,"path_taken":["M","?","$","M","M","R","E","?","T","R","E","M","?","M","R","BOSS","M","$","M","?","M","R","E","R","T","R","E","M","R","M","R","BOSS","M","M","M","M","M","R","E","R","T","R","$","?","?","M","R","BOSS"],"build_version":"2019-07-17","purchased_purges":3,"victory":true,"max_hp_per_floor":[70,70,70,70,70,70,70,70,70,70,70,70,70,70,70,70,70,70,70,70,70,70,70,70,70,70,70,70,70,70,70,70,70,70,70,70,70,70,70,70,70,70,70,70,70,66,66,66,66,66],"card_choices":[{"not_picked":["Bane","Heel Hook","Eviscerate"],"picked":"SKIP","floor":1.0},{"not_picked":["Caltrops","Escape Plan"],"picked":"Infinite Blades","floor":4.0},{"not_picked":["Finisher","Eviscerate"],"picked":"Cloak And Dagger","floor":5.0},{"not_picked":["Slice","Expertise"],"picked":"Escape Plan","floor":7.0},{"not_picked":["Acrobatics","Slice"],"picked":"Cloak And Dagger","floor":8.0},{"not_picked":["Noxious Fumes","Poisoned Stab","Bane"],"picked":"SKIP","floor":11.0},{"not_picked":["Outmaneuver","Prepared"],"picked":"PiercingWail","floor":12.0},{"not_picked":["Deflect","Bane"],"picked":"Die Die Die","floor":14.0},{"not_picked":["A Thousand Cuts","Bullet Time"],"picked":"After Image","floor":16.0},{"not_picked":["Sucker Punch","Underhanded Strike","Deadly Poison"],"picked":"SKIP","floor":18.0},{"not_picked":["Heel Hook","PiercingWail"],"picked":"Acrobatics","floor":20.0},{"not_picked":["Choke","Dodge and Roll+1"],"picked":"Backflip","floor":22.0},{"not_picked":["Leg Sweep+1","Setup"],"picked":"Finisher+1","floor":24.0},{"not_picked":["Escape Plan","Leg Sweep"],"picked":"Accuracy","floor":28.0},{"not_picked":["PiercingWail","Deadly Poison","Expertise"],"picked":"SKIP","floor":29.0},{"not_picked":["Setup","Deadly Poison","Flying Knee"],"picked":"SKIP","floor":31.0},{"not_picked":["A Thousand Cuts","Wraith Form v2"],"picked":"Adrenaline","floor":33.0},{"not_picked":["Calculated Gamble+1","Poisoned Stab+1","Underhanded Strike+1"],"picked":"SKIP","floor":35.0},{"not_picked":["Dagger Spray","Cloak And Dagger"],"picked":"Terror+1","floor":36.0},{"not_picked":["PiercingWail+1","All Out Attack+1","Poisoned Stab+1"],"picked":"SKIP","floor":37.0},{"not_picked":["Flying Knee","Acrobatics"],"picked":"Infinite Blades","floor":38.0},{"not_picked":["Footwork","Cloak And Dagger","Backstab+1"],"picked":"SKIP","floor":39},{"not_picked":["Endless Agony","Dash+1","Prepared"],"picked":"SKIP","floor":41},{"not_picked":["PiercingWail","Concentrate","All Out Attack"],"picked":"SKIP","floor":48}],"player_experience":124264,"relics_obtained":[{"floor":7.0,"key":"Letter Opener"},{"floor":8.0,"key":"Matryoshka"},{"floor":9.0,"key":"Vajra"},{"floor":9.0,"key":"Meat on the Bone"},{"floor":11.0,"key":"Pen Nib"},{"floor":24.0,"key":"Bag of Preparation"},{"floor":26.0,"key":"Bag of Marbles"},{"floor":26.0,"key":"Blood Vial"},{"floor":28.0,"key":"Ninja Scroll"},{"floor":41,"key":"Ancient Tea Set"},{"floor":43,"key":"Sundial"}],"event_choices":[{"cards_removed":["Strike_G"],"damage_healed":0.0,"max_hp_gain":0.0,"max_hp_loss":0.0,"gold_gain":0.0,"event_name":"Living Wall","player_choice":"Forget","floor":2.0,"gold_loss":0.0,"damage_taken":0.0},{"damage_healed":0.0,"max_hp_gain":0.0,"max_hp_loss":0.0,"gold_gain":0.0,"event_name":"Dead Adventurer","player_choice":"Searched \u00271\u0027 times","floor":8.0,"gold_loss":0.0,"damage_taken":0.0},{"damage_healed":0.0,"max_hp_gain":0.0,"max_hp_loss":0.0,"gold_gain":0.0,"event_name":"Vampires","player_choice":"Ignored","floor":21.0,"gold_loss":0.0,"damage_taken":0.0},{"damage_healed":0,"gold_gain":0,"player_choice":"Max HP","damage_taken":0,"max_hp_gain":0,"max_hp_loss":4,"event_name":"Winding Halls","floor":46,"gold_loss":0},{"damage_healed":0,"gold_gain":0,"player_choice":"Copied","damage_taken":0,"max_hp_gain":0,"max_hp_loss":0,"event_name":"Duplicator","floor":47,"gold_loss":0,"cards_obtained":["Accuracy"]}],"is_beta":false,"boss_relics":[{"not_picked":["Orrery","Calling Bell"],"picked":"WristBlade"},{"not_picked":["Cursed Key","Snecko Eye"],"picked":"Empty Cage"}],"items_purged_floors":[3,19,45],"is_endless":false,"potions_floor_spawned":[5,7,8,11,16,28,31,33,35,37,48],"ascension_level":2}