{"gold_per_floor":[113,113,124,136,151,181,181,215,264,115,115,133,33,33,33,137,137,150,0,0,0,19,48,79,79,103,103,103,103,129,148,148,248,248,266,285,507,525,307,307,317,331,331,346,346,346,346],"floor_reached":47,"playtime":2774,"items_purged":["Strike_B","Defend_B","Strike_B","Defend_B"],"score":498,"play_id":"dfe22604-3a77-4858-9060-b860cb30e3bb","local_time":"20190923000240","is_ascension_mode":true,"campfire_choices":[{"data":"Chill","floor":7.0,"key":"SMITH"},{"floor":11.0,"key":"REST"},{"data":"Defragment","floor":15,"key":"SMITH"},{"floor":25,"key":"REST"},{"data":"Doom and Gloom","floor":28,"key":"SMITH"},{"floor":32,"key":"REST"},{"floor":40,"key":"REST"},{"floor":45,"key":"REST"}],"neow_cost":"NONE","seed_source_timestamp":957851991249600,"circlet_count":0,"master_deck":["Defend_B","Zap","Dualcast","Go for the Eyes","Chill+1","Tempest","Sweeping Beam","Rainbow","Doom and Gloom+1","Defragment+1","Cold Snap","Decay","Rainbow","Cold Snap","Hologram+1","Necronomicurse","Loop","Fission","Tempest+1","Chaos","Blizzard","Parasite","Cold Snap+1","Bandage Up"],"special_seed":0,"relics":["Cracked Core","Orichalcum","Kunai","Art of War","Inserter","Lantern","Red Mask","Pen Nib","Necronomicon","Juzu Bracelet","Empty Cage","Pantograph"],"potions_floor_usage":[16,24,33,33,33,33,42,44],"damage_taken":[{"damage":1.0,"enemies":"Small Slimes","floor":1.0,"turns":3.0},{"damage":1.0,"enemies":"Cultist","floor":3.0,"turns":3.0},{"damage":0.0,"enemies":"Jaw Worm","floor":4.0,"turns":3.0},{"damage":9.0,"enemies":"Blue Slaver","floor":5.0,"turns":3.0},{"damage":21.0,"enemies":"3 Sentries","floor":6.0,"turns":7.0},{"damage":23.0,"enemies":"Lagavulin","floor":8.0,"turns":6.0},{"damage":0.0,"enemies":"Looter","floor":12.0,"turns":2.0},{"damage":2,"enemies":"Slime Boss","floor":16,"turns":9},{"damage":15,"enemies":"Spheric Guardian","floor":18,"turns":4},{"damage":2,"enemies":"2 Thieves","floor":22,"turns":4},{"damage":16,"enemies":"Gremlin Leader","floor":23,"turns":10},{"damage":17,"enemies":"Masked Bandits","floor":24,"turns":4},{"damage":10,"enemies":"Chosen and Byrds","floor":31,"turns":6},{"damage":35,"enemies":"Collector","floor":33,"turns":8},{"damage":12,"enemies":"Orb Walker","floor":35,"turns":3},{"damage":15,"enemies":"3 Darklings","floor":36,"turns":4},{"damage":16,"enemies":"Jaw Worm Horde","floor":38,"turns":4},{"damage":61,"enemies":"Writhing Mass","floor":41,"turns":6},{"damage":12,"enemies":"3 Darklings","floor":42,"turns":4},{"damage":5,"enemies":"Jaw Worm Horde","floor":44,"turns":3},{"damage":31,"enemies":"Writhing Mass","floor":47,"turns":4}],"seed_played":"1012743904362192963","potions_obtained":[{"floor":3.0,"key":"EntropicBrew"},{"floor":5.0,"key":"FearPotion"},{"floor":8.0,"key":"AttackPotion"},{"floor":12.0,"key":"Explosive Potion"},{"floor":22,"key":"Fire Potion"},{"floor":33,"key":"LiquidBronze"},{"floor":35,"key":"FairyPotion"},{"floor":38,"key":"Swift Potion"}],"is_trial":false,"path_per_floor":["M","?","M","M","M","E","R","E","T","$","R","M","$","?","R","B",null,"M","$","?","$","M","E","?","R","T","?","R","$","T","M","R","B",null,"M","M","?","M","$","R","M","M","T","M","R","?","M"],"character_chosen":"DEFECT","items_purchased":["Defragment","Cold Snap","Blizzard"],"campfire_rested":5,"item_purchase_floors":[10,19,39],"current_hp_per_floor":[81,74,73,73,64,43,43,20,20,20,44,44,44,44,44,42,82,67,67,67,67,65,49,32,56,56,40,40,40,40,30,54,19,82,70,55,55,39,39,63,2,8,8,3,27,27,0],"gold":346,"neow_bonus":"TEN_PERCENT_HP_BONUS","is_prod":false,"is_daily":false,"chose_seed":false,"campfire_upgraded":3,"win_rate":0,"timestamp":1569211360,"path_taken":["M","?","M","M","M","E","R","E","T","$","R","M","$","?","R","BOSS","M","$","?","$","M","E","?","R","T","?","R","?","?","M","R","BOSS","M","M","?","M","$","R","M","M","T","M","R","?","M"],"build_version":"2019-07-17","purchased_purges":4,"victory":false,"max_hp_per_floor":[82,82,82,82,82,82,82,82,82,82,82,82,82,82,82,82,82,82,82,82,82,82,82,82,82,82,82,82,82,82,82,82,82,82,82,82,82,82,82,82,82,82,82,82,82,82,82],"card_choices":[{"not_picked":["Turbo","Heatsinks"],"picked":"Go for the Eyes","floor":1.0},{"not_picked":["Turbo","Go for the Eyes"],"picked":"Chill","floor":3.0},{"not_picked":["White Noise","Stack"],"picked":"Tempest","floor":4.0},{"not_picked":["White Noise","Consume"],"picked":"Sweeping Beam","floor":5.0},{"not_picked":["Turbo","Hologram"],"picked":"Rainbow","floor":6.0},{"not_picked":["Sweeping Beam","Compile Driver"],"picked":"Doom and Gloom","floor":8.0},{"not_picked":["Compile Driver","Beam Cell"],"picked":"Cold Snap","floor":12.0},{"not_picked":["Fission","Meteor Strike"],"picked":"Rainbow","floor":16},{"not_picked":["Rip and Tear+1","Reprogram","Turbo"],"picked":"SKIP","floor":18},{"not_picked":["Turbo","Compile Driver"],"picked":"Hologram+1","floor":22},{"not_picked":["Conserve Battery","Melter","Gash"],"picked":"SKIP","floor":23},{"not_picked":["Leap","Recycle+1"],"picked":"Loop","floor":31},{"not_picked":["Hyperbeam","Echo Form"],"picked":"Fission","floor":33},{"not_picked":["Hello World","Doom and Gloom+1","Sunder+1"],"picked":"SKIP","floor":35},{"not_picked":["Beam Cell+1","Go for the Eyes+1"],"picked":"Tempest+1","floor":36},{"not_picked":["Turbo+1","Gash+1"],"picked":"Chaos","floor":38},{"not_picked":["Skim","Turbo+1","Heatsinks"],"picked":"SKIP","floor":41},{"not_picked":["Blizzard","Hologram","Scrape+1"],"picked":"SKIP","floor":42},{"not_picked":["Steam+1","Capacitor+1"],"picked":"Cold Snap+1","floor":44},{"not_picked":["Panacea","Secret Weapon"],"picked":"Bandage Up","floor":46}],"player_experience":253466,"relics_obtained":[{"floor":6.0,"key":"Orichalcum"},{"floor":8.0,"key":"Kunai"},{"floor":9.0,"key":"Art of War"},{"floor":23,"key":"Lantern"},{"floor":24,"key":"Red Mask"},{"floor":26,"key":"Pen Nib"},{"floor":27,"key":"Necronomicon"},{"floor":30,"key":"Juzu Bracelet"},{"floor":43,"key":"Pantograph"}],"event_choices":[{"cards_removed":["Strike_B"],"damage_healed":0.0,"max_hp_gain":0.0,"max_hp_loss":0.0,"gold_gain":0.0,"event_name":"Golden Wing","player_choice":"Card Removal","floor":2.0,"gold_loss":0.0,"damage_taken":7.0},{"damage_healed":0.0,"max_hp_gain":0.0,"max_hp_loss":0.0,"gold_gain":0.0,"event_name":"Wheel of Change","player_choice":"Cursed","floor":14.0,"gold_loss":0.0,"damage_taken":0.0,"cards_obtained":["Decay"]},{"damage_healed":0,"gold_gain":0,"player_choice":"Ignored","damage_taken":0,"max_hp_gain":0,"max_hp_loss":0,"event_name":"Ghosts","floor":20,"gold_loss":0},{"damage_healed":0,"gold_gain":0,"player_choice":"Fought Bandits","damage_taken":0,"max_hp_gain":0,"max_hp_loss":0,"event_name":"Masked Bandits","floor":24,"gold_loss":0},{"damage_healed":0,"gold_gain":0,"player_choice":"Obtained Book","damage_taken":16,"max_hp_gain":0,"max_hp_loss":0,"event_name":"Cursed Tome","floor":27,"gold_loss":0},{"damage_healed":0,"gold_gain":222,"player_choice":"Wore Mask","damage_taken":0,"max_hp_gain":0,"max_hp_loss":0,"event_name":"Tomb of Lord Red Mask","floor":37,"gold_loss":0},{"damage_healed":0,"gold_gain":0,"player_choice":"Memory 1","damage_taken":0,"max_hp_gain":0,"max_hp_loss":0,"event_name":"SensoryStone","floor":46,"gold_loss":0}],"is_beta":false,"boss_relics":[{"not_picked":["Fusion Hammer","Astrolabe"],"picked":"Inserter"},{"not_picked":["Black Star","Pandora\u0027s Box"],"picked":"Empty Cage"}],"items_purged_floors":[10,13,19,39],"is_endless":false,"potions_floor_spawned":[3,5,8,12,22,23,33,35,38,41],"killed_by":"Writhing Mass","ascension_level":2}