{"gold_per_floor":[116,127,141,160,160,188,188,198,222,3,3,3,23,51,51,152,152,166,185,185,185],"floor_reached":21,"playtime":1305,"items_purged":["Strike_R"],"score":216,"play_id":"cfa42eb7-7143-46d0-bf7d-8d00ff787295","local_time":"20190914234649","is_ascension_mode":false,"campfire_choices":[{"data":"Shockwave","floor":7,"key":"SMITH"},{"data":"Cleave","floor":12,"key":"SMITH"},{"data":"Headbutt","floor":15,"key":"SMITH"}],"neow_cost":"NONE","seed_source_timestamp":267394257050900,"circlet_count":0,"master_deck":["Defend_R+1","Defend_R","Defend_R+1","Defend_R","Bash","Shockwave+1","Headbutt+1","Cleave+1","Ghostly Armor","Immolate","Bite","Bite","Bite","Bite","Bite"],"relics":["Burning Blood","Ice Cream","Centennial Puzzle","PreservedInsect","War Paint","Eternal Feather"],"potions_floor_usage":[16,16,18,21],"damage_taken":[{"damage":0,"enemies":"Cultist","floor":1,"turns":3},{"damage":0,"enemies":"2 Louse","floor":2,"turns":3},{"damage":6,"enemies":"Jaw Worm","floor":3,"turns":4},{"damage":0,"enemies":"Large Slime","floor":4,"turns":5},{"damage":24,"enemies":"Gremlin Nob","floor":6,"turns":4},{"damage":3,"enemies":"Exordium Wildlife","floor":8,"turns":5},{"damage":4,"enemies":"Looter","floor":13,"turns":4},{"damage":16,"enemies":"Lagavulin","floor":14,"turns":5},{"damage":48,"enemies":"Slime Boss","floor":16,"turns":11},{"damage":28,"enemies":"Spheric Guardian","floor":18,"turns":9},{"damage":40,"enemies":"Shell Parasite","floor":19,"turns":10},{"damage":52,"enemies":"Sentry and Sphere","floor":21,"turns":7}],"seed_played":"-6926651772159619258","potions_obtained":[{"floor":1,"key":"SpeedPotion"},{"floor":4,"key":"SpeedPotion"},{"floor":6,"key":"Poison Potion"},{"floor":16,"key":"GamblersBrew"}],"is_trial":false,"path_per_floor":["M","M","M","M","?","E","R","M","T","$","?","R","M","E","R","B",null,"M","M","?","M"],"character_chosen":"IRONCLAD","items_purchased":["PreservedInsect"],"campfire_rested":0,"item_purchase_floors":[10],"current_hp_per_floor":[80,80,80,80,80,62,62,65,65,65,65,65,67,57,57,15,80,58,24,24,0],"gold":185,"neow_bonus":"THREE_CARDS","is_prod":false,"is_daily":false,"chose_seed":false,"campfire_upgraded":3,"win_rate":0,"timestamp":1568519209,"path_taken":["M","M","?","M","?","E","R","M","T","$","?","R","M","E","R","BOSS","M","M","?","M"],"build_version":"2019-07-17","purchased_purges":1,"victory":false,"max_hp_per_floor":[80,80,80,80,80,80,80,80,80,80,80,80,80,80,80,80,80,80,80,56,56],"card_choices":[{"not_picked":["Wild Strike","Flex"],"picked":"Shockwave","floor":0},{"not_picked":["Infernal Blade","Sword Boomerang"],"picked":"Headbutt","floor":1},{"not_picked":["Shockwave","Rupture","Sword Boomerang"],"picked":"SKIP","floor":2},{"not_picked":["Warcry","Clash","Heavy Blade"],"picked":"SKIP","floor":3},{"not_picked":["Inflame","Pommel Strike"],"picked":"Cleave","floor":4},{"not_picked":["Blood for Blood","Combust"],"picked":"Ghostly Armor","floor":6},{"not_picked":["Headbutt","Power Through","Clash"],"picked":"SKIP","floor":8},{"not_picked":["Havoc","Exhume","Headbutt"],"picked":"SKIP","floor":13},{"not_picked":["Twin Strike","Ghostly Armor","Double Tap"],"picked":"SKIP","floor":14},{"not_picked":["Berserk","Limit Break"],"picked":"Immolate","floor":16},{"not_picked":["Sentinel","Carnage+1","Combust"],"picked":"SKIP","floor":18},{"not_picked":["Combust","Perfected Strike","Infernal Blade"],"picked":"SKIP","floor":19}],"player_experience":177944,"relics_obtained":[{"floor":6,"key":"Ice Cream"},{"floor":9,"key":"Centennial Puzzle"},{"floor":14,"key":"War Paint"}],"event_choices":[{"cards_removed":["Strike_R"],"damage_healed":0,"gold_gain":0,"player_choice":"Forget","damage_taken":0,"max_hp_gain":0,"max_hp_loss":0,"event_name":"Living Wall","floor":5,"gold_loss":0},{"damage_healed":0,"gold_gain":0,"player_choice":"Ignored","damage_taken":0,"max_hp_gain":0,"max_hp_loss":0,"event_name":"Liars Game","floor":11,"gold_loss":0},{"damage_healed":0,"gold_gain":0,"player_choice":"Became a vampire","damage_taken":0,"max_hp_gain":0,"max_hp_loss":24,"event_name":"Vampires","floor":20,"gold_loss":0,"cards_obtained":["Bite","Bite","Bite","Bite","Bite"]}],"is_beta":false,"boss_relics":[{"not_picked":["Calling Bell","Velvet Choker"],"picked":"Eternal Feather"}],"items_purged_floors":[10],"is_endless":false,"potions_floor_spawned":[1,4,6,16],"killed_by":"Sentry and Sphere","ascension_level":0}