{"gold_per_floor":[113,131,30,48,68,68,85,115,115,132,145,165,165,228,228,329,329,341,40,40,63,63,63,73],"floor_reached":24,"playtime":1751,"items_purged":["Strike_R","Strike_R"],"score":254,"play_id":"0e006fed-60c1-4b03-bef7-db6c7454bb62","local_time":"20190915110454","is_ascension_mode":true,"campfire_choices":[{"data":"Rampage","floor":6,"key":"SMITH"},{"floor":13,"key":"REST"},{"floor":15,"key":"REST"},{"data":"True Grit","floor":23,"key":"SMITH"}],"neow_cost":"PERCENT_DAMAGE","seed_source_timestamp":307633584135000,"circlet_count":0,"master_deck":["Strike_R","Strike_R+1","Strike_R","Defend_R","Defend_R","Defend_R","Defend_R","Bash","Feed+1","Rampage+1","True Grit+1","Power Through","Spot Weakness","Thunderclap","Impervious","Reaper","Decay"],"relics":["Burning Blood","Letter Opener","Gremlin Horn","Odd Mushroom","Tiny Chest","Lizard Tail","ClockworkSouvenir","Whetstone"],"potions_floor_usage":[7,12,12,16,18,24],"damage_taken":[{"damage":0,"enemies":"2 Louse","floor":1,"turns":2},{"damage":7,"enemies":"Jaw Worm","floor":2,"turns":5},{"damage":2,"enemies":"Small Slimes","floor":4,"turns":3},{"damage":18,"enemies":"Blue Slaver","floor":5,"turns":7},{"damage":20,"enemies":"Exordium Thugs","floor":7,"turns":9},{"damage":31,"enemies":"3 Sentries","floor":8,"turns":9},{"damage":1,"enemies":"Looter","floor":10,"turns":4},{"damage":9,"enemies":"2 Fungi Beasts","floor":11,"turns":3},{"damage":22,"enemies":"The Mushroom Lair","floor":12,"turns":4},{"damage":16,"enemies":"Gremlin Nob","floor":14,"turns":4},{"damage":53,"enemies":"Hexaghost","floor":16,"turns":12},{"damage":54,"enemies":"Chosen","floor":18,"turns":8},{"damage":98,"enemies":"3 Byrds","floor":24,"turns":8}],"seed_played":"-8254659860846772331","potions_obtained":[{"floor":2,"key":"Energy Potion"},{"floor":4,"key":"Poison Potion"},{"floor":7,"key":"SpeedPotion"},{"floor":8,"key":"Weak Potion"},{"floor":12,"key":"GamblersBrew"},{"floor":16,"key":"AttackPotion"},{"floor":24,"key":"Dexterity Potion"}],"is_trial":false,"path_per_floor":["M","M","$","M","M","R","M","E","T","M","M","?","R","E","R","B",null,"M","$","?","T","?","R","M"],"character_chosen":"IRONCLAD","items_purchased":["True Grit","ClockworkSouvenir"],"campfire_rested":2,"item_purchase_floors":[3,19],"current_hp_per_floor":[65,67,67,74,65,65,51,26,26,31,31,15,43,33,61,14,95,50,50,50,50,50,50,19],"gold":73,"neow_bonus":"THREE_RARE_CARDS","is_prod":false,"is_daily":false,"chose_seed":false,"campfire_upgraded":2,"win_rate":0,"timestamp":1568559894,"path_taken":["M","M","$","M","M","R","M","E","T","M","M","?","R","E","R","BOSS","M","$","?","?","?","R","M"],"build_version":"2019-07-17","purchased_purges":2,"victory":false,"max_hp_per_floor":[83,86,86,89,92,92,92,92,92,92,95,95,95,95,95,95,95,98,98,98,98,98,98,102],"card_choices":[{"not_picked":["Offering","Demon Form"],"picked":"Feed","floor":0},{"not_picked":["Anger","Body Slam","Havoc"],"picked":"SKIP","floor":1},{"not_picked":["Perfected Strike","Clash"],"picked":"Rampage","floor":2},{"not_picked":["Uppercut","Disarm","Flex"],"picked":"SKIP","floor":4},{"not_picked":["Flex","Anger"],"picked":"Power Through","floor":5},{"not_picked":["Wild Strike","Bludgeon","Armaments"],"picked":"SKIP","floor":7},{"not_picked":["Second Wind","Body Slam"],"picked":"Spot Weakness","floor":8},{"not_picked":["Sword Boomerang","Anger"],"picked":"Thunderclap","floor":10},{"not_picked":["Hemokinesis","Corruption","Iron Wave"],"picked":"SKIP","floor":11},{"not_picked":["Second Wind","Intimidate"],"picked":"Impervious","floor":14},{"not_picked":["Brutality","Impervious"],"picked":"Reaper","floor":16},{"not_picked":["Rupture","Heavy Blade","Cleave+1"],"picked":"SKIP","floor":18}],"player_experience":185255,"relics_obtained":[{"floor":8,"key":"Letter Opener"},{"floor":9,"key":"Gremlin Horn"},{"floor":12,"key":"Odd Mushroom"},{"floor":14,"key":"Tiny Chest"},{"floor":21,"key":"Whetstone"}],"event_choices":[{"damage_healed":0,"gold_gain":0,"player_choice":"Fought Mushrooms","damage_taken":0,"max_hp_gain":0,"max_hp_loss":0,"event_name":"Mushrooms","floor":12,"gold_loss":0},{"damage_healed":0,"gold_gain":0,"player_choice":"Ignored","damage_taken":0,"max_hp_gain":0,"max_hp_loss":0,"event_name":"Vampires","floor":20,"gold_loss":0},{"damage_healed":0,"gold_gain":0,"player_choice":"Smashed Altar","damage_taken":0,"max_hp_gain":0,"max_hp_loss":0,"event_name":"Forgotten Altar","floor":22,"gold_loss":0,"cards_obtained":["Decay"]}],"is_beta":false,"boss_relics":[{"not_picked":["Coffee Dripper","Orrery"],"picked":"Lizard Tail"}],"items_purged_floors":[3,19],"is_endless":false,"potions_floor_spawned":[2,4,7,8,12,16,24],"killed_by":"3 Byrds","ascension_level":2}