{"gold_per_floor":[132,183,55,97,97,272,383,474,474,581,581,630,630,676,676,1008,1008,1044,1083,1142,123,123,237,318,643,943,546,582,582,696,184,184,496,496,535,535,577,250,73,73,73,167,220,220,220,327,382,548,548,548],"floor_reached":51,"playtime":18620,"items_purged":["Doubt"],"score":1079,"play_id":"01e5f146-e98d-482d-b236-0c414079c55b","local_time":"20190915003808","daily_mods":["SealedDeck","Specialized","Diverse","Flight","DeadlyEvents","Midas"],"is_ascension_mode":false,"campfire_choices":[{"floor":11.0,"key":"REST"},{"data":"1","floor":13.0,"key":"LIFT"},{"data":"2","floor":15.0,"key":"LIFT"},{"floor":29.0,"key":"DIG"},{"floor":32,"key":"DIG"},{"floor":40,"key":"DIG"},{"floor":41,"key":"DIG"},{"floor":44,"key":"DIG"},{"floor":45,"key":"DIG"},{"floor":49,"key":"DIG"}],"neow_cost":"","seed_source_timestamp":0,"circlet_count":0,"master_deck":["Rebound","Rebound","Rebound","Rebound","Rebound","Outmaneuver","Pommel Strike","Prepared","Deflect","Anger+1","Anger","Deadly Poison","Deadly Poison","Catalyst","Go for the Eyes+1","Dagger Throw","Underhanded Strike","Flying Knee","Conserve Battery","Beam Cell","Backstab","Dagger Spray","Conserve Battery","Sweeping Beam","Wraith Form v2","Flame Barrier","Havoc+1","Deadly Poison+1","Panache","Ghostly","Ghostly","Ghostly","Ghostly","Ghostly","Heatsinks+1","Burst","Corruption","Battle Trance","Conserve Battery","Pummel","Feed","Cleave+1","Flame Barrier+1","Noxious Fumes+1","Riddle With Holes"],"special_seed":0,"relics":["Black Blood","Golden Idol","Girya","Self Forming Clay","Blue Candle","Dodecahedron","Mark of Pain","FossilizedHelix","Toolbox","Kunai","Red Skull","Paper Frog","Shovel","Question Card","Old Coin","Gremlin Horn","Calipers","Pantograph","Membership Card","Shuriken","Ginger","Sundial","OrangePellets","Charon\u0027s Ashes","Strawberry","Lantern","Sling","Letter Opener","Prayer Wheel","Turnip","Vajra","Du-Vu Doll","Smiling Mask","Whetstone","Nunchaku","Orichalcum"],"potions_floor_usage":[33,48,50],"damage_taken":[{"damage":1.0,"enemies":"Small Slimes","floor":1.0,"turns":2.0},{"damage":11.0,"enemies":"Jaw Worm","floor":2.0,"turns":2.0},{"damage":6.0,"enemies":"2 Louse","floor":4.0,"turns":2.0},{"damage":11.0,"enemies":"3 Sentries","floor":7.0,"turns":6.0},{"damage":18.0,"enemies":"Gremlin Nob","floor":8.0,"turns":3.0},{"damage":11.0,"enemies":"3 Sentries","floor":10.0,"turns":4.0},{"damage":0.0,"enemies":"Blue Slaver","floor":12.0,"turns":1.0},{"damage":0.0,"enemies":"Red Slaver","floor":14.0,"turns":1.0},{"damage":32.0,"enemies":"The Guardian","floor":16.0,"turns":9.0},{"damage":0.0,"enemies":"Spheric Guardian","floor":18.0,"turns":1.0},{"damage":18.0,"enemies":"Shell Parasite","floor":19.0,"turns":4.0},{"damage":15.0,"enemies":"Snecko","floor":20.0,"turns":4.0},{"damage":2.0,"enemies":"Slavers","floor":23.0,"turns":4.0},{"damage":0.0,"enemies":"Book of Stabbing","floor":24.0,"turns":5.0},{"damage":0.0,"enemies":"Colosseum Slavers","floor":25.0,"turns":2.0},{"damage":0.0,"enemies":"Colosseum Nobs","floor":25.0,"turns":4.0},{"damage":22.0,"enemies":"Shelled Parasite and Fungi","floor":28.0,"turns":5.0},{"damage":0.0,"enemies":"Slavers","floor":30.0,"turns":5.0},{"damage":2,"enemies":"Champ","floor":33,"turns":11},{"damage":17,"enemies":"3 Darklings","floor":35,"turns":6},{"damage":0,"enemies":"Orb Walker","floor":37,"turns":3},{"damage":0,"enemies":"Reptomancer","floor":42,"turns":3},{"damage":0,"enemies":"Giant Head","floor":46,"turns":7},{"damage":0,"enemies":"Sphere and 2 Shapes","floor":47,"turns":2},{"damage":5,"enemies":"2 Orb Walkers","floor":48,"turns":4},{"damage":0,"enemies":"Awakened One","floor":50,"turns":10}],"seed_played":"3552706405207763968","potions_obtained":[{"floor":2.0,"key":"Block Potion"},{"floor":4.0,"key":"Poison Potion"},{"floor":12.0,"key":"Fire Potion"},{"floor":14.0,"key":"SkillPotion"},{"floor":16.0,"key":"EssenceOfSteel"},{"floor":19.0,"key":"Regen Potion"},{"floor":28.0,"key":"Regen Potion"},{"floor":30.0,"key":"Regen Potion"},{"floor":35,"key":"SpeedPotion"}],"is_trial":true,"path_per_floor":["?","?","E","M","M","?","?","M","?","M","E","M","?"],"character_chosen":"IRONCLAD","items_purchased":["Flying Knee","Conserve Battery","Beam Cell","FossilizedHelix","Toolbox","Kunai","Panache","Gremlin Horn","Corruption","Battle Trance","Conserve Battery","Membership Card","Shuriken","Ginger","Pummel","OrangePellets","Charon\u0027s Ashes","Strawberry","Lantern","Sling"],"campfire_rested":1,"item_purchase_floors":[3,3,3,21,21,21,21,27,27,27,27,31,31,31,31,38,38,38,39,39],"current_hp_per_floor":[80,75,75,75,55,55,50,38,38,33,57,63,63,69,69,43,80,80,68,59,59,40,40,40,40,40,40,33,33,39,39,39,40,40,36,36,46,53,53,53,53,53,53,53,53,53,53,53,53,53],"gold":548,"neow_bonus":"","is_prod":false,"is_daily":false,"chose_seed":false,"campfire_upgraded":0,"win_rate":0,"timestamp":1568533088,"path_taken":["M","M","$","M","?","?","E","E","T","?","R","?","R","?","R","BOSS","M","M","M","$","?","E","E","?","T","$","?","R","E","$","R","BOSS","M","?","?","$","$","R","R","E","T","R","R","?","?","?","R","BOSS"],"build_version":"2019-01-23","purchased_purges":1,"victory":true,"max_hp_per_floor":[80,80,80,80,80,80,80,80,80,80,80,80,80,80,80,80,80,80,80,80,80,40,40,40,40,40,40,40,40,40,40,40,40,40,43,43,46,53,53,53,53,53,53,53,53,53,53,53,53,53],"card_choices":[{"not_picked":["Wild Strike","Clothesline"],"picked":"Dagger Throw","floor":1.0},{"not_picked":["Expertise","Backflip"],"picked":"Underhanded Strike","floor":2.0},{"not_picked":["Deflect","Ball Lightning"],"picked":"Backstab","floor":4.0},{"not_picked":["Lockon","Chill","Cold Snap"],"picked":"SKIP","floor":7.0},{"not_picked":["Sweeping Beam","Demon Form"],"picked":"Dagger Spray","floor":8.0},{"not_picked":["Recycle","Undo"],"picked":"Conserve Battery","floor":10.0},{"not_picked":["Havoc","Heavy Blade"],"picked":"Sweeping Beam","floor":12.0},{"not_picked":["Ball Lightning","Second Wind","Redo"],"picked":"SKIP","floor":14.0},{"not_picked":["Tools of the Trade","Machine Learning"],"picked":"Wraith Form v2","floor":16.0},{"not_picked":["Hologram","Static Discharge"],"picked":"Flame Barrier","floor":18.0},{"not_picked":["Accuracy","All Out Attack"],"picked":"Havoc+1","floor":19.0},{"not_picked":["Stack","Redo+1"],"picked":"Deadly Poison+1","floor":20.0},{"not_picked":["Backflip","Footwork","Self Repair"],"picked":"SKIP","floor":23.0},{"not_picked":["Self Repair+1","Storm"],"picked":"Heatsinks+1","floor":24.0},{"not_picked":["Reckless Charge","Heavy Blade"],"picked":"Burst","floor":25.0},{"not_picked":["Coolheaded","Clothesline+1","Caltrops","Acrobatics"],"picked":"SKIP","floor":28.0},{"not_picked":["Metallicize","Clash","Auto Shields","Leg Sweep"],"picked":"SKIP","floor":30.0},{"not_picked":["Fiend Fire","Berserk","Unload"],"picked":"Feed","floor":33},{"not_picked":["Sweeping Beam+1","Force Field","Quick Slash+1"],"picked":"Cleave+1","floor":35},{"not_picked":["Dagger Throw+1","Turbo","Deadly Poison+1","Uppercut+1"],"picked":"SKIP","floor":37},{"not_picked":["Grand Finale","Go for the Eyes","Gash+1"],"picked":"Flame Barrier+1","floor":42},{"not_picked":["Tactician+1","Sweeping Beam+1","Bloodletting+1"],"picked":"Noxious Fumes+1","floor":46},{"not_picked":["Leap","Dual Wield+1","Dodge and Roll+1"],"picked":"Riddle With Holes","floor":47},{"not_picked":["True Grit+1","Power Through+1","Dodge and Roll+1","Outmaneuver"],"picked":"SKIP","floor":47}],"player_experience":98317,"relics_obtained":[{"floor":7.0,"key":"Girya"},{"floor":8.0,"key":"Self Forming Clay"},{"floor":9.0,"key":"Blue Candle"},{"floor":10.0,"key":"Dodecahedron"},{"floor":23.0,"key":"Red Skull"},{"floor":24.0,"key":"Paper Frog"},{"floor":25.0,"key":"Shovel"},{"floor":25.0,"key":"Question Card"},{"floor":26.0,"key":"Old Coin"},{"floor":29.0,"key":"Calipers"},{"floor":30.0,"key":"Pantograph"},{"floor":32,"key":"Sundial"},{"floor":40,"key":"Letter Opener"},{"floor":41,"key":"Prayer Wheel"},{"floor":42,"key":"Turnip"},{"floor":43,"key":"Vajra"},{"floor":44,"key":"Du-Vu Doll"},{"floor":45,"key":"Smiling Mask"},{"floor":46,"key":"Whetstone"},{"floor":48,"key":"Nunchaku"},{"floor":49,"key":"Orichalcum"}],"event_choices":[{"damage_healed":0.0,"max_hp_gain":0.0,"max_hp_loss":0.0,"gold_gain":0.0,"event_name":"Golden Idol","player_choice":"Take Damage","floor":5.0,"gold_loss":0.0,"damage_taken":20.0,"relics_obtained":["Golden Idol"]},{"damage_healed":0.0,"max_hp_gain":0.0,"max_hp_loss":0.0,"gold_gain":175.0,"event_name":"Liars Game","player_choice":"AGREE","floor":6.0,"gold_loss":0.0,"damage_taken":0.0,"cards_obtained":["Doubt"]},{"damage_healed":0.0,"max_hp_gain":0.0,"max_hp_loss":40.0,"gold_gain":0.0,"event_name":"Ghosts","player_choice":"Became a Ghost","floor":22.0,"gold_loss":0.0,"damage_taken":0.0,"cards_obtained":["Ghostly","Ghostly","Ghostly","Ghostly","Ghostly"]},{"damage_healed":0.0,"max_hp_gain":0.0,"max_hp_loss":0.0,"gold_gain":0.0,"event_name":"Colosseum","player_choice":"Fight","floor":25.0,"gold_loss":0.0,"damage_taken":0.0},{"damage_healed":0.0,"max_hp_gain":0.0,"max_hp_loss":0.0,"gold_gain":0.0,"event_name":"Colosseum","player_choice":"Fought Nobs","floor":25.0,"gold_loss":0.0,"damage_taken":0.0},{"damage_healed":0,"gold_gain":0,"player_choice":"Ignored","damage_taken":0,"max_hp_gain":0,"max_hp_loss":0,"event_name":"The Moai Head","floor":36,"gold_loss":0},{"damage_healed":0,"gold_gain":0,"player_choice":"Fight","damage_taken":0,"max_hp_gain":0,"max_hp_loss":0,"event_name":"Mysterious Sphere","floor":48,"gold_loss":0}],"is_beta":false,"boss_relics":[{"not_picked":["Tiny House","Runic Pyramid"],"picked":"Mark of Pain"},{"not_picked":["Empty Cage","Busted Crown"],"picked":"Black Blood"}],"items_purged_floors":[21],"is_endless":false,"potions_floor_spawned":[2,4,12,14,16,19,28,30,35],"ascension_level":0}