{"gold_per_floor":[114,189,204,219,14,14,29,44,119,134,149,164,164,194,194,294,294,309,324,324,339,354,384,90,90,165,180,127,127,157,172,172,272,272,287,302,317,332,332,332,347,140,140,155,255,270,285,300,300,300],"floor_reached":51,"playtime":22676,"items_purged":["Strike_B","Defend_R","Apotheosis+1"],"score":726,"play_id":"91e092f1-4df0-4199-83a5-192787bd718f","local_time":"20191002194308","daily_mods":["Chimera","Vintage","DeadlyEvents"],"is_ascension_mode":false,"campfire_choices":[{"data":"Bash","floor":6.0,"key":"SMITH"},{"data":"Bandage Up","floor":13.0,"key":"SMITH"},{"floor":15.0,"key":"REST"},{"data":"Apotheosis","floor":29.0,"key":"SMITH"},{"floor":32.0,"key":"REST"},{"data":"Bullet Time","floor":40,"key":"SMITH"},{"data":"Calculated Gamble","floor":49,"key":"SMITH"}],"neow_cost":"","seed_source_timestamp":0,"circlet_count":0,"master_deck":["Bash+1","Zap+1","Dagger Spray+1","Bandage Up+1","Flying Knee+1","Sucker Punch+1","Unload+1","Acrobatics+1","Glass Knife+1","Doppelganger+1","Bite+1","Bite+1","Bite+1","Bite+1","Bite+1","Finisher+1","Dagger Spray+1","Bullet Time+1","Parasite","Calculated Gamble+1","Predator+1"],"special_seed":18171,"relics":["Ring of the Snake","Pear","Molten Egg 2","Dream Catcher","Strawberry","Letter Opener","Bottled Lightning","Regal Pillow","Bag of Preparation","Potion Belt","Anchor","Astrolabe","Darkstone Periapt","Bottled Flame","Meat on the Bone","Bronze Scales","Turnip","Mercury Hourglass","War Paint","The Specimen","Singing Bowl","Runic Pyramid","Art of War","Mummified Hand","Blue Candle","Matryoshka","Happy Flower","Whetstone","Snake Skull","Question Card","Shovel","Tough Bandages","Pantograph","Omamori"],"potions_floor_usage":[41,45,46,50,50],"damage_taken":[{"damage":4.0,"enemies":"Cultist","floor":1.0,"turns":4.0},{"damage":0.0,"enemies":"Small Slimes","floor":3.0,"turns":3.0},{"damage":0.0,"enemies":"2 Louse","floor":4.0,"turns":4.0},{"damage":1.0,"enemies":"Exordium Thugs","floor":7.0,"turns":3.0},{"damage":4.0,"enemies":"Looter","floor":8.0,"turns":3.0},{"damage":7.0,"enemies":"Blue Slaver","floor":10.0,"turns":3.0},{"damage":1.0,"enemies":"3 Louse","floor":11.0,"turns":3.0},{"damage":16.0,"enemies":"Large Slime","floor":12.0,"turns":4.0},{"damage":27.0,"enemies":"Gremlin Nob","floor":14.0,"turns":4.0},{"damage":24.0,"enemies":"The Guardian","floor":16.0,"turns":10.0},{"damage":0.0,"enemies":"Chosen","floor":18.0,"turns":3.0},{"damage":0.0,"enemies":"Shell Parasite","floor":19.0,"turns":2.0},{"damage":21.0,"enemies":"3 Cultists","floor":21.0,"turns":4.0},{"damage":11.0,"enemies":"Snake Plant","floor":22.0,"turns":3.0},{"damage":25.0,"enemies":"Slavers","floor":23.0,"turns":3.0},{"damage":0.0,"enemies":"Chosen and Byrds","floor":27.0,"turns":3.0},{"damage":4.0,"enemies":"Gremlin Leader","floor":30.0,"turns":4.0},{"damage":18.0,"enemies":"Centurion and Healer","floor":31.0,"turns":4.0},{"damage":58.0,"enemies":"Automaton","floor":33.0,"turns":6.0},{"damage":0,"enemies":"Orb Walker","floor":35,"turns":2},{"damage":19,"enemies":"3 Darklings","floor":36,"turns":3},{"damage":6,"enemies":"Spire Growth","floor":37,"turns":3},{"damage":0,"enemies":"Sphere and 2 Shapes","floor":38,"turns":3},{"damage":28,"enemies":"Writhing Mass","floor":41,"turns":4},{"damage":0,"enemies":"Jaw Worm Horde","floor":44,"turns":1},{"damage":0,"enemies":"Mind Bloom Boss Battle","floor":45,"turns":2},{"damage":0,"enemies":"3 Darklings","floor":46,"turns":1},{"damage":6,"enemies":"Maw","floor":47,"turns":4},{"damage":4,"enemies":"Transient","floor":48,"turns":5},{"damage":84,"enemies":"Time Eater","floor":50,"turns":7}],"seed_played":"-5061006535666233414","potions_obtained":[{"floor":3.0,"key":"GhostInAJar"},{"floor":8.0,"key":"Block Potion"},{"floor":11.0,"key":"Ancient Potion"},{"floor":14.0,"key":"Ancient Potion"},{"floor":16.0,"key":"Weak Potion"},{"floor":18.0,"key":"SteroidPotion"},{"floor":22.0,"key":"Energy Potion"},{"floor":31.0,"key":"SteroidPotion"},{"floor":33.0,"key":"Fire Potion"},{"floor":37,"key":"PowerPotion"},{"floor":41,"key":"Poison Potion"},{"floor":44,"key":"Weak Potion"},{"floor":45,"key":"Strength Potion"},{"floor":47,"key":"SneckoOil"}],"is_trial":false,"path_per_floor":["?","M","$","M","E","?","?","?","?"],"character_chosen":"THE_SILENT","items_purchased":["Dagger Spray+1","Bandage Up","Apotheosis","Dagger Spray+1","Calculated Gamble"],"campfire_rested":2,"item_purchase_floors":[5,5,24,28,42],"current_hp_per_floor":[76,68,68,68,68,68,78,78,78,75,78,66,66,45,86,63,87,87,87,60,48,58,54,54,44,44,62,62,62,65,65,67,36,67,67,60,67,67,67,67,69,69,69,72,73,73,73,73,73,31],"gold":300,"neow_bonus":"","is_prod":false,"is_daily":true,"chose_seed":false,"campfire_upgraded":5,"win_rate":0.0,"timestamp":1570070588,"path_taken":["M","?","M","?","?","R","?","M","T","M","M","M","R","?","R","BOSS","M","M","?","M","M","E","$","?","T","M","$","R","E","M","R","BOSS","M","M","M","M","?","R","M","$","T","M","?","M","M","M","R","BOSS"],"build_version":"2019-01-23","purchased_purges":3,"victory":true,"max_hp_per_floor":[80,80,80,80,80,80,87,87,87,87,87,87,87,87,87,87,87,87,87,60,60,60,60,60,65,65,65,65,65,65,65,67,67,67,67,67,67,67,67,67,73,73,73,73,73,73,73,73,73,73],"card_choices":[{"not_picked":["Predator+1","Blade Dance"],"picked":"Flying Knee+1","floor":14.0},{"not_picked":["Quick Slash+1","PiercingWail"],"picked":"Sucker Punch+1","floor":15.0},{"not_picked":["Storm of Steel","Glass Knife+1"],"picked":"Unload+1","floor":16.0},{"not_picked":["Catalyst+1","Crippling Poison"],"picked":"Finisher+1","floor":23.0},{"not_picked":["Blur","Sucker Punch+1","Underhanded Strike+1"],"picked":"SKIP","floor":30.0},{"not_picked":["Prepared+1","Sucker Punch+1","Cloak And Dagger+1"],"picked":"Singing Bowl","floor":32.0},{"not_picked":["Envenom","Glass Knife+1"],"picked":"Bullet Time","floor":33.0},{"not_picked":["PiercingWail+1","Setup","Acrobatics"],"picked":"Predator+1","floor":45}],"player_experience":265647,"relics_obtained":[{"floor":1.0,"key":"Pear"},{"floor":3.0,"key":"Molten Egg 2"},{"floor":4.0,"key":"Dream Catcher"},{"floor":7.0,"key":"Strawberry"},{"floor":8.0,"key":"Letter Opener"},{"floor":9.0,"key":"Bottled Lightning"},{"floor":10.0,"key":"Regal Pillow"},{"floor":11.0,"key":"Bag of Preparation"},{"floor":12.0,"key":"Potion Belt"},{"floor":14.0,"key":"Anchor"},{"floor":18.0,"key":"Darkstone Periapt"},{"floor":19.0,"key":"Bottled Flame"},{"floor":21.0,"key":"Meat on the Bone"},{"floor":22.0,"key":"Bronze Scales"},{"floor":23.0,"key":"Turnip"},{"floor":26.0,"key":"Mercury Hourglass"},{"floor":27.0,"key":"War Paint"},{"floor":30.0,"key":"The Specimen"},{"floor":31.0,"key":"Singing Bowl"},{"floor":35,"key":"Art of War"},{"floor":36,"key":"Mummified Hand"},{"floor":37,"key":"Blue Candle"},{"floor":38,"key":"Matryoshka"},{"floor":41,"key":"Happy Flower"},{"floor":43,"key":"Whetstone"},{"floor":43,"key":"Snake Skull"},{"floor":44,"key":"Question Card"},{"floor":45,"key":"Shovel"},{"floor":46,"key":"Tough Bandages"},{"floor":47,"key":"Pantograph"},{"floor":48,"key":"Omamori"}],"event_choices":[{"damage_healed":0.0,"max_hp_gain":0.0,"max_hp_loss":0.0,"gold_gain":75.0,"event_name":"FaceTrader","player_choice":"Touch","floor":2.0,"gold_loss":0.0,"damage_taken":8.0},{"damage_healed":0.0,"max_hp_gain":0.0,"max_hp_loss":27.0,"gold_gain":0.0,"event_name":"Vampires","player_choice":"Became a vampire","floor":20.0,"gold_loss":0.0,"damage_taken":0.0,"cards_obtained":["Bite","Bite","Bite","Bite","Bite"]},{"damage_healed":0.0,"max_hp_gain":5.0,"max_hp_loss":0.0,"gold_gain":0.0,"event_name":"Forgotten Altar","player_choice":"Shed Blood","floor":25.0,"gold_loss":0.0,"damage_taken":15.0},{"cards_removed":["Survivor"],"damage_healed":0,"gold_gain":0,"player_choice":"Removed Skill","damage_taken":0,"max_hp_gain":0,"max_hp_loss":0,"event_name":"Falling","floor":39,"gold_loss":0},{"damage_healed":0,"gold_gain":0,"player_choice":"Fight","damage_taken":0,"max_hp_gain":0,"max_hp_loss":0,"event_name":"MindBloom","floor":45,"gold_loss":0}],"is_beta":false,"boss_relics":[{"not_picked":["Orrery","Snecko Eye"],"picked":"Astrolabe"},{"not_picked":["Philosopher\u0027s Stone","Lizard Tail"],"picked":"Runic Pyramid"}],"items_purged_floors":[5,24,42],"is_endless":false,"potions_floor_spawned":[3,8,11,14,16,18,22,31,33,37,41,44,45,47],"ascension_level":0}