{"gold_per_floor":[111,111,131,131,146,190,190,214,241,10,46,67,67,90,90,211,211,236,249,149,64,88,88,103,127,153,153,28,52,52,68,68,191,191,211,211,227,251,251,251,274,274,274,274,312,312,14,139,139,139],"floor_reached":50,"playtime":5315,"items_purged":["Strike_G","Defend_G","Strike_G","Defend_G"],"score":482,"play_id":"88592fcd-b2d4-43f9-8f42-3dba7fcc3a95","local_time":"20190904231848","is_ascension_mode":false,"campfire_choices":[{"data":"Quick Slash","floor":7.0,"key":"SMITH"},{"data":"Footwork","floor":13.0,"key":"SMITH"},{"data":"Neutralize","floor":15.0,"key":"SMITH"},{"floor":23,"key":"REST"},{"data":"Envenom","floor":27,"key":"SMITH"},{"floor":30,"key":"REST"},{"data":"Outmaneuver","floor":32,"key":"SMITH"},{"data":"Predator","floor":40,"key":"SMITH"},{"data":"Infinite Blades","floor":42,"key":"SMITH"},{"data":"Backflip","floor":44,"key":"SMITH"},{"floor":46,"key":"REST"},{"floor":49,"key":"REST"}],"neow_cost":"NONE","seed_source_timestamp":0,"circlet_count":0,"master_deck":["Strike_G","Defend_G","Defend_G","Survivor","Neutralize+1","Well Laid Plans","Masterful Stab+1","Infinite Blades+1","Quick Slash+1","Acrobatics","Footwork+1","Outmaneuver+1","All Out Attack+1","Envenom+1","Bouncing Flask+1","Caltrops+1","Prepared+1","Backflip+1","Backflip+1","Underhanded Strike+1","Burst","Predator+1","Well Laid Plans+1","Outmaneuver+1"],"special_seed":0,"relics":["Ring of the Snake","Golden Idol","Dream Catcher","Bronze Scales","Boot","Pen Nib","Astrolabe","Orichalcum","Anchor","Bag of Preparation","Sozu","Girya","Whetstone","Strawberry","Calipers"],"potions_floor_usage":[19,33,45,50,50],"damage_taken":[{"damage":2.0,"enemies":"2 Louse","floor":1.0,"turns":3.0},{"damage":0.0,"enemies":"Cultist","floor":3.0,"turns":6.0},{"damage":2.0,"enemies":"Small Slimes","floor":5.0,"turns":4.0},{"damage":21.0,"enemies":"Lagavulin","floor":6.0,"turns":9.0},{"damage":2.0,"enemies":"Blue Slaver","floor":8.0,"turns":4.0},{"damage":9.0,"enemies":"3 Sentries","floor":11.0,"turns":6.0},{"damage":1.0,"enemies":"Gremlin Gang","floor":12.0,"turns":4.0},{"damage":3.0,"enemies":"3 Louse","floor":14.0,"turns":4.0},{"damage":10.0,"enemies":"Slime Boss","floor":16.0,"turns":9.0},{"damage":16,"enemies":"Spheric Guardian","floor":18,"turns":4},{"damage":18,"enemies":"2 Thieves","floor":19,"turns":5},{"damage":12,"enemies":"Snake Plant","floor":22,"turns":4},{"damage":20,"enemies":"Sentry and Sphere","floor":24,"turns":6},{"damage":7,"enemies":"Shelled Parasite and Fungi","floor":29,"turns":4},{"damage":1,"enemies":"Centurion and Healer","floor":31,"turns":6},{"damage":11,"enemies":"Collector","floor":33,"turns":8},{"damage":3,"enemies":"Orb Walker","floor":35,"turns":3},{"damage":0,"enemies":"3 Darklings","floor":37,"turns":4},{"damage":10,"enemies":"Jaw Worm Horde","floor":38,"turns":4},{"damage":3,"enemies":"Maw","floor":41,"turns":6},{"damage":46,"enemies":"Reptomancer","floor":45,"turns":6},{"damage":18,"enemies":"Mind Bloom Boss Battle","floor":48,"turns":6},{"damage":60,"enemies":"Donu and Deca","floor":50,"turns":6}],"seed_played":"-2652954360813429062","potions_obtained":[{"floor":5.0,"key":"AttackPotion"},{"floor":6.0,"key":"Strength Potion"},{"floor":8.0,"key":"Swift Potion"},{"floor":12.0,"key":"Regen Potion"},{"floor":18,"key":"Ancient Potion"},{"floor":24,"key":"FearPotion"},{"floor":29,"key":"Fire Potion"},{"floor":33,"key":"SpeedPotion"}],"is_trial":false,"path_per_floor":["M","?","M","?","M","E","R","M","T","$","E","M","R","M","R","B",null,"M","M","$","?","M","R","M","T","T","R","$","M","R","M","R","B",null,"M","?","M","M","?","R","M","R","T","R","E","R","$","?","R","B"],"character_chosen":"THE_SILENT","items_purchased":["Boot","Strawberry"],"campfire_rested":4,"item_purchase_floors":[10,47],"current_hp_per_floor":[75,71,71,71,69,48,48,46,46,46,37,36,36,45,45,35,71,55,37,37,37,25,46,26,26,26,26,26,19,40,39,39,28,71,68,68,68,58,58,58,55,55,55,55,9,30,37,19,42,0],"gold":139,"neow_bonus":"TEN_PERCENT_HP_BONUS","is_prod":false,"is_daily":false,"chose_seed":false,"campfire_upgraded":8,"win_rate":0.0,"timestamp":1567653528,"path_taken":["M","?","M","?","M","E","R","M","T","$","E","M","R","M","R","BOSS","M","?","?","?","M","R","M","?","T","R","$","?","R","M","R","BOSS","M","?","M","M","?","R","M","R","T","R","E","R","$","?","R","BOSS"],"build_version":"2019-07-17","purchased_purges":4,"victory":false,"max_hp_per_floor":[77,71,71,71,71,71,71,71,71,71,71,71,71,71,71,71,71,71,71,71,71,71,71,71,71,71,71,71,71,71,71,71,71,71,71,71,71,71,71,71,71,71,71,71,71,71,78,78,78,78],"card_choices":[{"not_picked":["Backflip","Eviscerate"],"picked":"Well Laid Plans","floor":1.0},{"not_picked":["Sucker Punch","Riddle With Holes"],"picked":"Masterful Stab","floor":3.0},{"not_picked":["Expertise","Outmaneuver"],"picked":"Infinite Blades","floor":5.0},{"not_picked":["Flying Knee","Terror"],"picked":"Quick Slash","floor":6.0},{"not_picked":["Escape Plan","Deflect"],"picked":"Acrobatics","floor":8.0},{"not_picked":["Quick Slash","PiercingWail"],"picked":"Footwork","floor":11.0},{"not_picked":["Prepared","Leg Sweep"],"picked":"Outmaneuver","floor":12.0},{"not_picked":["Tactician","Outmaneuver"],"picked":"All Out Attack","floor":14.0},{"not_picked":["Phantasmal Killer","Unload"],"picked":"Envenom","floor":16.0},{"not_picked":["Deflect","Acrobatics"],"picked":"Backflip","floor":18},{"not_picked":["Riddle With Holes","Poisoned Stab+1","Quick Slash"],"picked":"SKIP","floor":19},{"not_picked":["Deadly Poison","Slice","PiercingWail"],"picked":"SKIP","floor":22},{"not_picked":["Eviscerate","Quick Slash"],"picked":"Backflip+1","floor":23},{"not_picked":["Distraction","Deflect","Backflip+1"],"picked":"SKIP","floor":24},{"not_picked":["Acrobatics","Deadly Poison","Heel Hook+1"],"picked":"SKIP","floor":29},{"not_picked":["Outmaneuver","Deflect"],"picked":"Underhanded Strike+1","floor":31},{"not_picked":["Glass Knife","Doppelganger"],"picked":"Burst","floor":33},{"not_picked":["Eviscerate+1","Dagger Throw+1","Dagger Spray+1"],"picked":"SKIP","floor":35},{"not_picked":["Heel Hook","Deadly Poison+1"],"picked":"Predator","floor":37},{"not_picked":["Dash+1","Dagger Throw+1"],"picked":"Well Laid Plans+1","floor":38},{"not_picked":["Dagger Spray+1","Terror+1","Masterful Stab+1"],"picked":"SKIP","floor":41},{"not_picked":["Sucker Punch","Blade Dance+1","Night Terror"],"picked":"SKIP","floor":45},{"not_picked":["Flying Knee","Slice"],"picked":"Outmaneuver+1","floor":46}],"player_experience":61770,"relics_obtained":[{"floor":6.0,"key":"Dream Catcher"},{"floor":9.0,"key":"Bronze Scales"},{"floor":11.0,"key":"Pen Nib"},{"floor":25,"key":"Anchor"},{"floor":26,"key":"Bag of Preparation"},{"floor":43,"key":"Girya"},{"floor":45,"key":"Whetstone"},{"floor":48,"key":"Calipers"}],"event_choices":[{"damage_healed":0.0,"max_hp_gain":0.0,"max_hp_loss":6.0,"gold_gain":0.0,"event_name":"Golden Idol","player_choice":"Lose Max HP","floor":2.0,"gold_loss":0.0,"damage_taken":0.0,"relics_obtained":["Golden Idol"]},{"damage_healed":0.0,"max_hp_gain":0.0,"max_hp_loss":0.0,"gold_gain":0.0,"event_name":"The Woman in Blue","player_choice":"Bought 0 Potions","floor":4.0,"gold_loss":0.0,"damage_taken":0.0},{"damage_healed":0,"gold_gain":0,"player_choice":"Obtained Relic","damage_taken":0,"relics_obtained":["Orichalcum"],"max_hp_gain":0,"max_hp_loss":0,"event_name":"Addict","floor":21,"gold_loss":85},{"damage_healed":0,"gold_gain":0,"player_choice":"Memory 1","damage_taken":0,"max_hp_gain":0,"max_hp_loss":0,"event_name":"SensoryStone","floor":36,"gold_loss":0},{"damage_healed":0,"gold_gain":0,"player_choice":"Ignored","damage_taken":0,"max_hp_gain":0,"max_hp_loss":0,"event_name":"The Moai Head","floor":39,"gold_loss":0},{"damage_healed":0,"gold_gain":0,"player_choice":"Fight","damage_taken":0,"max_hp_gain":0,"max_hp_loss":0,"event_name":"MindBloom","floor":48,"gold_loss":0}],"is_beta":false,"boss_relics":[{"not_picked":["Fusion Hammer","Snecko Eye"],"picked":"Astrolabe"},{"not_picked":["Cursed Key","Lizard Tail"],"picked":"Sozu"}],"items_purged_floors":[10,20,28,47],"is_endless":false,"potions_floor_spawned":[5,6,8,12,18,24,29,33,37,38,41,48],"killed_by":"Donu and Deca","ascension_level":0}