{"gold_per_floor":[110,110,125,50,64,64,78,107,107,117,128,128,141,89,89,187,187,199,298,127,127,127,127,127],"floor_reached":24,"playtime":1265,"items_purged":["Strike_B","Defend_B"],"score":295,"play_id":"a3313378-f0da-4a16-a983-c2a277cb428e","local_time":"20190926234929","is_ascension_mode":true,"campfire_choices":[{"data":"Self Repair","floor":6.0,"key":"SMITH"},{"data":"Turbo","floor":12.0,"key":"SMITH"},{"data":"Conserve Battery","floor":15.0,"key":"SMITH"},{"data":"Seek","floor":23,"key":"SMITH"}],"neow_cost":"NONE","seed_source_timestamp":0,"circlet_count":0,"master_deck":["Strike_B","Strike_B","Strike_B","Defend_B","Defend_B","Defend_B","Zap","Dualcast","Meteor Strike","Cold Snap+1","Genetic Algorithm","Self Repair+1","Reboot","White Noise","Coolheaded","Turbo+1","Beam Cell","Conserve Battery+1","Buffer","Seek+1","Glacier"],"special_seed":0,"relics":["Cracked Core","Art of War","Matryoshka","Philosopher\u0027s Stone"],"potions_floor_usage":[24],"damage_taken":[{"damage":2.0,"enemies":"Jaw Worm","floor":1.0,"turns":4.0},{"damage":0.0,"enemies":"Cultist","floor":3.0,"turns":3.0},{"damage":1.0,"enemies":"2 Louse","floor":5.0,"turns":3.0},{"damage":9.0,"enemies":"Looter","floor":7.0,"turns":4.0},{"damage":26.0,"enemies":"Lagavulin","floor":8.0,"turns":7.0},{"damage":0.0,"enemies":"Blue Slaver","floor":10.0,"turns":4.0},{"damage":6.0,"enemies":"2 Fungi Beasts","floor":11.0,"turns":4.0},{"damage":8.0,"enemies":"Looter","floor":13.0,"turns":3.0},{"damage":0.0,"enemies":"Slime Boss","floor":16.0,"turns":10.0},{"damage":7,"enemies":"Chosen","floor":18,"turns":6},{"damage":67,"enemies":"Slavers","floor":24,"turns":3}],"seed_played":"5612798185826745615","potions_obtained":[{"floor":7.0,"key":"SpeedPotion"},{"floor":11.0,"key":"Swift Potion"},{"floor":13.0,"key":"Fire Potion"},{"floor":16.0,"key":"Energy Potion"},{"floor":18,"key":"AttackPotion"}],"is_trial":false,"path_per_floor":["M","?","M","$","M","R","M","E","T","M","M","R","M","$","R","B",null,"M","?","$","?","?","R","E"],"character_chosen":"DEFECT","items_purchased":["Conserve Battery","Seek"],"campfire_rested":0,"item_purchase_floors":[14,20],"current_hp_per_floor":[73,73,73,73,72,72,73,57,57,67,71,71,73,73,73,75,75,75,75,75,75,61,61,0],"gold":127,"neow_bonus":"ONE_RANDOM_RARE_CARD","is_prod":false,"is_daily":false,"chose_seed":false,"campfire_upgraded":4,"win_rate":0,"timestamp":1569556169,"path_taken":["M","?","?","$","M","R","M","E","T","M","M","R","M","?","R","BOSS","M","?","$","?","?","R","E"],"build_version":"2019-07-17","purchased_purges":2,"victory":false,"max_hp_per_floor":[75,75,75,75,75,75,75,75,75,75,75,75,75,75,75,75,75,75,75,75,75,80,80,80],"card_choices":[{"not_picked":["Streamline","Force Field"],"picked":"Cold Snap","floor":1.0},{"not_picked":["Cold Snap","Sweeping Beam"],"picked":"Genetic Algorithm","floor":3.0},{"not_picked":["Ball Lightning","Beam Cell"],"picked":"Self Repair","floor":5.0},{"not_picked":["Lockon","Ball Lightning"],"picked":"Reboot","floor":7.0},{"not_picked":["Streamline","Ball Lightning"],"picked":"White Noise","floor":8.0},{"not_picked":["Skim","Redo"],"picked":"Coolheaded","floor":10.0},{"not_picked":["Heatsinks","Gash"],"picked":"Turbo","floor":11.0},{"not_picked":["Undo","Cold Snap"],"picked":"Beam Cell","floor":13.0},{"not_picked":["Rainbow","Biased Cognition"],"picked":"Buffer","floor":16.0},{"not_picked":["Stack","Compile Driver","Barrage+1"],"picked":"SKIP","floor":18}],"player_experience":275254,"relics_obtained":[{"floor":8.0,"key":"Art of War"},{"floor":9.0,"key":"Matryoshka"}],"event_choices":[{"damage_healed":0.0,"max_hp_gain":0.0,"max_hp_loss":0.0,"gold_gain":0.0,"event_name":"Accursed Blacksmith","player_choice":"Forge","floor":2.0,"gold_loss":0.0,"damage_taken":0.0,"cards_upgraded":["Cold Snap"]},{"damage_healed":0,"gold_gain":99,"player_choice":"Stole From Cult","damage_taken":0,"max_hp_gain":0,"max_hp_loss":0,"event_name":"Nest","floor":19,"gold_loss":0},{"damage_healed":0,"gold_gain":0,"player_choice":"Read","damage_taken":0,"max_hp_gain":0,"max_hp_loss":0,"event_name":"The Library","floor":21,"gold_loss":0,"cards_obtained":["Glacier"]},{"damage_healed":0,"gold_gain":0,"player_choice":"Shed Blood","damage_taken":19,"max_hp_gain":5,"max_hp_loss":0,"event_name":"Forgotten Altar","floor":22,"gold_loss":0}],"is_beta":false,"boss_relics":[{"not_picked":["Empty Cage","Busted Crown"],"picked":"Philosopher\u0027s Stone"}],"items_purged_floors":[4,20],"is_endless":false,"potions_floor_spawned":[7,11,13,16,18],"killed_by":"Slavers","ascension_level":4}