{"gold_per_floor":[114,39,52,67,83,83,114,114,114,140,140,155,166,177,177,276,276,293,283,294,194,194,220,220,248,248,268,268,283,283,303,303,406,406,417,430,139,139,158,158,169,183,183,199,217,217,93,105,105,105],"floor_reached":51,"playtime":4680,"items_purged":["Strike_G","Strike_G","Strike_G"],"score":657,"play_id":"364b8367-d38d-4c80-bd15-c76d93eb8a6d","local_time":"20190913214954","is_ascension_mode":false,"campfire_choices":[{"data":"A Thousand Cuts","floor":6.0,"key":"SMITH"},{"data":"Backflip","floor":8.0,"key":"SMITH"},{"floor":11.0,"key":"REST"},{"data":"Sucker Punch","floor":15.0,"key":"SMITH"},{"floor":24,"key":"REST"},{"data":"After Image","floor":28,"key":"SMITH"},{"data":"Caltrops","floor":30,"key":"SMITH"},{"data":"Well Laid Plans","floor":32,"key":"SMITH"},{"data":"Terror","floor":40,"key":"SMITH"},{"floor":49,"key":"REST"}],"neow_cost":"NONE","seed_source_timestamp":0,"circlet_count":0,"master_deck":["Strike_G","Strike_G","Defend_G","Defend_G","Defend_G","Defend_G","Defend_G","Survivor","Neutralize+1","Caltrops+1","Sucker Punch+1","Terror+1","A Thousand Cuts+1","Backflip+1","Bullet Time","Well Laid Plans+1","After Image+1","Dagger Spray","Blur+1","Cloak And Dagger+1","Venomology","Backstab","Cloak And Dagger+1","Dash","Panache+1"],"special_seed":0,"relics":["Ring of the Snake","Strawberry","Boot","Matryoshka","Eternal Feather","Kunai","Lantern","The Courier","Meat on the Bone","Bottled Flame","Gambling Chip","Lizard Tail","Toolbox","Frozen Egg 2","Oddly Smooth Stone"],"potions_floor_usage":[25,29,33,33,35,36,39,44,44,45,48,50,50,50],"damage_taken":[{"damage":0.0,"enemies":"Cultist","floor":1.0,"turns":4.0},{"damage":2.0,"enemies":"Small Slimes","floor":3.0,"turns":4.0},{"damage":0.0,"enemies":"2 Louse","floor":4.0,"turns":3.0},{"damage":3.0,"enemies":"Looter","floor":5.0,"turns":4.0},{"damage":21.0,"enemies":"3 Sentries","floor":7.0,"turns":8.0},{"damage":12.0,"enemies":"Lagavulin","floor":10.0,"turns":7.0},{"damage":4.0,"enemies":"Blue Slaver","floor":12.0,"turns":3.0},{"damage":0.0,"enemies":"Exordium Thugs","floor":13.0,"turns":4.0},{"damage":2.0,"enemies":"Large Slime","floor":14.0,"turns":6.0},{"damage":22.0,"enemies":"Hexaghost","floor":16.0,"turns":9.0},{"damage":4,"enemies":"3 Byrds","floor":18,"turns":3},{"damage":12,"enemies":"2 Thieves","floor":19,"turns":5},{"damage":12,"enemies":"Shelled Parasite and Fungi","floor":20,"turns":7},{"damage":15,"enemies":"Gremlin Leader","floor":23,"turns":6},{"damage":7,"enemies":"Book of Stabbing","floor":25,"turns":7},{"damage":1,"enemies":"Snecko","floor":27,"turns":5},{"damage":2,"enemies":"Sentry and Sphere","floor":29,"turns":8},{"damage":0,"enemies":"Centurion and Healer","floor":31,"turns":8},{"damage":3,"enemies":"Automaton","floor":33,"turns":16},{"damage":16,"enemies":"3 Darklings","floor":35,"turns":5},{"damage":22,"enemies":"Orb Walker","floor":36,"turns":6},{"damage":43,"enemies":"Transient","floor":39,"turns":5},{"damage":26,"enemies":"Jaw Worm Horde","floor":41,"turns":6},{"damage":5,"enemies":"Maw","floor":42,"turns":10},{"damage":28,"enemies":"Transient","floor":44,"turns":5},{"damage":22,"enemies":"Sphere and 2 Shapes","floor":45,"turns":6},{"damage":1,"enemies":"Maw","floor":48,"turns":8},{"damage":27,"enemies":"Donu and Deca","floor":50,"turns":10}],"seed_played":"3162925099770099526","potions_obtained":[{"floor":1.0,"key":"SpeedPotion"},{"floor":7.0,"key":"Energy Potion"},{"floor":12.0,"key":"Energy Potion"},{"floor":20,"key":"SkillPotion"},{"floor":25,"key":"Block Potion"},{"floor":33,"key":"Strength Potion"},{"floor":35,"key":"Energy Potion"},{"floor":44,"key":"Ancient Potion"},{"floor":45,"key":"Regen Potion"}],"is_trial":false,"path_per_floor":["M","$","M","M","M","R","E","R","T","E","R","M","M","M","R","B",null,"M","M","M","$","T","E","R","E","T","M","R","M","R","M","R","B",null,"M","M","$","?","M","R","M","M","T","M","M","?","$","M","R","B",null],"character_chosen":"THE_SILENT","items_purchased":["Backstab","Toolbox","Oddly Smooth Stone"],"campfire_rested":3,"item_purchase_floors":[37,37,47],"current_hp_per_floor":[70,70,68,68,65,65,51,51,51,39,62,58,58,56,56,34,77,73,61,49,49,49,34,66,59,59,58,70,68,77,77,77,74,77,61,39,39,39,48,60,46,41,41,25,15,15,15,41,73,46],"gold":105,"neow_bonus":"UPGRADE_CARD","is_prod":false,"is_daily":false,"chose_seed":false,"campfire_upgraded":7,"win_rate":0,"timestamp":1568425794,"path_taken":["M","$","M","M","M","R","E","R","T","E","R","M","M","M","R","BOSS","M","M","?","$","?","E","R","E","T","M","R","M","R","M","R","BOSS","M","M","$","?","M","R","M","M","T","M","M","?","$","M","R","BOSS"],"build_version":"2019-07-17","purchased_purges":3,"victory":true,"max_hp_per_floor":[70,70,70,70,70,70,77,77,77,77,77,77,77,77,77,77,77,77,77,77,77,77,77,77,77,77,77,77,77,77,77,77,77,77,77,77,77,73,73,73,73,73,73,73,73,73,73,73,73,73],"card_choices":[{"not_picked":["Tactician","Poisoned Stab"],"picked":"Caltrops","floor":1.0},{"not_picked":["Riddle With Holes","Prepared"],"picked":"Sucker Punch","floor":3.0},{"not_picked":["Outmaneuver","Deflect"],"picked":"Terror","floor":4.0},{"not_picked":["Underhanded Strike","Leg Sweep"],"picked":"A Thousand Cuts","floor":5.0},{"not_picked":["Bane","All Out Attack"],"picked":"Backflip","floor":7.0},{"not_picked":["Bouncing Flask","Calculated Gamble"],"picked":"Bullet Time","floor":10.0},{"not_picked":["Tactician","Underhanded Strike","Setup"],"picked":"SKIP","floor":12.0},{"not_picked":["Slice","Flying Knee"],"picked":"Well Laid Plans","floor":13.0},{"not_picked":["Poisoned Stab","Underhanded Strike","Reflex"],"picked":"SKIP","floor":14.0},{"not_picked":["Burst","Night Terror"],"picked":"After Image","floor":16.0},{"not_picked":["Terror","Backflip"],"picked":"Dagger Spray","floor":18},{"not_picked":["Prepared","Heel Hook+1","Outmaneuver"],"picked":"SKIP","floor":19},{"not_picked":["Dagger Spray","Outmaneuver+1","All Out Attack"],"picked":"SKIP","floor":20},{"not_picked":["Backflip","All Out Attack","Quick Slash"],"picked":"SKIP","floor":23},{"not_picked":["Expertise","Poisoned Stab+1"],"picked":"Blur+1","floor":25},{"not_picked":["Underhanded Strike","Slice+1"],"picked":"Cloak And Dagger+1","floor":27},{"not_picked":["Dagger Spray","Acrobatics","Cloak And Dagger"],"picked":"SKIP","floor":29},{"not_picked":["A Thousand Cuts","Blade Dance","Dodge and Roll+1"],"picked":"SKIP","floor":31},{"not_picked":["Burst","Corpse Explosion"],"picked":"Venomology","floor":33},{"not_picked":["All Out Attack","Slice+1","Prepared+1"],"picked":"SKIP","floor":35},{"not_picked":["Deadly Poison+1","Endless Agony","Outmaneuver"],"picked":"SKIP","floor":36},{"not_picked":["Prepared","Bullet Time","Concentrate"],"picked":"SKIP","floor":39},{"not_picked":["Crippling Poison","Choke+1","Prepared"],"picked":"SKIP","floor":41},{"not_picked":["Flying Knee","Deflect+1"],"picked":"Cloak And Dagger+1","floor":42},{"not_picked":["Masterful Stab","Quick Slash","Blade Dance"],"picked":"SKIP","floor":44},{"not_picked":["Poisoned Stab+1","Sucker Punch+1"],"picked":"Dash","floor":45},{"not_picked":["Violence","Enlightenment"],"picked":"Panache+1","floor":46},{"not_picked":["PiercingWail+1","Bane+1","Expertise"],"picked":"SKIP","floor":48}],"player_experience":134832,"relics_obtained":[{"floor":7.0,"key":"Strawberry"},{"floor":9.0,"key":"Boot"},{"floor":10.0,"key":"Matryoshka"},{"floor":22,"key":"Kunai"},{"floor":22,"key":"Lantern"},{"floor":23,"key":"The Courier"},{"floor":25,"key":"Meat on the Bone"},{"floor":26,"key":"Bottled Flame"},{"floor":26,"key":"Gambling Chip"},{"floor":43,"key":"Frozen Egg 2"}],"event_choices":[{"damage_healed":0,"gold_gain":0,"player_choice":"Max HP","damage_taken":0,"max_hp_gain":0,"max_hp_loss":4,"event_name":"Winding Halls","floor":38,"gold_loss":0},{"damage_healed":0,"gold_gain":0,"player_choice":"Memory 1","damage_taken":0,"max_hp_gain":0,"max_hp_loss":0,"event_name":"SensoryStone","floor":46,"gold_loss":0}],"is_beta":false,"boss_relics":[{"not_picked":["WristBlade","HoveringKite"],"picked":"Eternal Feather"},{"not_picked":["Runic Pyramid","Tiny House"],"picked":"Lizard Tail"}],"items_purged_floors":[2,21,37],"is_endless":false,"potions_floor_spawned":[1,7,12,20,25,27,33,35,42,44,45],"ascension_level":0}