{"gold_per_floor":[119,119,142,167,192,192,166,179,206,206,206,249,249,269,269,269],"floor_reached":16,"playtime":1112,"items_purged":[],"score":102,"play_id":"c611ba85-9db5-4b21-98e5-48f37e9da486","local_time":"20190906004531","is_ascension_mode":false,"campfire_choices":[{"data":"Dagger Spray","floor":6,"key":"SMITH"},{"data":"Backflip","floor":10,"key":"SMITH"},{"data":"Prepared","floor":13,"key":"SMITH"},{"floor":15,"key":"REST"}],"neow_cost":"NONE","seed_source_timestamp":0,"circlet_count":0,"master_deck":["Strike_G","Strike_G","Strike_G","Strike_G","Defend_G","Defend_G","Defend_G","Defend_G","Survivor","Neutralize","Underhanded Strike","Backflip+1","Dagger Spray+1","Backflip","Burst","Prepared+1","Flying Knee"],"special_seed":0,"relics":["Ring of the Snake","Golden Idol","Dream Catcher","Vajra"],"potions_floor_usage":[12,16,16],"damage_taken":[{"damage":0.0,"enemies":"2 Louse","floor":1.0,"turns":3.0},{"damage":0.0,"enemies":"Small Slimes","floor":3.0,"turns":4.0},{"damage":0.0,"enemies":"Jaw Worm","floor":4.0,"turns":3.0},{"damage":3.0,"enemies":"Exordium Wildlife","floor":5.0,"turns":5.0},{"damage":0,"enemies":"3 Louse","floor":8,"turns":1},{"damage":27,"enemies":"3 Sentries","floor":12,"turns":11},{"damage":0,"enemies":"2 Fungi Beasts","floor":14,"turns":3},{"damage":48,"enemies":"Hexaghost","floor":16,"turns":12}],"seed_played":"-5723526621354346466","potions_obtained":[{"floor":1.0,"key":"Poison Potion"},{"floor":5,"key":"Strength Potion"},{"floor":14,"key":"SkillPotion"}],"is_trial":false,"path_per_floor":["M","?","M","M","M","R","?","M","T","R","?","E","R","M","R","B"],"character_chosen":"THE_SILENT","items_purchased":[],"campfire_rested":1,"item_purchase_floors":[],"current_hp_per_floor":[70,65,65,65,62,62,62,62,62,62,55,28,28,28,47,0],"gold":269,"neow_bonus":"TRANSFORM_CARD","is_prod":false,"is_daily":false,"chose_seed":false,"campfire_upgraded":3,"win_rate":0.0,"timestamp":1567745131,"path_taken":["M","?","M","M","M","R","?","M","T","R","?","E","R","?","R","BOSS"],"build_version":"2019-07-17","purchased_purges":0,"victory":false,"max_hp_per_floor":[70,65,65,65,65,65,65,65,65,65,65,65,65,65,65,65],"card_choices":[{"not_picked":["PiercingWail","Bane","Tactician"],"picked":"SKIP","floor":1.0},{"not_picked":["Leg Sweep","Predator"],"picked":"Backflip","floor":3.0},{"not_picked":["Bane","Underhanded Strike"],"picked":"Dagger Spray","floor":4.0},{"not_picked":["Dash","PiercingWail"],"picked":"Backflip","floor":5},{"not_picked":["Dagger Spray","Quick Slash"],"picked":"Burst","floor":8},{"not_picked":["Finisher","Flying Knee"],"picked":"Prepared","floor":12},{"not_picked":["Slice","Sucker Punch","Flechettes"],"picked":"SKIP","floor":14},{"not_picked":["Blade Dance","Leg Sweep"],"picked":"Flying Knee","floor":15}],"player_experience":71230,"relics_obtained":[{"floor":9,"key":"Dream Catcher"},{"floor":12,"key":"Vajra"}],"event_choices":[{"damage_healed":0.0,"max_hp_gain":0.0,"max_hp_loss":5.0,"gold_gain":0.0,"event_name":"Golden Idol","player_choice":"Lose Max HP","floor":2.0,"gold_loss":0.0,"damage_taken":0.0,"relics_obtained":["Golden Idol"]},{"damage_healed":0,"gold_gain":0,"player_choice":"Left Gold","damage_taken":0,"max_hp_gain":0,"max_hp_loss":0,"event_name":"World of Goop","floor":7,"gold_loss":26},{"cards_removed":["Defend_G"],"damage_healed":0,"gold_gain":0,"player_choice":"Card Removal","damage_taken":7,"max_hp_gain":0,"max_hp_loss":0,"event_name":"Golden Wing","floor":11,"gold_loss":0}],"is_beta":false,"boss_relics":[],"items_purged_floors":[],"is_endless":false,"potions_floor_spawned":[1,5,14],"killed_by":"Hexaghost","ascension_level":0}