{"gold_per_floor":[109,34,47,122,132,159,159,190,237,237,250,264,299,299,299,400,400,414,112,112,131,81,81],"floor_reached":23,"playtime":1137,"items_purged":["Strike_R","Strike_R","Strike_R"],"score":230,"play_id":"baeed241-fd85-4669-8621-3678fbe7d05a","local_time":"20190915155237","is_ascension_mode":true,"campfire_choices":[{"data":"Cleave","floor":7,"key":"SMITH"},{"data":"Iron Wave","floor":15,"key":"SMITH"}],"neow_cost":"NONE","seed_source_timestamp":325511738688200,"circlet_count":0,"master_deck":["Strike_R","Strike_R","Defend_R","Defend_R","Defend_R","Bash","Iron Wave+1","Cleave+1","Flame Barrier","Rampage","Shrug It Off","Demon Form","Pummel","Shrug It Off","Finesse"],"relics":["Burning Blood","Ancient Tea Set","Meat on the Bone","Orichalcum","Smiling Mask","Paper Frog","Sozu","Blood Vial","Enchiridion"],"potions_floor_usage":[6,16,23],"damage_taken":[{"damage":7,"enemies":"Small Slimes","floor":1,"turns":4},{"damage":4,"enemies":"Jaw Worm","floor":3,"turns":4},{"damage":5,"enemies":"2 Louse","floor":5,"turns":2},{"damage":18,"enemies":"Gremlin Nob","floor":6,"turns":4},{"damage":31,"enemies":"Lagavulin","floor":8,"turns":6},{"damage":6,"enemies":"Exordium Wildlife","floor":11,"turns":5},{"damage":7,"enemies":"2 Fungi Beasts","floor":12,"turns":3},{"damage":17,"enemies":"Gremlin Nob","floor":13,"turns":4},{"damage":28,"enemies":"The Guardian","floor":16,"turns":12},{"damage":16,"enemies":"Spheric Guardian","floor":18,"turns":4},{"damage":11,"enemies":"2 Thieves","floor":21,"turns":3},{"damage":66,"enemies":"Slavers","floor":23,"turns":4}],"seed_played":"1569963461250768232","potions_obtained":[{"floor":1,"key":"Block Potion"},{"floor":3,"key":"Fire Potion"},{"floor":11,"key":"Swift Potion"},{"floor":12,"key":"Swift Potion"}],"is_trial":false,"path_per_floor":["M","$","M","?","M","E","R","E","T","?","M","M","E","?","R","B",null,"M","$","?","M","$","E"],"character_chosen":"IRONCLAD","items_purchased":["Shrug It Off","Finesse","Blood Vial"],"campfire_rested":0,"item_purchase_floors":[19,19,19],"current_hp_per_floor":[79,79,80,69,70,58,58,45,45,71,71,70,59,59,59,49,80,70,70,54,51,51,0],"gold":81,"neow_bonus":"RANDOM_COMMON_RELIC","is_prod":false,"is_daily":false,"chose_seed":false,"campfire_upgraded":2,"win_rate":0,"timestamp":1568577157,"path_taken":["M","$","M","?","M","E","R","E","T","?","?","M","E","?","R","BOSS","M","$","?","M","$","E"],"build_version":"2019-07-17","purchased_purges":3,"victory":false,"max_hp_per_floor":[80,80,80,80,80,80,80,80,80,80,80,80,80,80,80,80,80,80,80,80,80,80,80],"card_choices":[{"not_picked":["Rupture","Anger","Reckless Charge"],"picked":"SKIP","floor":1},{"not_picked":["Heavy Blade","Perfected Strike"],"picked":"Iron Wave","floor":3},{"not_picked":["Sword Boomerang","Uppercut"],"picked":"Cleave","floor":5},{"not_picked":["Dropkick","Warcry","Intimidate"],"picked":"SKIP","floor":6},{"not_picked":["Combust","Dual Wield"],"picked":"Flame Barrier","floor":8},{"not_picked":["Cleave","Sword Boomerang"],"picked":"Rampage","floor":11},{"not_picked":["Pummel","Power Through","Reckless Charge"],"picked":"SKIP","floor":12},{"not_picked":["Dropkick","Cleave"],"picked":"Shrug It Off","floor":13},{"not_picked":["Impervious","Limit Break"],"picked":"Demon Form","floor":16},{"not_picked":["Twin Strike","Searing Blow"],"picked":"Pummel","floor":18},{"not_picked":["Evolve","True Grit","Sword Boomerang+1"],"picked":"SKIP","floor":21}],"player_experience":189861,"relics_obtained":[{"floor":6,"key":"Meat on the Bone"},{"floor":8,"key":"Orichalcum"},{"floor":9,"key":"Smiling Mask"},{"floor":13,"key":"Paper Frog"},{"floor":20,"key":"Enchiridion"}],"event_choices":[{"damage_healed":0,"gold_gain":75,"player_choice":"Gather Gold","damage_taken":11,"max_hp_gain":0,"max_hp_loss":0,"event_name":"World of Goop","floor":4,"gold_loss":0},{"damage_healed":26,"gold_gain":0,"player_choice":"Banana","damage_taken":0,"max_hp_gain":0,"max_hp_loss":0,"event_name":"Big Fish","floor":10,"gold_loss":0},{"cards_removed":["Defend_R"],"damage_healed":0,"gold_gain":0,"player_choice":"Forget","damage_taken":0,"max_hp_gain":0,"max_hp_loss":0,"event_name":"Living Wall","floor":14,"gold_loss":0},{"damage_healed":0,"gold_gain":0,"player_choice":"Obtained Book","damage_taken":16,"max_hp_gain":0,"max_hp_loss":0,"event_name":"Cursed Tome","floor":20,"gold_loss":0}],"is_beta":false,"boss_relics":[{"not_picked":["Snecko Eye","Astrolabe"],"picked":"Sozu"}],"items_purged_floors":[2,19,22],"is_endless":false,"potions_floor_spawned":[1,3,11,12,21],"killed_by":"Slavers","ascension_level":2}