{"gold_per_floor":[110,130,130,149,162,162,190,190,217,217,90,90,100,112,112,217,217,229,229,26,37,52,2,2,37,37,56,56,56,6,17,17,119,119,131,0,11,31,46,72,172,172,198,198,198,223,91,111,111,111],"floor_reached":51,"playtime":3945,"items_purged":["Strike_R","Strike_R","Strike_R","Strike_R","Strike_R"],"score":777,"play_id":"674bf5aa-234c-4686-abf2-e9c0bf397714","local_time":"20190914111212","is_ascension_mode":false,"campfire_choices":[{"data":"Spot Weakness","floor":6,"key":"SMITH"},{"data":"Thunderclap","floor":8,"key":"SMITH"},{"data":"Shrug It Off","floor":10,"key":"SMITH"},{"data":"Metallicize","floor":12,"key":"SMITH"},{"data":"Clothesline","floor":15,"key":"SMITH"},{"floor":24,"key":"REST"},{"data":"Ghostly Armor","floor":28,"key":"SMITH"},{"data":"J.A.X.","floor":32,"key":"SMITH"},{"data":"Bash","floor":42,"key":"SMITH"},{"data":"Pommel Strike","floor":44,"key":"SMITH"},{"data":"Offering","floor":49,"key":"SMITH"}],"neow_cost":"NONE","seed_source_timestamp":219462617190600,"circlet_count":0,"master_deck":["Defend_R","Defend_R","Defend_R","Defend_R","Bash+1","Offering+1","Shrug It Off+1","Spot Weakness+1","Seeing Red","Thunderclap+1","Metallicize+1","Reaper","Ghostly Armor+1","Pommel Strike+1","J.A.X.+1","Impervious","Pummel"],"relics":["Burning Blood","Ancient Tea Set","Smiling Mask","Black Star","Nilry\u0027s Codex","Orichalcum","Omamori","Mercury Hourglass","Anchor","Busted Crown","Red Mask","Incense Burner","Regal Pillow","Gambling Chip","Blood Vial","Vajra","Potion Belt"],"potions_floor_usage":[7,16,22,25,33,46,50,50],"damage_taken":[{"damage":7,"enemies":"Cultist","floor":1,"turns":3},{"damage":6,"enemies":"Small Slimes","floor":2,"turns":3},{"damage":6,"enemies":"Jaw Worm","floor":4,"turns":2},{"damage":1,"enemies":"Exordium Wildlife","floor":5,"turns":3},{"damage":8,"enemies":"Gremlin Nob","floor":7,"turns":3},{"damage":13,"enemies":"Large Slime","floor":13,"turns":6},{"damage":9,"enemies":"3 Louse","floor":14,"turns":2},{"damage":50,"enemies":"Hexaghost","floor":16,"turns":11},{"damage":30,"enemies":"Spheric Guardian","floor":18,"turns":6},{"damage":12,"enemies":"Shell Parasite","floor":21,"turns":8},{"damage":39,"enemies":"Sentry and Sphere","floor":22,"turns":8},{"damage":17,"enemies":"Book of Stabbing","floor":25,"turns":8},{"damage":12,"enemies":"Snake Plant","floor":27,"turns":6},{"damage":11,"enemies":"Snecko","floor":31,"turns":4},{"damage":71,"enemies":"Automaton","floor":33,"turns":10},{"damage":24,"enemies":"3 Darklings","floor":35,"turns":4},{"damage":2,"enemies":"3 Shapes","floor":37,"turns":2},{"damage":6,"enemies":"Transient","floor":38,"turns":5},{"damage":15,"enemies":"Writhing Mass","floor":39,"turns":7},{"damage":23,"enemies":"Reptomancer","floor":40,"turns":6},{"damage":16,"enemies":"Mind Bloom Boss Battle","floor":41,"turns":6},{"damage":23,"enemies":"Giant Head","floor":46,"turns":7},{"damage":35,"enemies":"3 Darklings","floor":48,"turns":4},{"damage":50,"enemies":"Donu and Deca","floor":50,"turns":9}],"seed_played":"6730201738784910178","potions_obtained":[{"floor":1,"key":"BloodPotion"},{"floor":5,"key":"FearPotion"},{"floor":13,"key":"AttackPotion"},{"floor":14,"key":"LiquidBronze"},{"floor":22,"key":"Swift Potion"},{"floor":33,"key":"FairyPotion"},{"floor":37,"key":"EssenceOfSteel"},{"floor":41,"key":"SkillPotion"},{"floor":48,"key":"EssenceOfSteel"}],"is_trial":false,"path_per_floor":["M","M","?","M","M","R","E","R","T","R","$","R","M","M","R","B",null,"M","?","$","M","M","$","R","E","T","M","R","?","$","M","R","B",null,"M","?","M","M","M","E","?","R","T","R","?","E","$","M","R","B",null],"character_chosen":"IRONCLAD","items_purchased":["Metallicize","Orichalcum","Pummel"],"campfire_rested":1,"item_purchase_floors":[11,20,47],"current_hp_per_floor":[79,79,79,79,80,80,78,78,78,78,78,78,71,68,68,24,80,56,40,40,46,37,37,61,50,50,52,52,52,52,56,56,12,80,76,76,80,80,80,74,79,79,79,79,79,75,75,80,80,59],"gold":111,"neow_bonus":"ONE_RANDOM_RARE_CARD","is_prod":false,"is_daily":false,"chose_seed":false,"campfire_upgraded":10,"win_rate":0,"timestamp":1568473932,"path_taken":["M","M","?","M","M","R","E","R","T","R","$","R","M","M","R","BOSS","M","?","$","M","M","$","R","E","T","M","R","?","?","M","R","BOSS","M","?","M","M","M","E","?","R","T","R","?","E","$","M","R","BOSS"],"build_version":"2019-07-17","purchased_purges":5,"victory":true,"max_hp_per_floor":[80,80,80,80,80,80,80,80,80,80,80,80,80,80,80,80,80,80,80,80,80,80,80,80,80,80,80,80,80,80,80,80,80,80,80,80,80,80,80,80,80,80,80,80,80,80,80,80,80,80],"card_choices":[{"not_picked":["Battle Trance","Rupture"],"picked":"Shrug It Off","floor":1},{"not_picked":["Rage","True Grit"],"picked":"Spot Weakness","floor":2},{"not_picked":["Battle Trance","Havoc"],"picked":"Seeing Red","floor":4},{"not_picked":["Entrench","True Grit"],"picked":"Clothesline","floor":5},{"not_picked":["Flex","Juggernaut"],"picked":"Thunderclap","floor":7},{"not_picked":["Searing Blow","Havoc","Cleave"],"picked":"SKIP","floor":13},{"not_picked":["True Grit","Clash","Sentinel"],"picked":"SKIP","floor":14},{"not_picked":["Bludgeon","Berserk"],"picked":"Reaper","floor":16},{"not_picked":["Flex","Sword Boomerang"],"picked":"Ghostly Armor","floor":18},{"not_picked":["Warcry","Cleave","Heavy Blade"],"picked":"SKIP","floor":21},{"not_picked":["Body Slam","Cleave","Wild Strike"],"picked":"SKIP","floor":22},{"not_picked":["Dark Embrace","Ghostly Armor+1","Dual Wield"],"picked":"SKIP","floor":25},{"not_picked":["Wild Strike","Clothesline+1"],"picked":"Pommel Strike","floor":27},{"not_picked":["Cleave","Flex","Sword Boomerang"],"picked":"SKIP","floor":31},{"not_picked":["Double Tap","Demon Form"],"picked":"Impervious","floor":33},{"not_picked":["Clothesline"],"picked":"SKIP","floor":35},{"not_picked":["Clash"],"picked":"SKIP","floor":37},{"not_picked":["Power Through+1"],"picked":"SKIP","floor":38},{"not_picked":["Warcry"],"picked":"SKIP","floor":39},{"not_picked":["Heavy Blade"],"picked":"SKIP","floor":40},{"not_picked":["Clash"],"picked":"SKIP","floor":46},{"not_picked":["Anger"],"picked":"SKIP","floor":48}],"player_experience":152659,"relics_obtained":[{"floor":7,"key":"Ancient Tea Set"},{"floor":9,"key":"Smiling Mask"},{"floor":19,"key":"Nilry\u0027s Codex"},{"floor":25,"key":"Omamori"},{"floor":25,"key":"Mercury Hourglass"},{"floor":26,"key":"Anchor"},{"floor":40,"key":"Incense Burner"},{"floor":40,"key":"Regal Pillow"},{"floor":41,"key":"Gambling Chip"},{"floor":43,"key":"Blood Vial"},{"floor":46,"key":"Vajra"},{"floor":46,"key":"Potion Belt"}],"event_choices":[{"damage_healed":0,"gold_gain":0,"player_choice":"Ignored","damage_taken":0,"max_hp_gain":0,"max_hp_loss":0,"event_name":"Liars Game","floor":3,"gold_loss":0},{"damage_healed":0,"gold_gain":0,"player_choice":"Obtained Book","damage_taken":16,"max_hp_gain":0,"max_hp_loss":0,"event_name":"Cursed Tome","floor":19,"gold_loss":0},{"damage_healed":0,"gold_gain":0,"player_choice":"Obtain J.A.X.","damage_taken":0,"max_hp_gain":0,"max_hp_loss":0,"event_name":"Drug Dealer","floor":29,"gold_loss":0,"cards_obtained":["J.A.X."]},{"damage_healed":0,"gold_gain":0,"player_choice":"Paid","damage_taken":0,"relics_obtained":["Red Mask"],"max_hp_gain":0,"max_hp_loss":0,"event_name":"Tomb of Lord Red Mask","floor":36,"gold_loss":131},{"damage_healed":0,"gold_gain":0,"player_choice":"Fight","damage_taken":0,"max_hp_gain":0,"max_hp_loss":0,"event_name":"MindBloom","floor":41,"gold_loss":0},{"cards_removed":["Clothesline"],"damage_healed":0,"gold_gain":0,"player_choice":"Removed Attack","damage_taken":0,"max_hp_gain":0,"max_hp_loss":0,"event_name":"Falling","floor":45,"gold_loss":0}],"is_beta":false,"boss_relics":[{"not_picked":["Snecko Eye","Lizard Tail"],"picked":"Black Star"},{"not_picked":["Tiny House","Mark of Pain"],"picked":"Busted Crown"}],"items_purged_floors":[11,20,23,30,47],"is_endless":false,"potions_floor_spawned":[1,5,13,14,22,33,37,41,48],"ascension_level":0}