{"gold_per_floor":[214,214,224,244,169,169,196,196,222,222,25,44,55,82,82,177,177,193,140,15,29,29,29],"floor_reached":23,"playtime":1281,"items_purged":["Strike_R","Parasite","Strike_R"],"score":279,"play_id":"114da184-2af6-4410-944d-de6aa2ba03b4","local_time":"20190920231732","is_ascension_mode":true,"campfire_choices":[{"data":"Whirlwind","floor":6,"key":"SMITH"},{"data":"Shrug It Off","floor":10,"key":"SMITH"},{"floor":15,"key":"REST"}],"neow_cost":"NONE","seed_source_timestamp":784081611961100,"circlet_count":0,"master_deck":["Strike_R","Strike_R","Strike_R","Defend_R","Defend_R","Defend_R","Defend_R","Bash","Sword Boomerang","Shrug It Off+1","Whirlwind+1","Demon Form","Bandage Up","Bloodletting","Armaments","Iron Wave","Limit Break","Shrug It Off"],"relics":["Burning Blood","Vajra","Dream Catcher","Regal Pillow","Runic Pyramid","Centennial Puzzle"],"potions_floor_usage":[14,16,23],"damage_taken":[{"damage":1,"enemies":"Jaw Worm","floor":1,"turns":5},{"damage":12,"enemies":"Small Slimes","floor":3,"turns":4},{"damage":2,"enemies":"Cultist","floor":4,"turns":4},{"damage":66,"enemies":"Lagavulin","floor":7,"turns":8},{"damage":13,"enemies":"Exordium Wildlife","floor":12,"turns":4},{"damage":7,"enemies":"Large Slime","floor":13,"turns":5},{"damage":14,"enemies":"3 Sentries","floor":14,"turns":6},{"damage":42,"enemies":"Hexaghost","floor":16,"turns":8},{"damage":42,"enemies":"Shell Parasite","floor":18,"turns":8},{"damage":11,"enemies":"3 Byrds","floor":21,"turns":6},{"damage":49,"enemies":"Book of Stabbing","floor":23,"turns":5}],"seed_played":"8106687235589429924","potions_obtained":[{"floor":3,"key":"EssenceOfSteel"},{"floor":4,"key":"Swift Potion"},{"floor":12,"key":"GamblersBrew"},{"floor":21,"key":"Fire Potion"}],"is_trial":false,"path_per_floor":["M","?","M","M","$","R","E","?","T","R","$","M","M","E","R","B",null,"M","?","$","M","$","E"],"character_chosen":"IRONCLAD","items_purchased":["Bandage Up"],"campfire_rested":1,"item_purchase_floors":[11],"current_hp_per_floor":[77,82,76,80,80,80,20,41,41,41,41,38,41,37,76,44,73,41,41,41,40,40,0],"gold":29,"neow_bonus":"HUNDRED_GOLD","is_prod":false,"is_daily":false,"chose_seed":false,"campfire_upgraded":2,"win_rate":0,"timestamp":1569035852,"path_taken":["M","?","M","M","$","R","E","?","T","R","?","M","M","E","R","BOSS","M","?","$","M","?","E"],"build_version":"2019-07-17","purchased_purges":3,"victory":false,"max_hp_per_floor":[80,85,85,85,85,85,85,85,85,85,82,82,82,82,82,82,82,82,82,82,82,82,82],"card_choices":[{"not_picked":["Heavy Blade","Rage"],"picked":"Sword Boomerang","floor":1},{"not_picked":["Uppercut","Thunderclap"],"picked":"Shrug It Off","floor":3},{"not_picked":["Rage","Spot Weakness"],"picked":"Whirlwind","floor":4},{"not_picked":["Second Wind","Infernal Blade"],"picked":"Demon Form","floor":7},{"not_picked":["Flex","Fire Breathing"],"picked":"Bloodletting","floor":12},{"not_picked":["Blood for Blood","Thunderclap"],"picked":"Armaments","floor":13},{"not_picked":["Dropkick","Immolate"],"picked":"Iron Wave","floor":14},{"not_picked":["Double Tap","Brutality"],"picked":"Limit Break","floor":16},{"not_picked":["Warcry","Rage+1"],"picked":"Shrug It Off","floor":18},{"not_picked":["Rage","True Grit","Headbutt"],"picked":"SKIP","floor":21}],"player_experience":220756,"relics_obtained":[{"floor":7,"key":"Vajra"},{"floor":9,"key":"Dream Catcher"},{"floor":14,"key":"Regal Pillow"}],"event_choices":[{"damage_healed":0,"gold_gain":0,"player_choice":"Donut","damage_taken":0,"max_hp_gain":5,"max_hp_loss":0,"event_name":"Big Fish","floor":2,"gold_loss":0},{"damage_healed":21,"gold_gain":0,"player_choice":"Healed and dodged fight","damage_taken":0,"max_hp_gain":0,"max_hp_loss":0,"event_name":"Mushrooms","floor":8,"gold_loss":0,"cards_obtained":["Parasite"]},{"damage_healed":0,"gold_gain":0,"player_choice":"Paid Gold","damage_taken":0,"relics_obtained":["Centennial Puzzle"],"max_hp_gain":0,"max_hp_loss":0,"event_name":"WeMeetAgain","floor":19,"gold_loss":53}],"is_beta":false,"boss_relics":[{"not_picked":["Black Star","Lizard Tail"],"picked":"Runic Pyramid"}],"items_purged_floors":[5,11,20],"is_endless":false,"potions_floor_spawned":[3,4,12,21],"killed_by":"Book of Stabbing","ascension_level":8}