{"gold_per_floor":[118,133,208,208,220,71,41,71,71,90,107,107,141,153,153,254,254,271,171,183,58,71,71,71,71,118,118,118,138,138,166,166,266,266,276,296,296,309,327,327,337,337,337,187,187,198,0,34,34,34],"floor_reached":51,"playtime":4823,"items_purged":["Strike_G","Strike_G","Defend_G","Defend_G"],"score":657,"play_id":"99b28cbb-d225-48c9-8e74-8b8a9f5a5ce7","local_time":"20191005135109","is_ascension_mode":false,"campfire_choices":[{"floor":12.0,"key":"REST"},{"data":"A Thousand Cuts","floor":15.0,"key":"SMITH"},{"floor":23.0,"key":"REST"},{"data":"Night Terror","floor":25.0,"key":"SMITH"},{"data":"Backflip","floor":28.0,"key":"SMITH"},{"floor":32.0,"key":"REST"},{"floor":40,"key":"REST"},{"data":"Well Laid Plans","floor":42,"key":"SMITH"},{"floor":45,"key":"REST"},{"floor":49,"key":"REST"}],"neow_cost":"NONE","seed_source_timestamp":0,"circlet_count":0,"master_deck":["Strike_G+1","Defend_G","Survivor","Neutralize+1","Quick Slash","Blur","Dash","Well Laid Plans+1","Infinite Blades","Backflip+1","Flying Knee+1","A Thousand Cuts+1","Night Terror+1","Blade Dance+1","Deflect+1","Flechettes+1","Terror","Quick Slash+1","Footwork","Adrenaline","Prepared","Prepared+1","Envenom+1","Cloak And Dagger+1"],"special_seed":0,"relics":["Ring of the Snake","Strawberry","Blue Candle","Molten Egg 2","Whetstone","Astrolabe","Nilry\u0027s Codex","Anchor","Gambling Chip","Bottled Tornado","Calling Bell","Art of War","Frozen Egg 2","Pocketwatch","Kunai","Red Mask","Centennial Puzzle"],"potions_floor_usage":[38,50,50],"damage_taken":[{"damage":0.0,"enemies":"2 Louse","floor":1.0,"turns":4.0},{"damage":0.0,"enemies":"Jaw Worm","floor":2.0,"turns":3.0},{"damage":2.0,"enemies":"Small Slimes","floor":5.0,"turns":4.0},{"damage":2.0,"enemies":"Looter","floor":7.0,"turns":4.0},{"damage":13.0,"enemies":"3 Sentries","floor":8.0,"turns":10.0},{"damage":2.0,"enemies":"Blue Slaver","floor":10.0,"turns":4.0},{"damage":12.0,"enemies":"Exordium Thugs","floor":11.0,"turns":6.0},{"damage":15.0,"enemies":"Lagavulin","floor":13.0,"turns":8.0},{"damage":2.0,"enemies":"Looter","floor":14.0,"turns":4.0},{"damage":13.0,"enemies":"Hexaghost","floor":16.0,"turns":9.0},{"damage":4.0,"enemies":"Chosen","floor":18.0,"turns":6.0},{"damage":15.0,"enemies":"2 Thieves","floor":20.0,"turns":4.0},{"damage":18.0,"enemies":"3 Cultists","floor":22.0,"turns":5.0},{"damage":15.0,"enemies":"Centurion and Healer","floor":29.0,"turns":4.0},{"damage":10.0,"enemies":"Book of Stabbing","floor":31.0,"turns":9.0},{"damage":23.0,"enemies":"Automaton","floor":33.0,"turns":12.0},{"damage":12.0,"enemies":"3 Darklings","floor":35.0,"turns":8.0},{"damage":5.0,"enemies":"3 Shapes","floor":36.0,"turns":3.0},{"damage":25,"enemies":"Writhing Mass","floor":38,"turns":9},{"damage":24,"enemies":"3 Darklings","floor":39,"turns":5},{"damage":0,"enemies":"Transient","floor":41,"turns":5},{"damage":10,"enemies":"Jaw Worm Horde","floor":46,"turns":4},{"damage":7,"enemies":"Reptomancer","floor":48,"turns":5},{"damage":42,"enemies":"Donu and Deca","floor":50,"turns":9}],"seed_played":"8638889434185194195","potions_obtained":[{"floor":10.0,"key":"Swift Potion"},{"floor":11.0,"key":"Regen Potion"},{"floor":16.0,"key":"FearPotion"},{"floor":18.0,"key":"Block Potion"},{"floor":20.0,"key":"Dexterity Potion"},{"floor":29.0,"key":"AttackPotion"},{"floor":31.0,"key":"Dexterity Potion"},{"floor":35.0,"key":"GhostInAJar"},{"floor":36.0,"key":"SkillPotion"},{"floor":41,"key":"GhostInAJar"},{"floor":48,"key":"SteroidPotion"}],"is_trial":false,"path_per_floor":["M","M","?","?","M","$","M","E","T","M","M","R","E","M","R","B",null,"M","$","M","$","M","R","?","R","T","?","R","M","?","E","R","B",null,"M","M","?","M","M","R","M","R","T","$","R","M","?","E","R","B",null],"character_chosen":"THE_SILENT","items_purchased":["Well Laid Plans"],"campfire_rested":6,"item_purchase_floors":[6],"current_hp_per_floor":[77,77,66,66,64,64,62,49,49,47,35,58,55,53,53,40,77,73,73,58,58,40,63,47,47,47,47,47,32,32,22,45,22,77,65,60,60,35,11,34,34,34,34,34,57,47,47,40,63,21],"gold":34,"neow_bonus":"RANDOM_COMMON_RELIC","is_prod":false,"is_daily":false,"chose_seed":false,"campfire_upgraded":4,"win_rate":0,"timestamp":1570297869,"path_taken":["M","M","?","?","M","$","M","E","T","M","M","R","E","M","R","BOSS","M","$","M","$","M","R","?","R","T","?","R","M","?","E","R","BOSS","M","M","?","M","M","R","M","R","T","?","R","M","?","E","R","BOSS"],"build_version":"2019-07-17","purchased_purges":4,"victory":true,"max_hp_per_floor":[77,77,77,77,77,77,77,77,77,77,77,77,77,77,77,77,77,77,77,77,77,77,77,77,77,77,77,77,77,77,77,77,77,77,77,77,77,77,77,77,77,77,77,77,77,77,77,77,77,77],"card_choices":[{"not_picked":["Slice","Acrobatics"],"picked":"Quick Slash","floor":1.0},{"not_picked":["Deadly Poison","Dodge and Roll"],"picked":"Blur","floor":2.0},{"not_picked":["Cloak And Dagger","Setup"],"picked":"Dash","floor":5.0},{"not_picked":["Backflip","Bane"],"picked":"Infinite Blades","floor":7.0},{"not_picked":["Dodge and Roll","Poisoned Stab"],"picked":"Backflip","floor":8.0},{"not_picked":["Reflex","Bane+1","Dodge and Roll"],"picked":"SKIP","floor":10.0},{"not_picked":["Sucker Punch+1","Tactician"],"picked":"Flying Knee+1","floor":11.0},{"not_picked":["Outmaneuver","Cloak And Dagger"],"picked":"A Thousand Cuts","floor":13.0},{"not_picked":["Blade Dance","Noxious Fumes","Crippling Poison"],"picked":"SKIP","floor":14.0},{"not_picked":["Phantasmal Killer","Doppelganger"],"picked":"Night Terror","floor":16.0},{"not_picked":["Dagger Throw+1","Skewer+1","PiercingWail"],"picked":"SKIP","floor":18.0},{"not_picked":["Dagger Throw+1","Poisoned Stab+1"],"picked":"Terror","floor":20.0},{"not_picked":["PiercingWail","Sucker Punch+1"],"picked":"Quick Slash+1","floor":22.0},{"not_picked":["Terror","Deadly Poison"],"picked":"Footwork","floor":29.0},{"not_picked":["Slice+1","Blade Dance","Dagger Throw+1"],"picked":"SKIP","floor":31.0},{"not_picked":["Night Terror","Storm of Steel"],"picked":"Adrenaline","floor":33.0},{"not_picked":["Bane+1","Poisoned Stab+1","Backflip+1"],"picked":"SKIP","floor":35.0},{"not_picked":["PiercingWail+1","Backflip+1"],"picked":"Prepared","floor":36.0},{"not_picked":["Terror","Catalyst+1","Eviscerate+1"],"picked":"SKIP","floor":38},{"not_picked":["Dodge and Roll","Infinite Blades+1"],"picked":"Prepared+1","floor":39},{"not_picked":["Underhanded Strike+1","Bane+1"],"picked":"Envenom+1","floor":41},{"not_picked":["Endless Agony+1","Flying Knee+1","Sucker Punch+1"],"picked":"SKIP","floor":46},{"not_picked":["Heel Hook+1","Dodge and Roll"],"picked":"Cloak And Dagger+1","floor":48}],"player_experience":332287,"relics_obtained":[{"floor":8.0,"key":"Blue Candle"},{"floor":9.0,"key":"Molten Egg 2"},{"floor":13.0,"key":"Whetstone"},{"floor":24.0,"key":"Nilry\u0027s Codex"},{"floor":26.0,"key":"Anchor"},{"floor":30.0,"key":"Gambling Chip"},{"floor":31.0,"key":"Bottled Tornado"},{"floor":34.0,"key":"Art of War"},{"floor":34.0,"key":"Frozen Egg 2"},{"floor":34.0,"key":"Pocketwatch"},{"floor":43,"key":"Kunai"},{"floor":48,"key":"Centennial Puzzle"}],"event_choices":[{"damage_healed":0.0,"max_hp_gain":0.0,"max_hp_loss":0.0,"gold_gain":75.0,"event_name":"World of Goop","player_choice":"Gather Gold","floor":3.0,"gold_loss":0.0,"damage_taken":11.0},{"damage_healed":0.0,"max_hp_gain":0.0,"max_hp_loss":0.0,"gold_gain":0.0,"event_name":"Liars Game","player_choice":"Ignored","floor":4.0,"gold_loss":0.0,"damage_taken":0.0},{"damage_healed":0.0,"max_hp_gain":0.0,"max_hp_loss":0.0,"gold_gain":0.0,"event_name":"Cursed Tome","player_choice":"Obtained Book","floor":24.0,"gold_loss":0.0,"damage_taken":16.0},{"cards_removed":["Strike_G"],"damage_healed":0.0,"max_hp_gain":0.0,"max_hp_loss":0.0,"gold_gain":0.0,"event_name":"Back to Basics","player_choice":"Elegance","floor":27.0,"gold_loss":0.0,"damage_taken":0.0},{"damage_healed":0.0,"max_hp_gain":0.0,"max_hp_loss":0.0,"gold_gain":0.0,"event_name":"Wheel of Change","player_choice":"Relic","floor":30.0,"gold_loss":0.0,"damage_taken":0.0},{"cards_removed":["Clumsy","Regret","Writhe"],"damage_healed":0.0,"max_hp_gain":0.0,"max_hp_loss":0.0,"gold_gain":0.0,"event_name":"Fountain of Cleansing","player_choice":"Removed Curses","floor":37.0,"gold_loss":0.0,"damage_taken":0.0},{"damage_healed":0,"gold_gain":0,"player_choice":"Paid","damage_taken":0,"relics_obtained":["Red Mask"],"max_hp_gain":0,"max_hp_loss":0,"event_name":"Tomb of Lord Red Mask","floor":47,"gold_loss":198}],"is_beta":false,"boss_relics":[{"not_picked":["WristBlade","Cursed Key"],"picked":"Astrolabe"},{"not_picked":["White Beast Statue","Empty Cage"],"picked":"Calling Bell"}],"items_purged_floors":[6,19,21,44],"is_endless":false,"potions_floor_spawned":[10,11,16,18,20,29,31,35,36,41,48],"ascension_level":0}