{"gold_per_floor":[116,136,61,78,89,115,129,129,129,29,29,55,73,92,92,191,191,209,209,226,25,44,44,76,76,155,168,168,184,200,200,200,301,301,318,332,35,35,49,49,67,67,91,138,167,179,217,242,254,266],"floor_reached":51,"playtime":3488,"items_purged":["Strike_R","Defend_R","Defend_R","Defend_R"],"score":822,"play_id":"e1057a57-832d-4b17-9a61-f2c8575016ee","local_time":"20190915235310","is_ascension_mode":true,"campfire_choices":[{"data":"Juggernaut","floor":8,"key":"SMITH"},{"data":"Cleave","floor":11,"key":"SMITH"},{"floor":15,"key":"REST"},{"data":"Rage","floor":23,"key":"SMITH"},{"data":"Rage","floor":28,"key":"SMITH"},{"floor":32,"key":"REST"},{"data":"Rampage","floor":40,"key":"SMITH"},{"floor":42,"key":"REST"},{"data":"Strike_R","floor":46,"key":"SMITH"},{"data":"Brutality","floor":49,"key":"SMITH"}],"neow_cost":"PERCENT_DAMAGE","seed_source_timestamp":351986006508700,"circlet_count":0,"master_deck":["Strike_R+1","Strike_R+1","Defend_R","Bash+1","Rage+1","Juggernaut+1","Rampage+1","Cleave+1","Reaper","Rage+1","Brutality+1","Inflame","Shockwave+1","Demon Form+1"],"relics":["Burning Blood","Pear","Gremlin Horn","Matryoshka","Runic Pyramid","Shuriken","Mummified Hand","Boot","Molten Egg 2","Lizard Tail","Whetstone","Regal Pillow","MawBank","Charon\u0027s Ashes","Sundial"],"potions_floor_usage":[13,16,22,33,50,50,50],"damage_taken":[{"damage":1,"enemies":"Cultist","floor":1,"turns":4},{"damage":5,"enemies":"2 Louse","floor":2,"turns":3},{"damage":0,"enemies":"Small Slimes","floor":4,"turns":2},{"damage":1,"enemies":"Looter","floor":5,"turns":4},{"damage":29,"enemies":"Gremlin Nob","floor":6,"turns":4},{"damage":17,"enemies":"Exordium Thugs","floor":7,"turns":5},{"damage":15,"enemies":"Lagavulin","floor":12,"turns":5},{"damage":3,"enemies":"Large Slime","floor":13,"turns":5},{"damage":13,"enemies":"Looter","floor":14,"turns":3},{"damage":55,"enemies":"Hexaghost","floor":16,"turns":9},{"damage":8,"enemies":"Chosen","floor":18,"turns":5},{"damage":39,"enemies":"3 Byrds","floor":20,"turns":4},{"damage":21,"enemies":"Cultist and Chosen","floor":22,"turns":5},{"damage":15,"enemies":"Gremlin Leader","floor":24,"turns":4},{"damage":43,"enemies":"Chosen and Byrds","floor":27,"turns":5},{"damage":13,"enemies":"Sentry and Sphere","floor":29,"turns":4},{"damage":24,"enemies":"Shelled Parasite and Fungi","floor":30,"turns":4},{"damage":17,"enemies":"Collector","floor":33,"turns":6},{"damage":22,"enemies":"Orb Walker","floor":35,"turns":4},{"damage":27,"enemies":"3 Darklings","floor":36,"turns":4},{"damage":26,"enemies":"4 Shapes","floor":39,"turns":3},{"damage":35,"enemies":"Sphere and 2 Shapes","floor":41,"turns":5},{"damage":14,"enemies":"Reptomancer","floor":44,"turns":4},{"damage":16,"enemies":"Maw","floor":45,"turns":7},{"damage":46,"enemies":"Nemesis","floor":47,"turns":7},{"damage":15,"enemies":"3 Darklings","floor":48,"turns":3},{"damage":49,"enemies":"Time Eater","floor":50,"turns":7}],"seed_played":"-4719661009898214442","potions_obtained":[{"floor":1,"key":"Ancient Potion"},{"floor":2,"key":"Explosive Potion"},{"floor":6,"key":"SkillPotion"},{"floor":14,"key":"Ancient Potion"},{"floor":20,"key":"Poison Potion"},{"floor":22,"key":"Ancient Potion"},{"floor":27,"key":"Dexterity Potion"},{"floor":30,"key":"Strength Potion"},{"floor":36,"key":"SpeedPotion"},{"floor":41,"key":"BloodPotion"}],"is_trial":false,"path_per_floor":["M","M","$","M","M","E","M","R","T","$","R","E","M","M","R","B",null,"M","?","M","$","M","R","E","$","T","M","R","M","M","?","R","B",null,"M","M","$","?","M","R","M","R","T","E","M","R","E","M","R","B",null],"character_chosen":"IRONCLAD","items_purchased":["Regen Potion","Whetstone"],"campfire_rested":3,"item_purchase_floors":[21,37],"current_hp_per_floor":[61,62,62,68,73,60,55,55,55,55,55,46,55,52,79,34,90,90,90,63,63,62,62,77,77,77,48,48,48,39,69,90,90,90,84,90,90,90,90,90,61,88,88,90,90,90,70,88,88,67],"gold":278,"neow_bonus":"TRANSFORM_TWO_CARDS","is_prod":false,"is_daily":false,"chose_seed":false,"campfire_upgraded":7,"win_rate":0,"timestamp":1568605990,"path_taken":["M","M","$","M","M","E","M","R","T","?","R","E","M","M","R","BOSS","M","?","M","$","M","R","E","$","T","?","R","M","M","?","R","BOSS","M","M","$","?","M","R","M","R","T","E","M","R","E","M","R","BOSS"],"build_version":"2019-07-17","purchased_purges":4,"victory":true,"max_hp_per_floor":[80,80,80,80,80,90,90,90,90,90,90,90,90,90,90,90,90,90,90,90,90,90,90,90,90,90,90,90,90,90,90,90,90,90,90,90,90,90,90,90,90,90,90,90,90,90,90,90,90,90],"card_choices":[{"not_picked":["True Grit","Heavy Blade"],"picked":"Rampage","floor":1},{"not_picked":["Dropkick","Pommel Strike"],"picked":"Cleave","floor":2},{"not_picked":["Anger","Reckless Charge","Corruption"],"picked":"SKIP","floor":4},{"not_picked":["Body Slam","Cleave","Thunderclap"],"picked":"SKIP","floor":5},{"not_picked":["Fire Breathing","Warcry"],"picked":"Reaper","floor":6},{"not_picked":["Armaments","Thunderclap","Perfected Strike"],"picked":"SKIP","floor":7},{"not_picked":["Rupture","Havoc","Fiend Fire"],"picked":"SKIP","floor":12},{"not_picked":["Flex","Dual Wield"],"picked":"Rage","floor":13},{"not_picked":["True Grit","Sentinel","Flex"],"picked":"SKIP","floor":14},{"not_picked":["Limit Break","Berserk"],"picked":"Brutality","floor":16},{"not_picked":["Perfected Strike+1","Sword Boomerang"],"picked":"Inflame","floor":18},{"not_picked":["Body Slam","Clothesline+1","Combust"],"picked":"SKIP","floor":20},{"not_picked":["Spot Weakness","Clothesline+1","Feel No Pain"],"picked":"SKIP","floor":22},{"not_picked":["Cleave+1","Infernal Blade","Shrug It Off"],"picked":"SKIP","floor":24},{"not_picked":["Limit Break","True Grit+1","Inflame"],"picked":"SKIP","floor":27},{"not_picked":["Flex+1","Havoc","Shrug It Off"],"picked":"SKIP","floor":29},{"not_picked":["Shrug It Off","Wild Strike+1"],"picked":"Shockwave+1","floor":30},{"not_picked":["Limit Break","Immolate+1"],"picked":"Demon Form","floor":33},{"not_picked":["Blood for Blood+1","Pommel Strike+1","Pummel+1"],"picked":"SKIP","floor":35},{"not_picked":["Headbutt+1","Shrug It Off","Rupture"],"picked":"SKIP","floor":36},{"not_picked":["Twin Strike+1","Armaments","Clash+1"],"picked":"SKIP","floor":39},{"not_picked":["Armaments+1","True Grit","Flex"],"picked":"SKIP","floor":41},{"not_picked":["Dual Wield","Cleave+1","Anger+1"],"picked":"SKIP","floor":44},{"not_picked":["Brutality","Armaments+1","Anger+1"],"picked":"SKIP","floor":45},{"not_picked":["Flex","Combust+1","Perfected Strike+1"],"picked":"SKIP","floor":47},{"not_picked":["Body Slam+1","Brutality","Anger+1"],"picked":"SKIP","floor":48}],"player_experience":194983,"relics_obtained":[{"floor":6,"key":"Pear"},{"floor":9,"key":"Gremlin Horn"},{"floor":12,"key":"Matryoshka"},{"floor":24,"key":"Mummified Hand"},{"floor":26,"key":"Boot"},{"floor":26,"key":"Molten Egg 2"},{"floor":43,"key":"Regal Pillow"},{"floor":43,"key":"MawBank"},{"floor":44,"key":"Charon\u0027s Ashes"},{"floor":47,"key":"Sundial"}],"event_choices":[{"damage_healed":0,"gold_gain":0,"player_choice":"Gave Potion","damage_taken":0,"relics_obtained":["Shuriken"],"max_hp_gain":0,"max_hp_loss":0,"event_name":"WeMeetAgain","floor":19,"gold_loss":0},{"damage_healed":30,"gold_gain":0,"player_choice":"Heal","damage_taken":0,"max_hp_gain":0,"max_hp_loss":0,"event_name":"The Library","floor":31,"gold_loss":0},{"damage_healed":0,"gold_gain":0,"player_choice":"Forge","damage_taken":0,"max_hp_gain":0,"max_hp_loss":0,"event_name":"Accursed Blacksmith","floor":38,"gold_loss":0,"cards_upgraded":["Demon Form"]}],"is_beta":false,"boss_relics":[{"not_picked":["Astrolabe","Sozu"],"picked":"Runic Pyramid"},{"not_picked":["Tiny House","Coffee Dripper"],"picked":"Lizard Tail"}],"items_purged_floors":[3,10,21,37],"is_endless":false,"potions_floor_spawned":[1,2,6,12,14,20,22,27,30,36,41,44,47,48],"ascension_level":3}