{"gold_per_floor":[116,136,148,4,15,15,15,15,15,28,28,63,63,82,82,182,182,198,208,57,68,79,79,110,110,110,130,164,190,190,190,190,295,295,310,101,113,131,141,141,141,141,141,141,141,157,172,191,191,191],"floor_reached":51,"playtime":4307,"items_purged":["Strike_R","Defend_R","Clumsy"],"score":641,"play_id":"881674d0-0854-4e79-aeaa-6776d45d35d6","local_time":"20190902112229","is_ascension_mode":false,"campfire_choices":[{"data":"Armaments","floor":6.0,"key":"SMITH"},{"data":"Metallicize","floor":8.0,"key":"SMITH"},{"data":"Body Slam","floor":11.0,"key":"SMITH"},{"data":"Searing Blow","floor":13.0,"key":"SMITH"},{"data":"Searing Blow+1","floor":15.0,"key":"SMITH"},{"data":"True Grit","floor":23,"key":"SMITH"},{"floor":25,"key":"REST"},{"data":"Thunderclap","floor":30,"key":"SMITH"},{"data":"Demon Form","floor":32,"key":"SMITH"},{"data":"Whirlwind","floor":40,"key":"SMITH"},{"data":"Searing Blow+2","floor":42,"key":"SMITH"},{"data":"Shrug It Off","floor":45,"key":"SMITH"},{"floor":49,"key":"REST"}],"neow_cost":"TEN_PERCENT_HP_LOSS","seed_source_timestamp":0,"circlet_count":0,"master_deck":["Strike_R","Strike_R","Defend_R","Defend_R","Bash","Pommel Strike","Armaments+1","Metallicize+1","Searing Blow+3","Flame Barrier+1","Body Slam+1","Headbutt","Demon Form+1","Battle Trance","Shrug It Off+1","True Grit+1","Whirlwind+1","Thunderclap+1","Warcry+1","Fiend Fire+1","Immolate+1","Thunderclap+1","Flash of Steel","Parasite","Inflame+1","Parasite","Shockwave+1"],"special_seed":0,"relics":["Burning Blood","Mango","Kunai","Incense Burner","Cursed Key","Bronze Scales","Frozen Egg 2","Juzu Bracelet","Red Mask","Astrolabe"],"potions_floor_usage":[28,50,50],"damage_taken":[{"damage":7.0,"enemies":"2 Louse","floor":1.0,"turns":3.0},{"damage":1.0,"enemies":"Cultist","floor":2.0,"turns":3.0},{"damage":1.0,"enemies":"Jaw Worm","floor":3.0,"turns":3.0},{"damage":2.0,"enemies":"Blue Slaver","floor":5.0,"turns":6.0},{"damage":0.0,"enemies":"2 Fungi Beasts","floor":10.0,"turns":4.0},{"damage":7.0,"enemies":"Lagavulin","floor":12.0,"turns":8.0},{"damage":0.0,"enemies":"Large Slime","floor":14.0,"turns":5.0},{"damage":33.0,"enemies":"Slime Boss","floor":16.0,"turns":13.0},{"damage":17.0,"enemies":"Spheric Guardian","floor":18.0,"turns":6.0},{"damage":29.0,"enemies":"2 Thieves","floor":19.0,"turns":4.0},{"damage":5.0,"enemies":"Chosen and Byrds","floor":21.0,"turns":7.0},{"damage":18.0,"enemies":"Snecko","floor":22.0,"turns":9.0},{"damage":42,"enemies":"Gremlin Leader","floor":24,"turns":11},{"damage":7,"enemies":"Snake Plant","floor":27,"turns":4},{"damage":29,"enemies":"Slavers","floor":28,"turns":6},{"damage":2,"enemies":"Masked Bandits","floor":29,"turns":3},{"damage":20,"enemies":"Automaton","floor":33,"turns":8},{"damage":12,"enemies":"Orb Walker","floor":35,"turns":4},{"damage":9,"enemies":"3 Shapes","floor":37,"turns":3},{"damage":22,"enemies":"Spire Growth","floor":38,"turns":4},{"damage":7,"enemies":"Writhing Mass","floor":39,"turns":7},{"damage":6,"enemies":"4 Shapes","floor":46,"turns":1},{"damage":35,"enemies":"Spire Growth","floor":47,"turns":6},{"damage":1,"enemies":"Writhing Mass","floor":48,"turns":5},{"damage":39,"enemies":"Time Eater","floor":50,"turns":7}],"seed_played":"7805646700046605053","potions_obtained":[{"floor":1.0,"key":"Dexterity Potion"},{"floor":3.0,"key":"LiquidBronze"},{"floor":10.0,"key":"GamblersBrew"},{"floor":18.0,"key":"Regen Potion"},{"floor":22.0,"key":"FearPotion"},{"floor":28,"key":"Explosive Potion"}],"is_trial":false,"path_per_floor":["M","M","M","$","M","R","?","R","T","M","R","E","R","M","R","B",null,"M","M","$","M","M","R","E","R","T","M","E","?","R","?","R","B",null,"M","$","M","M","M","R","?","R","T","?","R","M","M","M","R","B",null],"character_chosen":"IRONCLAD","items_purchased":["Searing Blow","Shrug It Off","Flash of Steel"],"campfire_rested":2,"item_purchase_floors":[4,20,36],"current_hp_per_floor":[85,86,86,86,86,86,86,86,86,86,86,85,85,86,86,59,86,75,52,52,53,55,55,19,44,44,43,20,24,24,52,52,38,86,80,80,77,61,60,60,60,60,60,60,60,60,31,36,60,27],"gold":191,"neow_bonus":"ONE_RARE_RELIC","is_prod":false,"is_daily":false,"chose_seed":false,"campfire_upgraded":11,"win_rate":0,"timestamp":1567437749,"path_taken":["M","M","M","$","M","R","?","R","T","?","R","E","R","M","R","BOSS","M","M","$","M","M","R","E","R","T","M","E","?","R","?","R","BOSS","M","$","M","M","M","R","?","R","T","?","R","M","M","M","R","BOSS"],"build_version":"2019-07-17","purchased_purges":3,"victory":true,"max_hp_per_floor":[86,86,86,86,86,86,86,86,86,86,86,86,86,86,86,86,86,86,86,86,86,86,86,86,86,86,86,86,86,86,86,86,86,86,86,86,86,86,86,86,86,86,86,82,82,82,82,82,82,82],"card_choices":[{"not_picked":["Dropkick","Disarm"],"picked":"Pommel Strike","floor":1.0},{"not_picked":["Dual Wield","Infernal Blade"],"picked":"Armaments","floor":2.0},{"not_picked":["Anger","Body Slam"],"picked":"Metallicize","floor":3.0},{"not_picked":["Thunderclap","Warcry"],"picked":"Flame Barrier","floor":5.0},{"not_picked":["Clash","Heavy Blade"],"picked":"Body Slam","floor":10.0},{"not_picked":["Hemokinesis","Twin Strike"],"picked":"Headbutt","floor":12.0},{"not_picked":["Rage","Anger","Warcry"],"picked":"SKIP","floor":14.0},{"not_picked":["Immolate","Dark Embrace"],"picked":"Demon Form","floor":16.0},{"not_picked":["Metallicize+1","Flex+1"],"picked":"Battle Trance","floor":18.0},{"not_picked":["Perfected Strike","Armaments","Corruption"],"picked":"SKIP","floor":19.0},{"not_picked":["Flex+1","Warcry"],"picked":"True Grit","floor":21.0},{"not_picked":["Twin Strike","Headbutt","Pommel Strike+1"],"picked":"SKIP","floor":22.0},{"not_picked":["Juggernaut","Clash","Shockwave"],"picked":"SKIP","floor":24},{"not_picked":["Juggernaut","Clash","Shockwave"],"picked":"SKIP","floor":24},{"not_picked":["Uppercut","Pommel Strike","Pummel"],"picked":"SKIP","floor":27},{"not_picked":["Clothesline","Wild Strike+1"],"picked":"Whirlwind","floor":28},{"not_picked":["Wild Strike","Searing Blow"],"picked":"Thunderclap","floor":29},{"not_picked":["Pommel Strike+1","Disarm"],"picked":"Thunderclap+1","floor":35},{"not_picked":["Anger","Armaments","Intimidate+1"],"picked":"SKIP","floor":37},{"not_picked":["Dropkick+1","Shrug It Off","Carnage+1"],"picked":"SKIP","floor":38},{"not_picked":["Entrench+1","Anger+1","Pommel Strike"],"picked":"SKIP","floor":39},{"not_picked":["Flame Barrier+1","Headbutt+1","Second Wind+1"],"picked":"SKIP","floor":46},{"not_picked":["Flex+1","Warcry"],"picked":"Inflame+1","floor":47},{"not_picked":["Perfected Strike","Rage+1"],"picked":"Shockwave+1","floor":48}],"player_experience":30844,"relics_obtained":[{"floor":9.0,"key":"Kunai"},{"floor":12.0,"key":"Incense Burner"},{"floor":24,"key":"Bronze Scales"},{"floor":26,"key":"Frozen Egg 2"},{"floor":28,"key":"Juzu Bracelet"},{"floor":29,"key":"Red Mask"}],"event_choices":[{"damage_healed":0.0,"max_hp_gain":0.0,"max_hp_loss":0.0,"gold_gain":0.0,"event_name":"Upgrade Shrine","player_choice":"Upgraded","floor":7.0,"gold_loss":0.0,"damage_taken":0.0,"cards_upgraded":["Flame Barrier"]},{"damage_healed":0,"gold_gain":0,"player_choice":"Fought Bandits","damage_taken":0,"max_hp_gain":0,"max_hp_loss":0,"event_name":"Masked Bandits","floor":29,"gold_loss":0},{"damage_healed":28,"gold_gain":0,"player_choice":"Heal","damage_taken":0,"max_hp_gain":0,"max_hp_loss":0,"event_name":"The Library","floor":31,"gold_loss":0},{"damage_healed":0,"gold_gain":0,"player_choice":"Ignored","damage_taken":0,"max_hp_gain":0,"max_hp_loss":0,"event_name":"Tomb of Lord Red Mask","floor":41,"gold_loss":0},{"damage_healed":0,"gold_gain":0,"player_choice":"Max HP","damage_taken":0,"max_hp_gain":0,"max_hp_loss":4,"event_name":"Winding Halls","floor":44,"gold_loss":0}],"is_beta":false,"boss_relics":[{"not_picked":["Orrery","Runic Cube"],"picked":"Cursed Key"},{"not_picked":["White Beast Statue","Tiny House"],"picked":"Astrolabe"}],"items_purged_floors":[4,20,36],"is_endless":false,"potions_floor_spawned":[1,3,10,14,18,22,28,37,39,47],"ascension_level":0}