{"gold_per_floor":[116,130,130,141,141,141,66,66,114,139,139,139,139,151,151,250,250,268,288,307,321,13,13,13,13,81,81,106,33,33,33,33,131,131,145,164,39,53,53,53,88,88,115,135,154,154,189,189],"floor_reached":48,"playtime":2855,"items_purged":["Strike_R","Strike_R","Strike_R"],"score":639,"play_id":"b93f08b7-f9f1-4fdb-a343-ec605518c568","local_time":"20190915115247","is_ascension_mode":true,"campfire_choices":[{"data":"Strike_R","floor":6,"key":"SMITH"},{"data":"Whirlwind","floor":12,"key":"SMITH"},{"data":"Demon Form","floor":13,"key":"SMITH"},{"floor":15,"key":"REST"},{"data":"Shrug It Off","floor":23,"key":"SMITH"},{"data":"Heavy Blade","floor":25,"key":"SMITH"},{"floor":27,"key":"REST"},{"floor":30,"key":"REST"},{"floor":32,"key":"REST"},{"floor":40,"key":"REST"},{"data":"Shrug It Off","floor":42,"key":"SMITH"},{"floor":46,"key":"REST"}],"neow_cost":"NONE","seed_source_timestamp":309403345090400,"circlet_count":0,"master_deck":["Strike_R","Strike_R+1","Defend_R","Defend_R","Defend_R","Bash+1","Shrug It Off+1","True Grit+1","Whirlwind+1","Demon Form+1","Heavy Blade+1","Headbutt","Armaments+1","Pummel","Metallicize+1","Limit Break","Shrug It Off+1","Metallicize+1"],"relics":["Burning Blood","Dream Catcher","Mercury Hourglass","Blood Vial","WingedGreaves","Blue Candle","White Beast Statue","Sling","Nilry\u0027s Codex","Bottled Flame","Ginger","Runic Pyramid","Juzu Bracelet","Bag of Preparation","Happy Flower"],"potions_floor_usage":[19,20,20,21,28,33,33,36,41,44,45,47,48],"damage_taken":[{"damage":11,"enemies":"Small Slimes","floor":1,"turns":4},{"damage":2,"enemies":"Cultist","floor":2,"turns":4},{"damage":4,"enemies":"Jaw Worm","floor":4,"turns":3},{"damage":18,"enemies":"3 Sentries","floor":10,"turns":4},{"damage":3,"enemies":"Exordium Thugs","floor":14,"turns":3},{"damage":0,"enemies":"Slime Boss","floor":16,"turns":6},{"damage":7,"enemies":"Chosen","floor":18,"turns":4},{"damage":25,"enemies":"Shell Parasite","floor":19,"turns":8},{"damage":3,"enemies":"Chosen and Byrds","floor":20,"turns":4},{"damage":18,"enemies":"Snake Plant","floor":21,"turns":4},{"damage":37,"enemies":"Book of Stabbing","floor":28,"turns":8},{"damage":71,"enemies":"Collector","floor":33,"turns":11},{"damage":22,"enemies":"Orb Walker","floor":35,"turns":6},{"damage":17,"enemies":"3 Darklings","floor":36,"turns":5},{"damage":23,"enemies":"Spire Growth","floor":38,"turns":4},{"damage":20,"enemies":"Giant Head","floor":41,"turns":9},{"damage":25,"enemies":"Jaw Worm Horde","floor":44,"turns":5},{"damage":32,"enemies":"Transient","floor":45,"turns":5},{"damage":24,"enemies":"Reptomancer","floor":47,"turns":8},{"damage":31,"enemies":"Spire Growth","floor":48,"turns":4}],"seed_played":"-5927590358966873629","potions_obtained":[{"floor":4,"key":"GamblersBrew"},{"floor":10,"key":"Energy Potion"},{"floor":16,"key":"LiquidBronze"},{"floor":18,"key":"SkillPotion"},{"floor":19,"key":"AttackPotion"},{"floor":20,"key":"SkillPotion"},{"floor":21,"key":"Regen Potion"},{"floor":28,"key":"Weak Potion"},{"floor":33,"key":"SkillPotion"},{"floor":35,"key":"SkillPotion"},{"floor":36,"key":"Weak Potion"},{"floor":38,"key":"Fire Potion"},{"floor":41,"key":"Strength Potion"},{"floor":44,"key":"Explosive Potion"},{"floor":45,"key":"LiquidBronze"},{"floor":47,"key":"PowerPotion"}],"is_trial":false,"path_per_floor":["M","M","?","M","?","R","$","?","T","E","?","R","R","M","R","B",null,"M","M","M","M","$","R","?","R","T","R","E","$","R","$","R","B",null,"M","M","$","M","$","R","E","R","T","M","M","R","E","M"],"character_chosen":"IRONCLAD","items_purchased":["Sling","Limit Break"],"campfire_rested":6,"item_purchase_floors":[22,29],"current_hp_per_floor":[75,79,76,78,62,62,62,55,55,45,45,45,45,50,74,80,80,79,61,66,56,56,56,40,40,40,64,35,35,59,59,80,30,80,64,55,55,40,40,64,52,52,52,35,11,35,19,0],"gold":189,"neow_bonus":"RANDOM_COMMON_RELIC","is_prod":false,"is_daily":false,"chose_seed":false,"campfire_upgraded":6,"win_rate":0,"timestamp":1568562767,"path_taken":["M","M","?","M","?","R","$","?","T","E","?","R","R","M","R","BOSS","M","M","?","M","$","R","?","R","T","R","E","$","R","?","R","BOSS","M","M","?","M","$","R","E","R","T","M","M","R","E","M"],"build_version":"2019-07-17","purchased_purges":3,"victory":false,"max_hp_per_floor":[80,80,80,80,80,80,80,80,80,80,80,80,80,80,80,80,80,80,80,80,80,80,80,80,80,80,80,80,80,80,80,80,80,80,80,80,80,80,80,80,80,80,80,80,80,80,80,80],"card_choices":[{"not_picked":["Twin Strike","Headbutt"],"picked":"Shrug It Off","floor":1},{"not_picked":["Twin Strike","Blood for Blood"],"picked":"True Grit","floor":2},{"not_picked":["Reckless Charge","Carnage"],"picked":"Whirlwind","floor":4},{"not_picked":["Pommel Strike","Anger"],"picked":"Demon Form","floor":10},{"not_picked":["Bloodletting","Thunderclap"],"picked":"Heavy Blade","floor":14},{"not_picked":["Wild Strike","Pummel+1"],"picked":"Headbutt","floor":18},{"not_picked":["Clash+1","Thunderclap","Sword Boomerang"],"picked":"SKIP","floor":19},{"not_picked":["True Grit","Cleave"],"picked":"Armaments+1","floor":20},{"not_picked":["Twin Strike","Iron Wave"],"picked":"Pummel","floor":21},{"not_picked":["True Grit","Ghostly Armor"],"picked":"Metallicize+1","floor":28},{"not_picked":["Heavy Blade+1","Body Slam"],"picked":"Shrug It Off","floor":35},{"not_picked":["Infernal Blade+1","Flex","Reckless Charge"],"picked":"SKIP","floor":36},{"not_picked":["Cleave+1","Evolve"],"picked":"Metallicize+1","floor":38},{"not_picked":["Feed","Shrug It Off","Whirlwind+1"],"picked":"SKIP","floor":41},{"not_picked":["Spot Weakness","Combust+1","Twin Strike"],"picked":"SKIP","floor":44},{"not_picked":["Armaments","Spot Weakness+1","True Grit"],"picked":"SKIP","floor":45},{"not_picked":["Feel No Pain","Evolve+1","Reckless Charge"],"picked":"SKIP","floor":47}],"player_experience":187006,"relics_obtained":[{"floor":9,"key":"Blood Vial"},{"floor":10,"key":"WingedGreaves"},{"floor":24,"key":"Nilry\u0027s Codex"},{"floor":26,"key":"Bottled Flame"},{"floor":28,"key":"Ginger"},{"floor":41,"key":"Juzu Bracelet"},{"floor":43,"key":"Bag of Preparation"},{"floor":47,"key":"Happy Flower"}],"event_choices":[{"damage_healed":0,"gold_gain":0,"player_choice":"Success","damage_taken":3,"relics_obtained":["Mercury Hourglass"],"max_hp_gain":0,"max_hp_loss":0,"event_name":"Scrap Ooze","floor":3,"gold_loss":0},{"damage_healed":0,"gold_gain":0,"player_choice":"Entered Light","damage_taken":16,"max_hp_gain":0,"max_hp_loss":0,"event_name":"Shining Light","floor":5,"gold_loss":0,"cards_upgraded":["Bash","True Grit"]},{"cards_removed":["Defend_R"],"damage_healed":0,"gold_gain":0,"player_choice":"Card Removal","damage_taken":7,"max_hp_gain":0,"max_hp_loss":0,"event_name":"Golden Wing","floor":8,"gold_loss":0},{"damage_healed":0,"gold_gain":0,"player_choice":"Gave Potion","damage_taken":0,"relics_obtained":["Blue Candle"],"max_hp_gain":0,"max_hp_loss":0,"event_name":"WeMeetAgain","floor":11,"gold_loss":0},{"damage_healed":0,"gold_gain":0,"player_choice":"Obtained Book","damage_taken":16,"max_hp_gain":0,"max_hp_loss":0,"event_name":"Cursed Tome","floor":24,"gold_loss":0}],"is_beta":false,"boss_relics":[{"not_picked":["Pandora\u0027s Box","Tiny House"],"picked":"White Beast Statue"},{"not_picked":["Runic Dome","Snecko Eye"],"picked":"Runic Pyramid"}],"items_purged_floors":[7,22,37],"is_endless":false,"potions_floor_spawned":[4,10,16,18,19,20,21,28,33,35,36,38,41,44,45,47],"killed_by":"Spire Growth","ascension_level":2}