{"gold_per_floor":[113,131,151,151,226,226,244,256,281,281,301,301,320,334,334,412,412,432,432,449,449,62,62,62,62,107,107,32,122,153,54,54,133,133,152,165,178,49,72,72,88,88,88,105,105,105,205,222,222,222],"floor_reached":51,"playtime":2271,"items_purged":["Stack","Defend_B+1"],"score":1276,"play_id":"18114823-3cef-4326-8a3f-393a8ea4ab66","local_time":"20191006022933","is_ascension_mode":true,"campfire_choices":[{"floor":6.0,"key":"REST"},{"floor":10.0,"key":"REST"},{"floor":12.0,"key":"REST"},{"data":"Go for the Eyes","floor":15.0,"key":"SMITH"},{"data":"Biased Cognition","floor":23,"key":"SMITH"},{"floor":25,"key":"REST"},{"data":"Loop","floor":27,"key":"SMITH"},{"data":"Dualcast","floor":32,"key":"SMITH"},{"floor":40,"key":"REST"},{"data":"Barrage","floor":42,"key":"SMITH"},{"data":"Panacea","floor":45,"key":"SMITH"},{"floor":49,"key":"REST"}],"neow_cost":"PERCENT_DAMAGE","seed_source_timestamp":110282104697800,"circlet_count":0,"master_deck":["AscendersBane","Strike_B+1","Strike_B+1","Strike_B+1","Defend_B+1","Defend_B+1","Zap","Dualcast+1","Ball Lightning","Loop+1","Go for the Eyes+1","Barrage+1","Gash","Conserve Battery","Biased Cognition+1","Cold Snap","BootSequence","Hologram","Coolheaded","Panacea+1","Core Surge","Chill","Compile Driver","Gash","Self Repair+1","Compile Driver","Force Field","Loop+1"],"special_seed":0,"relics":["FrozenCore","Mango","Oddly Smooth Stone","Runic Capacitor","Blood Vial","Strawberry","Dream Catcher","Philosopher\u0027s Stone","Regal Pillow","Kunai","StoneCalendar"],"potions_floor_usage":[16,16,30,33,50,50],"damage_taken":[{"damage":14.0,"enemies":"Jaw Worm","floor":1.0,"turns":3.0},{"damage":11.0,"enemies":"Small Slimes","floor":2.0,"turns":3.0},{"damage":2.0,"enemies":"2 Louse","floor":3.0,"turns":2.0},{"damage":7.0,"enemies":"2 Fungi Beasts","floor":7.0,"turns":3.0},{"damage":14.0,"enemies":"Lots of Slimes","floor":8.0,"turns":5.0},{"damage":10.0,"enemies":"Looter","floor":11.0,"turns":3.0},{"damage":14.0,"enemies":"3 Louse","floor":13.0,"turns":4.0},{"damage":5.0,"enemies":"2 Fungi Beasts","floor":14.0,"turns":3.0},{"damage":21,"enemies":"The Guardian","floor":16,"turns":10},{"damage":19,"enemies":"Shell Parasite","floor":18,"turns":10},{"damage":8,"enemies":"Chosen","floor":20,"turns":6},{"damage":0,"enemies":"Book of Stabbing","floor":30,"turns":6},{"damage":61,"enemies":"Collector","floor":33,"turns":15},{"damage":20,"enemies":"3 Darklings","floor":35,"turns":7},{"damage":0,"enemies":"3 Shapes","floor":36,"turns":7},{"damage":42,"enemies":"Spire Growth","floor":37,"turns":7},{"damage":28,"enemies":"4 Shapes","floor":41,"turns":9},{"damage":1,"enemies":"Sphere and 2 Shapes","floor":44,"turns":7},{"damage":0,"enemies":"Mind Bloom Boss Battle","floor":47,"turns":6},{"damage":41,"enemies":"Jaw Worm Horde","floor":48,"turns":6},{"damage":18,"enemies":"Time Eater","floor":50,"turns":12}],"seed_played":"5582469317102719063","potions_obtained":[{"floor":2.0,"key":"GamblersBrew"},{"floor":3.0,"key":"Strength Potion"},{"floor":13.0,"key":"SkillPotion"},{"floor":18,"key":"FearPotion"},{"floor":30,"key":"Regen Potion"},{"floor":35,"key":"Strength Potion"},{"floor":41,"key":"SteroidPotion"}],"is_trial":false,"path_per_floor":["M","M","M","?","?","R","M","M","T","R","M","R","M","M","R","B",null,"M","?","M","?","$","R","?","R","T","R","$","?","E","$","R","B",null,"M","M","M","$","T","R","M","R","T","M","R","?","?","M","R","B",null],"character_chosen":"DEFECT","items_purchased":["Runic Capacitor","Blood Vial","Panacea","Compile Driver"],"campfire_rested":6,"item_purchase_floors":[22,22,31,38],"current_hp_per_floor":[46,35,33,38,27,54,47,33,33,60,50,77,63,58,58,37,77,58,58,50,50,50,50,50,77,84,84,84,66,68,68,68,24,79,61,63,23,23,23,67,41,41,41,52,52,52,64,35,79,73],"gold":222,"neow_bonus":"ONE_RARE_RELIC","is_prod":false,"is_daily":false,"chose_seed":false,"campfire_upgraded":6,"win_rate":0,"timestamp":1570354173,"path_taken":["M","M","M","?","?","R","M","M","T","R","M","R","M","M","R","BOSS","M","?","M","?","$","R","?","R","T","R","$","?","E","$","R","BOSS","M","M","M","$","?","R","M","R","T","M","R","?","?","M","R","BOSS"],"build_version":"2019-07-17","purchased_purges":2,"victory":true,"max_hp_per_floor":[85,85,85,90,90,90,90,90,90,90,90,90,90,90,90,90,90,90,90,90,90,90,90,90,90,97,97,97,97,97,97,97,97,97,97,97,97,97,97,97,97,97,97,97,97,97,97,97,97,97],"card_choices":[{"not_picked":["Steam","Static Discharge"],"picked":"Ball Lightning","floor":1.0},{"not_picked":["Consume","Steam"],"picked":"Loop","floor":2.0},{"not_picked":["Stack","Sweeping Beam"],"picked":"Go for the Eyes","floor":3.0},{"not_picked":["Loop","Steam"],"picked":"Barrage","floor":7.0},{"not_picked":["Rebound","Lockon","Thunder Strike"],"picked":"SKIP","floor":8.0},{"not_picked":["Beam Cell","Rebound"],"picked":"Gash","floor":11.0},{"not_picked":["Redo","Heatsinks","Stack"],"picked":"SKIP","floor":13.0},{"not_picked":["Force Field","Aggregate"],"picked":"Conserve Battery","floor":14.0},{"not_picked":["Thunder Strike","Meteor Strike"],"picked":"Biased Cognition","floor":16},{"not_picked":["Stack","Barrage"],"picked":"Cold Snap","floor":18},{"not_picked":["Cold Snap","Force Field+1"],"picked":"Hologram","floor":20},{"not_picked":["Doom and Gloom","Darkness"],"picked":"Coolheaded","floor":30},{"not_picked":["Multi-Cast","Machine Learning"],"picked":"Core Surge","floor":33},{"not_picked":["Beam Cell","Streamline"],"picked":"Chill","floor":35},{"not_picked":["Turbo+1","Static Discharge+1","Steam+1"],"picked":"SKIP","floor":36},{"not_picked":["Auto Shields","Double Energy","Heatsinks+1"],"picked":"SKIP","floor":37},{"not_picked":["Beam Cell+1","Hologram"],"picked":"Gash","floor":40},{"not_picked":["Chill","Tempest"],"picked":"Self Repair+1","floor":41},{"not_picked":["Auto Shields","Conserve Battery"],"picked":"Compile Driver","floor":44},{"not_picked":["Compile Driver","Go for the Eyes+1"],"picked":"Force Field","floor":47},{"not_picked":["Rip and Tear","Conserve Battery+1","Redo"],"picked":"SKIP","floor":48},{"not_picked":["Cold Snap","Chaos"],"picked":"Loop+1","floor":49}],"player_experience":677319,"relics_obtained":[{"floor":9.0,"key":"Oddly Smooth Stone"},{"floor":26,"key":"Strawberry"},{"floor":30,"key":"Dream Catcher"},{"floor":39,"key":"Regal Pillow"},{"floor":43,"key":"Kunai"},{"floor":47,"key":"StoneCalendar"}],"event_choices":[{"damage_healed":0.0,"max_hp_gain":5.0,"max_hp_loss":0.0,"gold_gain":0.0,"event_name":"Big Fish","player_choice":"Donut","floor":4.0,"gold_loss":0.0,"damage_taken":0.0},{"damage_healed":0.0,"max_hp_gain":0.0,"max_hp_loss":0.0,"gold_gain":75.0,"event_name":"World of Goop","player_choice":"Gather Gold","floor":5.0,"gold_loss":0.0,"damage_taken":11.0},{"damage_healed":0,"gold_gain":0,"cards_transformed":["Strike_B","Defend_B"],"player_choice":"Became Test Subject","damage_taken":0,"max_hp_gain":0,"max_hp_loss":0,"event_name":"Drug Dealer","floor":19,"gold_loss":0,"cards_obtained":["Stack","BootSequence"]},{"damage_healed":0,"gold_gain":0,"player_choice":"Simplicity","damage_taken":0,"max_hp_gain":0,"max_hp_loss":0,"event_name":"Back to Basics","floor":21,"gold_loss":0,"cards_upgraded":["Strike_B","Strike_B","Strike_B","Defend_B","Defend_B","Defend_B"]},{"damage_healed":0,"gold_gain":0,"player_choice":"Ignored","damage_taken":0,"max_hp_gain":0,"max_hp_loss":0,"event_name":"Vampires","floor":24,"gold_loss":0},{"damage_healed":0,"gold_gain":90,"player_choice":"GOLD ","damage_taken":18,"max_hp_gain":0,"max_hp_loss":0,"event_name":"Knowing Skull","floor":29,"potions_obtained":[],"gold_loss":0,"cards_obtained":[]},{"damage_healed":0,"gold_gain":0,"player_choice":"Memory 1","damage_taken":0,"max_hp_gain":0,"max_hp_loss":0,"event_name":"SensoryStone","floor":46,"gold_loss":0},{"damage_healed":0,"gold_gain":0,"player_choice":"Fight","damage_taken":0,"max_hp_gain":0,"max_hp_loss":0,"event_name":"MindBloom","floor":47,"gold_loss":0}],"is_beta":false,"boss_relics":[{"not_picked":["Nuclear Battery","Velvet Choker"],"picked":"FrozenCore"},{"not_picked":["Runic Dome","Eternal Feather"],"picked":"Philosopher\u0027s Stone"}],"items_purged_floors":[28,38],"is_endless":false,"potions_floor_spawned":[2,3,8,13,18,30,35,41,44,47],"ascension_level":18}