{"gold_per_floor":[117,135,26,26,26,26,58,74,74,74,74,74,90,110,110,206,206,220,68,85,96,96,131,46,64,139,149,169,179,179,207,207,310,310,327,237,254,266,279,306,318,338,392,410,36,46,46,72,72,72],"floor_reached":51,"playtime":4556,"items_purged":["Strike_R","Strike_R","Strike_R"],"score":700,"play_id":"c23f1d16-6ce0-482b-afba-c8f2d87c13aa","local_time":"20190902003530","is_ascension_mode":false,"campfire_choices":[{"data":"Armaments","floor":6.0,"key":"SMITH"},{"data":"Cleave","floor":10.0,"key":"SMITH"},{"data":"Spot Weakness","floor":12,"key":"SMITH"},{"data":"Defend_R","floor":15,"key":"SMITH"},{"floor":32,"key":"REST"},{"floor":47,"key":"REST"},{"floor":49,"key":"REST"}],"neow_cost":"TEN_PERCENT_HP_LOSS","seed_source_timestamp":0,"circlet_count":0,"master_deck":["Defend_R+1","Defend_R","Defend_R","Bash+1","Cleave+1","Armaments+1","Spot Weakness+1","Flame Barrier+1","Iron Wave+1","Cleave+1","Limit Break+1","Iron Wave+1","Pommel Strike+1","Heavy Blade+1","Evolve","Double Tap+1","Flash of Steel+1"],"special_seed":0,"relics":["Burning Blood","Toxic Egg 2","Molten Egg 2","Fusion Hammer","FossilizedHelix","Red Skull","Darkstone Periapt","Orichalcum","Champion Belt","Runic Pyramid","Omamori","Happy Flower","Pen Nib","Boot"],"potions_floor_usage":[16,20,40,50,50],"damage_taken":[{"damage":3.0,"enemies":"2 Louse","floor":1.0,"turns":4.0},{"damage":0.0,"enemies":"Small Slimes","floor":2.0,"turns":2.0},{"damage":17.0,"enemies":"3 Sentries","floor":7.0,"turns":6.0},{"damage":1.0,"enemies":"Cultist","floor":8.0,"turns":3.0},{"damage":0,"enemies":"Lots of Slimes","floor":13,"turns":1},{"damage":1,"enemies":"Exordium Thugs","floor":14,"turns":5},{"damage":49,"enemies":"The Guardian","floor":16,"turns":13},{"damage":5,"enemies":"Shell Parasite","floor":18,"turns":4},{"damage":13,"enemies":"3 Byrds","floor":20,"turns":5},{"damage":0,"enemies":"3 Cultists","floor":21,"turns":3},{"damage":25,"enemies":"Slavers","floor":23,"turns":4},{"damage":4,"enemies":"Snake Plant","floor":25,"turns":6},{"damage":8,"enemies":"Centurion and Healer","floor":27,"turns":8},{"damage":0,"enemies":"Snecko","floor":28,"turns":5},{"damage":0,"enemies":"Cultist and Chosen","floor":29,"turns":4},{"damage":30,"enemies":"Book of Stabbing","floor":31,"turns":6},{"damage":19,"enemies":"Champ","floor":33,"turns":7},{"damage":0,"enemies":"3 Darklings","floor":35,"turns":4},{"damage":0,"enemies":"Orb Walker","floor":37,"turns":3},{"damage":0,"enemies":"Transient","floor":38,"turns":5},{"damage":0,"enemies":"Sphere and 2 Shapes","floor":39,"turns":5},{"damage":32,"enemies":"Reptomancer","floor":40,"turns":5},{"damage":10,"enemies":"3 Darklings","floor":41,"turns":4},{"damage":10,"enemies":"4 Shapes","floor":42,"turns":2},{"damage":0,"enemies":"Jaw Worm Horde","floor":44,"turns":4},{"damage":0,"enemies":"Writhing Mass","floor":46,"turns":5},{"damage":40,"enemies":"Donu and Deca","floor":50,"turns":5}],"seed_played":"-1835209951529916597","potions_obtained":[{"floor":7.0,"key":"SkillPotion"},{"floor":13,"key":"Block Potion"},{"floor":14,"key":"Fire Potion"},{"floor":16,"key":"SpeedPotion"},{"floor":21,"key":"Strength Potion"},{"floor":27,"key":"Block Potion"},{"floor":35,"key":"SpeedPotion"},{"floor":37,"key":"AttackPotion"},{"floor":39,"key":"Swift Potion"},{"floor":46,"key":"BloodPotion"}],"is_trial":false,"path_per_floor":["M","M","$","?","$","R","E","M","T","R","$","R","M","M","R","B",null,"M","$","M","M","$","E","?","M","T","M","M","M","?","E","R","B",null,"M","?","M","M","M","E","M","M","T","M","$","M","R","T","R","B",null],"character_chosen":"IRONCLAD","items_purchased":["Spot Weakness","Iron Wave+1","Flash of Steel+1","Pen Nib"],"campfire_rested":3,"item_purchase_floors":[3,19,45,45],"current_hp_per_floor":[72,72,72,72,72,72,61,66,66,66,66,66,72,72,72,29,72,72,72,65,71,71,52,52,54,54,52,58,64,64,40,61,48,72,72,72,72,72,72,46,42,38,38,44,44,50,71,71,72,56],"gold":72,"neow_bonus":"REMOVE_TWO","is_prod":false,"is_daily":false,"chose_seed":false,"campfire_upgraded":4,"win_rate":0,"timestamp":1567398930,"path_taken":["M","M","$","?","$","R","E","M","T","R","$","R","M","M","R","BOSS","M","$","M","M","$","E","?","M","T","M","M","M","?","E","R","BOSS","M","?","M","?","M","E","M","M","T","M","$","M","R","?","R","BOSS"],"build_version":"2019-07-17","purchased_purges":3,"victory":true,"max_hp_per_floor":[72,72,72,72,72,72,72,72,72,72,72,72,72,72,72,72,72,72,72,72,72,72,72,72,72,72,72,72,72,72,72,72,72,72,72,72,72,72,72,72,72,72,72,72,72,72,72,72,72,72],"card_choices":[{"not_picked":["Twin Strike","Wild Strike"],"picked":"Cleave","floor":1.0},{"not_picked":["Cleave","Perfected Strike"],"picked":"Armaments","floor":2.0},{"not_picked":["Sword Boomerang","Blood for Blood","Bloodletting"],"picked":"SKIP","floor":7.0},{"not_picked":["Sword Boomerang","Blood for Blood","Bloodletting"],"picked":"SKIP","floor":7.0},{"not_picked":["Rampage","Whirlwind"],"picked":"Flame Barrier+1","floor":8.0},{"not_picked":["Pommel Strike+1","Anger+1"],"picked":"Iron Wave+1","floor":13},{"not_picked":["Anger+1","Flex+1"],"picked":"Cleave+1","floor":14},{"not_picked":["Bludgeon+1","Double Tap+1"],"picked":"Limit Break+1","floor":16},{"not_picked":["Sever Soul+1","Sword Boomerang+1","Body Slam+1"],"picked":"SKIP","floor":18},{"not_picked":["Cleave+1","Sever Soul+1"],"picked":"Pommel Strike+1","floor":20},{"not_picked":["Perfected Strike+1","Berserk"],"picked":"Heavy Blade+1","floor":21},{"not_picked":["Combust","Shockwave+1"],"picked":"Evolve","floor":23},{"not_picked":["Shrug It Off+1","Armaments+1","Anger+1"],"picked":"SKIP","floor":25},{"not_picked":["Flame Barrier+1","Heavy Blade+1","Iron Wave+1"],"picked":"SKIP","floor":27},{"not_picked":["Sever Soul+1","Iron Wave+1","Body Slam+1"],"picked":"SKIP","floor":28},{"not_picked":["Wild Strike+1","Twin Strike+1","Thunderclap+1"],"picked":"SKIP","floor":29},{"not_picked":["Dark Embrace","Clash+1","Infernal Blade+1"],"picked":"SKIP","floor":31},{"not_picked":["Feed+1","Offering+1"],"picked":"Double Tap+1","floor":33},{"not_picked":["Shrug It Off+1","Clothesline+1","Sword Boomerang+1"],"picked":"SKIP","floor":35},{"not_picked":["Clothesline+1","Bloodletting+1","Twin Strike+1"],"picked":"SKIP","floor":37},{"not_picked":["Perfected Strike+1","Armaments+1","True Grit+1"],"picked":"SKIP","floor":38},{"not_picked":["Sword Boomerang+1","Wild Strike+1","Warcry+1"],"picked":"SKIP","floor":39},{"not_picked":["Iron Wave+1","Shrug It Off+1","Double Tap+1"],"picked":"SKIP","floor":40},{"not_picked":["Body Slam+1","Warcry+1","Clash+1"],"picked":"SKIP","floor":41},{"not_picked":["Sword Boomerang+1","Body Slam+1","Anger+1"],"picked":"SKIP","floor":42},{"not_picked":["Blood for Blood+1","Warcry+1","Feel No Pain"],"picked":"SKIP","floor":44},{"not_picked":["Clash+1","Second Wind+1","Burning Pact+1"],"picked":"SKIP","floor":46}],"player_experience":23742,"relics_obtained":[{"floor":7.0,"key":"Toxic Egg 2"},{"floor":9.0,"key":"Molten Egg 2"},{"floor":23,"key":"FossilizedHelix"},{"floor":26,"key":"Darkstone Periapt"},{"floor":31,"key":"Champion Belt"},{"floor":40,"key":"Omamori"},{"floor":43,"key":"Happy Flower"},{"floor":48,"key":"Boot"}],"event_choices":[{"damage_healed":0.0,"max_hp_gain":0.0,"max_hp_loss":0.0,"gold_gain":0.0,"event_name":"Liars Game","player_choice":"Ignored","floor":4.0,"gold_loss":0.0,"damage_taken":0.0},{"damage_healed":0,"gold_gain":0,"player_choice":"Obtained Relic","damage_taken":0,"relics_obtained":["Red Skull"],"max_hp_gain":0,"max_hp_loss":0,"event_name":"Addict","floor":24,"gold_loss":85},{"damage_healed":0,"gold_gain":0,"player_choice":"Gave Potion","damage_taken":0,"relics_obtained":["Orichalcum"],"max_hp_gain":0,"max_hp_loss":0,"event_name":"WeMeetAgain","floor":30,"gold_loss":0},{"cards_removed":["Strike_R"],"damage_healed":0,"gold_gain":0,"player_choice":"Upgrade and Remove","damage_taken":0,"max_hp_gain":0,"max_hp_loss":0,"event_name":"Designer","floor":36,"gold_loss":90,"cards_upgraded":["Bash"]}],"is_beta":false,"boss_relics":[{"not_picked":["Cursed Key","Astrolabe"],"picked":"Fusion Hammer"},{"not_picked":["Eternal Feather","Lizard Tail"],"picked":"Runic Pyramid"}],"items_purged_floors":[3,19,45],"is_endless":false,"potions_floor_spawned":[7,13,14,16,21,25,27,28,35,37,39,46],"ascension_level":0}