{"gold_per_floor":[113,113,123,71,71,71,97,97,123,133,133,152,152,171,171,271,271,286,286,305,321,338,338,338],"floor_reached":24,"playtime":1533,"items_purged":[],"score":248,"play_id":"75e5844d-d764-4c74-a3df-73c7aaa56d56","local_time":"20190917221428","is_ascension_mode":true,"campfire_choices":[{"data":"True Grit","floor":6,"key":"SMITH"},{"floor":13,"key":"REST"},{"data":"Bash","floor":15,"key":"SMITH"},{"floor":23,"key":"REST"}],"neow_cost":"CURSE","seed_source_timestamp":520837810082800,"circlet_count":0,"master_deck":["Strike_R","Strike_R","Strike_R","Strike_R","Defend_R","Defend_R","Defend_R","Defend_R","Bash+1","Writhe","True Grit+1","Headbutt","Cleave","Impervious","Battle Trance","Sever Soul","Juggernaut","Shrug It Off","Seeing Red","Ghostly Armor","True Grit"],"relics":["Burning Blood","Gambling Chip","NlothsMask","Mango","Smiling Mask","Velvet Choker"],"potions_floor_usage":[16,16,16,16,16,24],"damage_taken":[{"damage":11,"enemies":"Small Slimes","floor":1,"turns":4},{"damage":3,"enemies":"Cultist","floor":3,"turns":4},{"damage":48,"enemies":"Gremlin Nob","floor":7,"turns":5},{"damage":3,"enemies":"Jaw Worm","floor":10,"turns":3},{"damage":0,"enemies":"Lots of Slimes","floor":12,"turns":3},{"damage":0,"enemies":"Large Slime","floor":14,"turns":5},{"damage":67,"enemies":"Hexaghost","floor":16,"turns":15},{"damage":13,"enemies":"Shell Parasite","floor":18,"turns":8},{"damage":38,"enemies":"3 Byrds","floor":20,"turns":6},{"damage":41,"enemies":"Sentry and Sphere","floor":21,"turns":7},{"damage":10,"enemies":"Snecko","floor":22,"turns":6},{"damage":54,"enemies":"Gremlin Leader","floor":24,"turns":4}],"seed_played":"-567560263905767060","potions_obtained":[{"floor":1,"key":"EssenceOfSteel"},{"floor":3,"key":"EntropicBrew"},{"floor":7,"key":"Strength Potion"},{"floor":20,"key":"SteroidPotion"},{"floor":21,"key":"SkillPotion"}],"is_trial":false,"path_per_floor":["M","?","M","$","$","R","E","?","T","M","?","M","R","M","R","B",null,"M","?","M","M","M","R","E"],"character_chosen":"IRONCLAD","items_purchased":["Cleave"],"campfire_rested":2,"item_purchase_floors":[4],"current_hp_per_floor":[75,75,78,78,78,78,50,50,50,53,35,41,69,75,75,14,74,67,94,62,27,23,51,0],"gold":338,"neow_bonus":"ONE_RARE_RELIC","is_prod":false,"is_daily":false,"chose_seed":false,"campfire_upgraded":2,"win_rate":0,"timestamp":1568772868,"path_taken":["M","?","?","?","$","R","E","?","T","?","?","M","R","M","R","BOSS","M","?","M","M","M","R","E"],"build_version":"2019-07-17","purchased_purges":0,"victory":false,"max_hp_per_floor":[80,80,80,80,80,80,94,94,94,94,94,94,94,94,94,94,94,94,94,94,94,94,94,94],"card_choices":[{"not_picked":["Pummel","Clothesline"],"picked":"True Grit","floor":1},{"not_picked":["Sword Boomerang","Clash"],"picked":"Headbutt","floor":3},{"not_picked":["Dark Embrace","Combust","Fire Breathing"],"picked":"SKIP","floor":7},{"not_picked":["Combust","Thunderclap"],"picked":"Battle Trance","floor":10},{"not_picked":["Anger","Flex","Bloodletting"],"picked":"SKIP","floor":12},{"not_picked":["Carnage","Reckless Charge"],"picked":"Sever Soul","floor":14},{"not_picked":["Bludgeon","Demon Form"],"picked":"Juggernaut","floor":16},{"not_picked":["Sever Soul+1","Rupture"],"picked":"Shrug It Off","floor":18},{"not_picked":["Combust","Spot Weakness"],"picked":"Seeing Red","floor":20},{"not_picked":["Wild Strike","Armaments"],"picked":"Ghostly Armor","floor":21},{"not_picked":["Wild Strike","Twin Strike"],"picked":"True Grit","floor":22}],"player_experience":208345,"relics_obtained":[{"floor":7,"key":"Mango"}],"event_choices":[{"damage_healed":0,"gold_gain":0,"player_choice":"Trade","damage_taken":0,"relics_obtained":["NlothsMask"],"max_hp_gain":0,"max_hp_loss":0,"event_name":"FaceTrader","floor":2,"gold_loss":0},{"damage_healed":0,"gold_gain":0,"cards_transformed":["Strike_R"],"player_choice":"Transformed","damage_taken":0,"max_hp_gain":0,"max_hp_loss":0,"event_name":"Transmorgrifier","floor":8,"gold_loss":0,"cards_obtained":["Impervious"]},{"damage_healed":0,"gold_gain":0,"player_choice":"Success","damage_taken":18,"relics_obtained":["Smiling Mask"],"max_hp_gain":0,"max_hp_loss":0,"event_name":"Scrap Ooze","floor":11,"gold_loss":0},{"damage_healed":31,"gold_gain":0,"player_choice":"Heal","damage_taken":0,"max_hp_gain":0,"max_hp_loss":0,"event_name":"The Library","floor":19,"gold_loss":0}],"is_beta":false,"boss_relics":[{"not_picked":["Pandora\u0027s Box","Runic Pyramid"],"picked":"Velvet Choker"}],"items_purged_floors":[],"is_endless":false,"potions_floor_spawned":[1,3,7,14,20,21],"killed_by":"Gremlin Leader","ascension_level":5}