{"gold_per_floor":[110,110,35,47,7,23,23,49,131,165,175,193,193,93,93,197,197,207,219,230,183,183,183,213,213,260,260,2,14,14,0,0,102,102,116,130,230,28,28,28,57,57,105,117,117,131,146,42,42,42],"floor_reached":51,"playtime":3026,"items_purged":["Defend_B","Defend_B","Injury"],"score":703,"play_id":"360da487-871d-4be3-9a46-588d625c6e20","local_time":"20190929211434","is_ascension_mode":false,"campfire_choices":[{"data":"Streamline","floor":7,"key":"SMITH"},{"floor":15,"key":"REST"},{"floor":23,"key":"REST"},{"floor":25,"key":"REST"},{"data":"Conserve Battery","floor":30,"key":"SMITH"},{"data":"Dualcast","floor":32,"key":"SMITH"},{"data":"Zap","floor":40,"key":"SMITH"},{"data":"Conserve Battery","floor":42,"key":"SMITH"},{"data":"Steam","floor":45,"key":"SMITH"},{"data":"Defragment","floor":49,"key":"SMITH"}],"neow_cost":"NONE","seed_source_timestamp":1552420502864200,"circlet_count":0,"master_deck":["Defend_B","Zap+1","Dualcast+1","Streamline+1","Cold Snap+1","Defragment+1","Doom and Gloom","Tempest","Conserve Battery+1","Go for the Eyes","Core Surge","All For One","Self Repair","Gash","Gash","Genetic Algorithm","Writhe","Seek","Steam+1","Steam+1","Hologram","Conserve Battery+1","Hologram+1","Beam Cell+1","FTL","Coolheaded"],"relics":["Cracked Core","Bronze Scales","Darkstone Periapt","Whetstone","Empty Cage","Enchiridion","Girya","Oddly Smooth Stone","Blood Vial","Pantograph","Cursed Key","Nunchaku","Strawberry","Lantern","Smiling Mask"],"potions_floor_usage":[16,24,24,24,33,36,41,41,46,46,50],"damage_taken":[{"damage":1,"enemies":"Jaw Worm","floor":1,"turns":3},{"damage":1,"enemies":"Cultist","floor":4,"turns":3},{"damage":5,"enemies":"Small Slimes","floor":6,"turns":2},{"damage":21,"enemies":"Gremlin Nob","floor":8,"turns":4},{"damage":11,"enemies":"3 Sentries","floor":10,"turns":5},{"damage":1,"enemies":"2 Fungi Beasts","floor":11,"turns":3},{"damage":0,"enemies":"Large Slime","floor":12,"turns":4},{"damage":19,"enemies":"Hexaghost","floor":16,"turns":7},{"damage":16,"enemies":"3 Byrds","floor":18,"turns":3},{"damage":19,"enemies":"Shell Parasite","floor":19,"turns":5},{"damage":20,"enemies":"Chosen and Byrds","floor":20,"turns":4},{"damage":33,"enemies":"Book of Stabbing","floor":24,"turns":4},{"damage":11,"enemies":"Snecko","floor":29,"turns":4},{"damage":71,"enemies":"Champ","floor":33,"turns":11},{"damage":9,"enemies":"3 Darklings","floor":35,"turns":2},{"damage":14,"enemies":"Orb Walker","floor":36,"turns":4},{"damage":5,"enemies":"Mind Bloom Boss Battle","floor":37,"turns":5},{"damage":17,"enemies":"Reptomancer","floor":41,"turns":6},{"damage":0,"enemies":"3 Darklings","floor":44,"turns":4},{"damage":24,"enemies":"Maw","floor":46,"turns":6},{"damage":0,"enemies":"Sphere and 2 Shapes","floor":47,"turns":4},{"damage":41,"enemies":"Donu and Deca","floor":50,"turns":9}],"seed_played":"3206333262738896665","potions_obtained":[{"floor":8,"key":"Energy Potion"},{"floor":11,"key":"PowerPotion"},{"floor":12,"key":"EntropicBrew"},{"floor":19,"key":"EntropicBrew"},{"floor":29,"key":"Regen Potion"},{"floor":33,"key":"PowerPotion"},{"floor":35,"key":"Fruit Juice"},{"floor":46,"key":"Energy Potion"}],"is_trial":false,"path_per_floor":["M","?","$","M","$","M","R","E","T","E","M","M","?","$","R","B",null,"M","M","M","$","?","R","E","R","T","?","$","M","R","?","R","B",null,"M","M","?","$","?","R","E","R","T","M","R","M","M","$","R","B",null],"character_chosen":"DEFECT","items_purchased":["Defragment","Gash","Pantograph","Hologram","Strawberry","Coolheaded"],"campfire_rested":3,"item_purchase_floors":[5,21,28,38,38,48],"current_hp_per_floor":[74,74,74,73,73,68,68,47,47,36,35,35,35,35,57,38,75,59,47,34,34,18,40,14,36,36,42,42,40,40,40,40,18,81,72,72,86,93,93,93,76,76,82,84,84,69,78,78,78,65],"gold":42,"neow_bonus":"REMOVE_CARD","is_prod":false,"is_daily":false,"chose_seed":false,"campfire_upgraded":7,"win_rate":0,"timestamp":1569806074,"path_taken":["M","?","$","M","?","?","R","E","T","E","M","?","?","$","R","BOSS","M","M","M","$","?","R","E","R","T","?","$","M","R","?","R","BOSS","M","M","?","?","?","R","E","R","T","M","R","?","M","$","R","BOSS"],"build_version":"2019-07-17","purchased_purges":3,"victory":true,"max_hp_per_floor":[75,75,75,75,75,75,75,75,75,75,75,75,75,75,75,75,75,75,75,75,75,75,75,75,75,75,81,81,81,81,81,81,81,81,81,86,86,93,93,93,93,93,99,99,99,99,99,99,99,99],"card_choices":[{"not_picked":["Hello World","Coolheaded"],"picked":"Streamline","floor":1},{"not_picked":["Redo","Scrape"],"picked":"Cold Snap","floor":4},{"not_picked":["Stack","Leap","Gash"],"picked":"SKIP","floor":6},{"not_picked":["Reboot","Gash"],"picked":"Doom and Gloom","floor":8},{"not_picked":["Doom and Gloom","Compile Driver"],"picked":"Tempest","floor":10},{"not_picked":["Hologram","Scrape"],"picked":"Conserve Battery","floor":11},{"not_picked":["Undo","Beam Cell"],"picked":"Go for the Eyes","floor":12},{"not_picked":["Multi-Cast","Amplify"],"picked":"All For One","floor":16},{"not_picked":["Force Field","Hologram"],"picked":"Self Repair","floor":18},{"not_picked":["Leap","Ball Lightning"],"picked":"Gash","floor":19},{"not_picked":["Aggregate","Streamline","Rebound+1"],"picked":"SKIP","floor":20},{"not_picked":["Skim","Rebound"],"picked":"Genetic Algorithm","floor":24},{"not_picked":["Storm+1","Turbo","Force Field"],"picked":"SKIP","floor":29},{"not_picked":["Multi-Cast","Fission"],"picked":"Seek","floor":33},{"not_picked":["Turbo+1","Coolheaded"],"picked":"Steam","floor":35},{"not_picked":["Rip and Tear","Ball Lightning+1"],"picked":"Steam+1","floor":36},{"not_picked":["Streamline","Conserve Battery"],"picked":"Hologram+1","floor":41},{"not_picked":["Lockon+1","Cold Snap"],"picked":"Beam Cell+1","floor":44},{"not_picked":["Consume+1","Steam+1"],"picked":"FTL","floor":46},{"not_picked":["Recycle","Reprogram","Cold Snap"],"picked":"SKIP","floor":47}],"player_experience":304098,"relics_obtained":[{"floor":8,"key":"Bronze Scales"},{"floor":9,"key":"Darkstone Periapt"},{"floor":10,"key":"Whetstone"},{"floor":22,"key":"Enchiridion"},{"floor":24,"key":"Girya"},{"floor":26,"key":"Oddly Smooth Stone"},{"floor":37,"key":"Nunchaku"},{"floor":41,"key":"Lantern"},{"floor":43,"key":"Smiling Mask"}],"event_choices":[{"damage_healed":0,"gold_gain":0,"player_choice":"Bought 0 Potions","damage_taken":0,"max_hp_gain":0,"max_hp_loss":0,"event_name":"The Woman in Blue","floor":2,"gold_loss":0},{"damage_healed":0,"gold_gain":0,"cards_transformed":["Strike_B"],"player_choice":"Transformed","damage_taken":0,"max_hp_gain":0,"max_hp_loss":0,"event_name":"Transmorgrifier","floor":13,"gold_loss":0,"cards_obtained":["Core Surge"]},{"damage_healed":0,"gold_gain":0,"player_choice":"Obtained Book","damage_taken":16,"max_hp_gain":0,"max_hp_loss":0,"event_name":"Cursed Tome","floor":22,"gold_loss":0},{"damage_healed":0,"gold_gain":0,"player_choice":"Opened","damage_taken":0,"relics_obtained":["Blood Vial"],"max_hp_gain":0,"max_hp_loss":0,"event_name":"The Mausoleum","floor":27,"gold_loss":0,"cards_obtained":["Writhe"]},{"damage_healed":0,"gold_gain":0,"player_choice":"Paid Fearfully","damage_taken":0,"max_hp_gain":0,"max_hp_loss":0,"event_name":"Masked Bandits","floor":31,"gold_loss":14},{"damage_healed":0,"gold_gain":0,"player_choice":"Fight","damage_taken":0,"max_hp_gain":0,"max_hp_loss":0,"event_name":"MindBloom","floor":37,"gold_loss":0},{"damage_healed":0,"gold_gain":0,"cards_transformed":["Strike_B"],"player_choice":"Transformed","damage_taken":0,"max_hp_gain":0,"max_hp_loss":0,"event_name":"Transmorgrifier","floor":39,"gold_loss":0,"cards_obtained":["Conserve Battery"]}],"is_beta":false,"boss_relics":[{"not_picked":["Runic Dome","Fusion Hammer"],"picked":"Empty Cage"},{"not_picked":["Snecko Eye","Tiny House"],"picked":"Cursed Key"}],"items_purged_floors":[3,14,48],"is_endless":false,"potions_floor_spawned":[8,11,12,19,29,33,35,46],"ascension_level":0}