{"gold_per_floor":[114,114,64,64,79,94,109,139,164,179,179,194,209,27,27,127,127,142,157,82,82,97,97,127,127,127,127,142,172,172,121,121,221,221,236,236,251,266,159,189,189,189,214,244,259,274,374,374,374,374],"floor_reached":51,"playtime":14179,"items_purged":[],"score":922,"play_id":"fac6f214-0c27-40da-b34c-b77fab580ec3","local_time":"20190920015644","daily_mods":["Shiny","Time Dilation","Binary"],"is_ascension_mode":false,"campfire_choices":[{"data":"Feed","floor":11.0,"key":"SMITH"},{"data":"Apotheosis","floor":15.0,"key":"SMITH"},{"data":"Corruption","floor":23.0,"key":"SMITH"},{"floor":32,"key":"REST"},{"data":"Offering","floor":41,"key":"SMITH"},{"data":"Armaments","floor":49,"key":"PURGE"}],"neow_cost":"","seed_source_timestamp":0,"circlet_count":0,"master_deck":["Double Tap","Demon Form","Bludgeon+1","Feed+1","Limit Break+1","Barricade","Dark Embrace","Impervious","Brutality","Reaper","Exhume","Offering+1","Immolate","Havoc","Feel No Pain","Iron Wave","Thunderclap","Havoc","Apotheosis+1","Double Tap","Corruption+1","Apotheosis+1","Entrench","Impervious","J.A.X.","Shockwave","Havoc","Warcry","Madness","Madness","Burning Pact","Fire Breathing","Rage"],"special_seed":18159,"relics":["Burning Blood","Sundial","Orichalcum","Mark of Pain","Lantern","Gremlin Horn","Juzu Bracelet","Coffee Dripper","Peace Pipe","Mercury Hourglass","Centennial Puzzle","Blue Candle","Champion Belt","Pantograph"],"potions_floor_usage":[33,33,38,40,50,50],"damage_taken":[{"damage":3.0,"enemies":"Small Slimes","floor":1.0,"turns":2.0},{"damage":19.0,"enemies":"Jaw Worm","floor":5.0,"turns":3.0},{"damage":17.0,"enemies":"2 Louse","floor":6.0,"turns":4.0},{"damage":26.0,"enemies":"Looter","floor":7.0,"turns":4.0},{"damage":23.0,"enemies":"3 Sentries","floor":8.0,"turns":4.0},{"damage":6.0,"enemies":"2 Fungi Beasts","floor":10.0,"turns":1.0},{"damage":7.0,"enemies":"Gremlin Gang","floor":12.0,"turns":3.0},{"damage":10.0,"enemies":"Looter","floor":13.0,"turns":2.0},{"damage":61.0,"enemies":"Hexaghost","floor":16.0,"turns":7.0},{"damage":19.0,"enemies":"Shell Parasite","floor":18.0,"turns":3.0},{"damage":20.0,"enemies":"Chosen","floor":19.0,"turns":3.0},{"damage":6.0,"enemies":"Snecko","floor":22.0,"turns":4.0},{"damage":33.0,"enemies":"Book of Stabbing","floor":24.0,"turns":4.0},{"damage":10.0,"enemies":"Snake Plant","floor":28.0,"turns":2.0},{"damage":29.0,"enemies":"Slavers","floor":29.0,"turns":3.0},{"damage":20,"enemies":"Automaton","floor":33,"turns":4},{"damage":5,"enemies":"3 Darklings","floor":35,"turns":3},{"damage":6,"enemies":"3 Shapes","floor":37,"turns":4},{"damage":25,"enemies":"Spire Growth","floor":38,"turns":4},{"damage":68,"enemies":"Reptomancer","floor":40,"turns":3},{"damage":6,"enemies":"Nemesis","floor":44,"turns":1},{"damage":6,"enemies":"Maw","floor":45,"turns":1},{"damage":9,"enemies":"Jaw Worm Horde","floor":46,"turns":3},{"damage":6,"enemies":"Mind Bloom Boss Battle","floor":47,"turns":1},{"damage":18,"enemies":"Awakened One","floor":50,"turns":12}],"seed_played":"7480235040815508770","potions_obtained":[{"floor":1.0,"key":"FearPotion"},{"floor":7.0,"key":"SkillPotion"},{"floor":8.0,"key":"Energy Potion"},{"floor":12.0,"key":"Fruit Juice"},{"floor":16.0,"key":"GamblersBrew"},{"floor":24.0,"key":"SkillPotion"},{"floor":29.0,"key":"Block Potion"},{"floor":35,"key":"Ancient Potion"},{"floor":45,"key":"Fire Potion"},{"floor":46,"key":"Weak Potion"}],"is_trial":false,"path_per_floor":["?","?","?","?","?","M","?","?","?","?","T","?","T"],"character_chosen":"IRONCLAD","items_purchased":["Apotheosis","Warcry","Fire Breathing","Rage"],"campfire_rested":1,"item_purchase_floors":[14,31,39,39],"current_hp_per_floor":[83,88,88,70,66,77,73,95,95,95,95,105,101,101,101,110,110,106,113,113,113,118,118,111,111,111,111,111,92,92,92,130,134,134,134,117,121,138,138,80,80,80,80,112,116,151,151,151,151,150],"gold":374,"neow_bonus":"","is_prod":false,"is_daily":true,"chose_seed":false,"campfire_upgraded":4,"win_rate":0,"timestamp":1568969804,"path_taken":["M","?","?","?","M","M","M","E","T","M","R","M","M","$","R","BOSS","M","M","?","?","?","R","E","?","T","?","M","E","?","$","R","BOSS","M","?","M","M","$","E","R","?","T","E","M","M","?","?","R","BOSS"],"build_version":"2019-01-23","purchased_purges":0,"victory":true,"max_hp_per_floor":[83,88,88,88,88,91,94,97,97,97,97,106,106,106,106,110,110,114,114,114,114,118,118,122,122,122,122,126,130,130,130,130,134,134,134,134,138,138,138,142,142,142,142,146,150,154,154,154,154,162],"card_choices":[{"not_picked":["Carnage","Wild Strike"],"picked":"SKIP","floor":1.0},{"not_picked":["Reckless Charge"],"picked":"Havoc","floor":5.0},{"not_picked":["Cleave"],"picked":"Feel No Pain","floor":6.0},{"not_picked":["Heavy Blade"],"picked":"Iron Wave","floor":7.0},{"not_picked":["True Grit","Headbutt"],"picked":"SKIP","floor":8.0},{"not_picked":["Double Tap"],"picked":"Thunderclap","floor":10.0},{"not_picked":["Dropkick"],"picked":"Havoc","floor":12.0},{"not_picked":["Flame Barrier"],"picked":"Armaments","floor":13.0},{"not_picked":["Immolate"],"picked":"Double Tap","floor":16.0},{"not_picked":["Flex","Armaments"],"picked":"SKIP","floor":18.0},{"not_picked":["Metallicize"],"picked":"Corruption","floor":19.0},{"not_picked":["Rage+1"],"picked":"Entrench","floor":22.0},{"not_picked":["Iron Wave+1"],"picked":"Impervious","floor":24.0},{"not_picked":["Armaments"],"picked":"Havoc","floor":28.0},{"not_picked":["Heavy Blade","Entrench"],"picked":"SKIP","floor":29.0},{"not_picked":["Iron Wave","Perfected Strike"],"picked":"SKIP","floor":35},{"not_picked":["Dual Wield"],"picked":"Burning Pact","floor":37},{"not_picked":["Sword Boomerang+1","Warcry+1"],"picked":"SKIP","floor":38},{"not_picked":["Intimidate","Second Wind"],"picked":"SKIP","floor":40},{"not_picked":["Dual Wield","Havoc"],"picked":"SKIP","floor":44},{"not_picked":["Armaments+1","Heavy Blade+1"],"picked":"SKIP","floor":45},{"not_picked":["Twin Strike+1","Disarm"],"picked":"SKIP","floor":46}],"player_experience":137736,"relics_obtained":[{"floor":8.0,"key":"Sundial"},{"floor":9.0,"key":"Orichalcum"},{"floor":24.0,"key":"Lantern"},{"floor":26.0,"key":"Gremlin Horn"},{"floor":29.0,"key":"Juzu Bracelet"},{"floor":40,"key":"Peace Pipe"},{"floor":42,"key":"Mercury Hourglass"},{"floor":43,"key":"Centennial Puzzle"},{"floor":44,"key":"Blue Candle"},{"floor":47,"key":"Champion Belt"},{"floor":48,"key":"Pantograph"}],"event_choices":[{"damage_healed":0.0,"max_hp_gain":5.0,"max_hp_loss":0.0,"gold_gain":0.0,"event_name":"Big Fish","player_choice":"Donut","floor":2.0,"gold_loss":0.0,"damage_taken":0.0},{"cards_removed":["Fiend Fire"],"damage_healed":0.0,"max_hp_gain":0.0,"max_hp_loss":0.0,"gold_gain":0.0,"event_name":"The Cleric","player_choice":"Card Removal","floor":3.0,"gold_loss":50.0,"damage_taken":0.0},{"damage_healed":0.0,"max_hp_gain":0.0,"max_hp_loss":0.0,"gold_gain":0.0,"event_name":"Shining Light","player_choice":"Entered Light","floor":4.0,"gold_loss":0.0,"damage_taken":18.0,"cards_upgraded":["Bludgeon","Limit Break"]},{"cards_removed":["Berserk"],"damage_healed":0.0,"max_hp_gain":0.0,"max_hp_loss":0.0,"gold_gain":0.0,"event_name":"Beggar","player_choice":"Gave Gold","floor":20.0,"gold_loss":75.0,"damage_taken":0.0},{"damage_healed":0.0,"max_hp_gain":0.0,"max_hp_loss":0.0,"gold_gain":0.0,"event_name":"Duplicator","player_choice":"Copied","floor":21.0,"gold_loss":0.0,"damage_taken":0.0,"cards_obtained":["Apotheosis"]},{"damage_healed":0.0,"max_hp_gain":0.0,"max_hp_loss":0.0,"gold_gain":0.0,"event_name":"Drug Dealer","player_choice":"Obtain J.A.X.","floor":25.0,"gold_loss":0.0,"damage_taken":0.0,"cards_obtained":["J.A.X."]},{"damage_healed":0.0,"max_hp_gain":0.0,"max_hp_loss":0.0,"gold_gain":0.0,"event_name":"The Library","player_choice":"Read","floor":27.0,"gold_loss":0.0,"damage_taken":0.0,"cards_obtained":["Shockwave"]},{"cards_removed":["Juggernaut"],"damage_healed":0,"gold_gain":0,"player_choice":"Elegance","damage_taken":0,"max_hp_gain":0,"max_hp_loss":0,"event_name":"Back to Basics","floor":30,"gold_loss":0},{"damage_healed":0,"gold_gain":0,"player_choice":"Embrace Madness","damage_taken":17,"max_hp_gain":0,"max_hp_loss":0,"event_name":"Winding Halls","floor":36,"gold_loss":0,"cards_obtained":["Madness","Madness"]},{"damage_healed":0,"gold_gain":0,"player_choice":"Fight","damage_taken":0,"max_hp_gain":0,"max_hp_loss":0,"event_name":"MindBloom","floor":47,"gold_loss":0}],"is_beta":false,"boss_relics":[{"not_picked":["Snecko Eye","Sozu"],"picked":"Mark of Pain"},{"not_picked":["Black Blood","Runic Dome"],"picked":"Coffee Dripper"}],"items_purged_floors":[],"is_endless":false,"potions_floor_spawned":[1,7,8,12,16,24,29,35,45,46],"ascension_level":0}