{"gold_per_floor":[109,0,0,13,23,23,40,40,93,112,139,157,157,175,175,252,252,271,287,306,306,319,319,337,337,337,337,350,350],"floor_reached":29,"playtime":1177,"items_purged":[],"score":431,"play_id":"a58f3209-0504-4742-a9d0-4f1bf4193257","local_time":"20191006183600","is_ascension_mode":true,"campfire_choices":[{"data":"Defragment","floor":6.0,"key":"SMITH"},{"floor":8.0,"key":"REST"},{"floor":15,"key":"REST"},{"floor":23,"key":"REST"},{"data":"Barrage","floor":25,"key":"SMITH"},{"floor":27,"key":"REST"}],"neow_cost":"NONE","seed_source_timestamp":7122611457900,"circlet_count":0,"master_deck":["AscendersBane","Strike_B","Strike_B","Strike_B","Strike_B","Defend_B","Defend_B","Defend_B","Defend_B","Zap","Dualcast","Gash","Defragment+1","Go for the Eyes","Cold Snap","Capacitor","Coolheaded","Ball Lightning","Genetic Algorithm","Gash","Coolheaded","Echo Form","Consume","Barrage+1","Defragment","Dualcast","Gash","Barrage"],"special_seed":0,"relics":["FrozenCore","NeowsBlessing","Lantern","Boot","Pantograph"],"potions_floor_usage":[14,19,19,29],"damage_taken":[{"damage":0.0,"enemies":"Small Slimes","floor":1.0,"turns":1.0},{"damage":0.0,"enemies":"Cultist","floor":4.0,"turns":1.0},{"damage":0.0,"enemies":"2 Louse","floor":5.0,"turns":1.0},{"damage":24.0,"enemies":"Red Slaver","floor":7.0,"turns":4.0},{"damage":10.0,"enemies":"3 Louse","floor":10.0,"turns":3.0},{"damage":13.0,"enemies":"Lots of Slimes","floor":12.0,"turns":3.0},{"damage":44,"enemies":"Gremlin Gang","floor":14,"turns":4},{"damage":25,"enemies":"Hexaghost","floor":16,"turns":11},{"damage":26,"enemies":"3 Byrds","floor":18,"turns":6},{"damage":10,"enemies":"Shell Parasite","floor":19,"turns":5},{"damage":9,"enemies":"Shelled Parasite and Fungi","floor":20,"turns":8},{"damage":3,"enemies":"Sentry and Sphere","floor":22,"turns":7},{"damage":0,"enemies":"Snecko","floor":24,"turns":8},{"damage":19,"enemies":"Snake Plant","floor":28,"turns":7},{"damage":33,"enemies":"Slavers","floor":29,"turns":2}],"seed_played":"-5249023392803753180","potions_obtained":[{"floor":5.0,"key":"Ancient Potion"},{"floor":10.0,"key":"Regen Potion"},{"floor":18,"key":"SkillPotion"},{"floor":20,"key":"LiquidBronze"},{"floor":28,"key":"GamblersBrew"}],"is_trial":false,"path_per_floor":["M","$","?","M","M","R","M","R","T","M","T","M","?","M","R","B",null,"M","M","M","?","M","R","M","R","T","R","M","E"],"character_chosen":"DEFECT","items_purchased":["Defragment","Go for the Eyes"],"campfire_rested":4,"item_purchase_floors":[2,2],"current_hp_per_floor":[64,64,64,64,64,64,40,61,61,51,51,38,38,6,27,2,54,28,18,9,9,6,27,27,27,27,48,29,0],"gold":350,"neow_bonus":"THREE_ENEMY_KILL","is_prod":false,"is_daily":false,"chose_seed":false,"campfire_upgraded":2,"win_rate":0,"timestamp":1570412160,"path_taken":["M","$","?","?","M","R","M","R","T","M","?","M","?","M","R","BOSS","M","M","M","?","?","R","M","R","T","R","M","E"],"build_version":"2019-07-17","purchased_purges":0,"victory":false,"max_hp_per_floor":[71,71,71,71,71,71,71,71,71,71,71,71,71,71,71,71,71,71,71,71,71,71,71,71,71,71,71,71,71],"card_choices":[{"not_picked":["Barrage","Self Repair"],"picked":"Gash","floor":1.0},{"not_picked":["Glacier","Streamline"],"picked":"Capacitor","floor":4.0},{"not_picked":["Beam Cell","Stack"],"picked":"Coolheaded","floor":5.0},{"not_picked":["Rebound","Blizzard"],"picked":"Ball Lightning","floor":7.0},{"not_picked":["Rebound","Redo"],"picked":"Genetic Algorithm","floor":10.0},{"not_picked":["Barrage","Rainbow"],"picked":"Gash","floor":12.0},{"not_picked":["Lockon","Skim"],"picked":"Coolheaded","floor":14},{"not_picked":["Core Surge","Meteor Strike"],"picked":"Echo Form","floor":16},{"not_picked":["Turbo","Storm+1"],"picked":"Consume","floor":18},{"not_picked":["Go for the Eyes+1","Consume+1"],"picked":"Barrage","floor":19},{"not_picked":["Melter","Leap+1"],"picked":"Defragment","floor":20},{"not_picked":["Scrape+1","All For One"],"picked":"Gash","floor":22},{"not_picked":["Go for the Eyes","Stack","Rip and Tear"],"picked":"SKIP","floor":24},{"not_picked":["Stack","Cold Snap+1"],"picked":"Barrage","floor":28}],"player_experience":680475,"relics_obtained":[{"floor":9.0,"key":"Lantern"},{"floor":11.0,"key":"Boot"},{"floor":26,"key":"Pantograph"}],"event_choices":[{"damage_healed":0.0,"max_hp_gain":0.0,"max_hp_loss":0.0,"gold_gain":0.0,"event_name":"Match and Keep!","player_choice":"1 cards matched","floor":3.0,"gold_loss":0.0,"damage_taken":0.0,"cards_obtained":["Cold Snap"]},{"damage_healed":0.0,"max_hp_gain":0.0,"max_hp_loss":0.0,"gold_gain":0.0,"event_name":"Shining Light","player_choice":"Ignored","floor":13.0,"gold_loss":0.0,"damage_taken":0.0},{"damage_healed":0,"gold_gain":0,"player_choice":"Copied","damage_taken":0,"max_hp_gain":0,"max_hp_loss":0,"event_name":"Duplicator","floor":21,"gold_loss":0,"cards_obtained":["Dualcast"]}],"is_beta":false,"boss_relics":[{"not_picked":["Calling Bell","Coffee Dripper"],"picked":"FrozenCore"}],"items_purged_floors":[],"is_endless":false,"potions_floor_spawned":[5,10,12,18,20,28],"killed_by":"Slavers","ascension_level":19}