{"gold_per_floor":[359,374,222,239,249,249,249,284,309,342,342,353,372,405,405,501,501,518,518,538,538],"floor_reached":21,"playtime":1275,"items_purged":["Strike_R"],"score":261,"play_id":"2be366db-1675-4eda-82a4-b193a36f6868","local_time":"20190919001318","is_ascension_mode":true,"campfire_choices":[{"data":"Thunderclap","floor":6.0,"key":"SMITH"},{"floor":11.0,"key":"REST"},{"floor":15.0,"key":"REST"}],"neow_cost":"TEN_PERCENT_HP_LOSS","seed_source_timestamp":0,"circlet_count":0,"master_deck":["Strike_R","Strike_R+1","Strike_R+1","Strike_R","Defend_R","Defend_R","Defend_R","Bash","Shrug It Off","Thunderclap+1","Inflame","Flame Barrier","Iron Wave","Battle Trance","Rampage","Feed","Offering","J.A.X."],"special_seed":0,"relics":["Burning Blood","Art of War","Whetstone","Centennial Puzzle","Mummified Hand","Runic Pyramid"],"potions_floor_usage":[18,21],"damage_taken":[{"damage":18.0,"enemies":"Jaw Worm","floor":1.0,"turns":5.0},{"damage":5.0,"enemies":"Small Slimes","floor":2.0,"turns":3.0},{"damage":3.0,"enemies":"2 Louse","floor":4.0,"turns":4.0},{"damage":13.0,"enemies":"Exordium Wildlife","floor":5.0,"turns":7.0},{"damage":27.0,"enemies":"Gremlin Nob","floor":8.0,"turns":4.0},{"damage":8.0,"enemies":"3 Sentries","floor":10.0,"turns":6.0},{"damage":0.0,"enemies":"Large Slime","floor":12.0,"turns":3.0},{"damage":12.0,"enemies":"Lots of Slimes","floor":13.0,"turns":2.0},{"damage":23.0,"enemies":"Lagavulin","floor":14.0,"turns":6.0},{"damage":24.0,"enemies":"The Guardian","floor":16.0,"turns":10.0},{"damage":38,"enemies":"Shell Parasite","floor":18,"turns":6},{"damage":26,"enemies":"Spheric Guardian","floor":20,"turns":6},{"damage":11,"enemies":"Centurion and Healer","floor":21,"turns":4}],"seed_played":"8029692399224378361","potions_obtained":[{"floor":4.0,"key":"Block Potion"},{"floor":5.0,"key":"SpeedPotion"},{"floor":12.0,"key":"Swift Potion"},{"floor":16.0,"key":"Energy Potion"}],"is_trial":false,"path_per_floor":["M","M","$","M","M","R","?","E","T","E","R","M","M","E","R","B",null,"M","?","M","M"],"character_chosen":"IRONCLAD","items_purchased":["Inflame"],"campfire_rested":2,"item_purchase_floors":[3],"current_hp_per_floor":[60,61,61,64,57,57,57,36,36,34,55,61,55,38,59,41,64,32,32,12,1],"gold":538,"neow_bonus":"TWO_FIFTY_GOLD","is_prod":false,"is_daily":false,"chose_seed":false,"campfire_upgraded":1,"win_rate":0,"timestamp":1568866398,"path_taken":["M","M","$","M","M","R","?","E","T","E","R","M","M","E","R","BOSS","M","?","M","M"],"build_version":"2019-07-17","purchased_purges":1,"victory":false,"max_hp_per_floor":[72,72,72,72,72,72,72,72,72,72,72,72,72,72,72,72,72,72,72,72,72],"card_choices":[{"not_picked":["Perfected Strike","Rupture"],"picked":"Shrug It Off","floor":1.0},{"not_picked":["Heavy Blade","Armaments"],"picked":"Thunderclap","floor":2.0},{"not_picked":["Pummel","Dual Wield"],"picked":"Flame Barrier","floor":4.0},{"not_picked":["Fire Breathing","Reckless Charge"],"picked":"Iron Wave","floor":5.0},{"not_picked":["Spot Weakness","Thunderclap"],"picked":"Battle Trance","floor":8.0},{"not_picked":["Pommel Strike","Seeing Red"],"picked":"Rampage","floor":10.0},{"not_picked":["Clash","Pummel","Power Through"],"picked":"SKIP","floor":12.0},{"not_picked":["Anger","Clothesline"],"picked":"Feed","floor":13.0},{"not_picked":["Thunderclap","Iron Wave","Searing Blow"],"picked":"SKIP","floor":14.0},{"not_picked":["Berserk","Dark Embrace"],"picked":"Offering","floor":16.0},{"not_picked":["Perfected Strike","Armaments","Cleave"],"picked":"SKIP","floor":18},{"not_picked":["Thunderclap","Pommel Strike","Power Through+1"],"picked":"SKIP","floor":20}],"player_experience":213036,"relics_obtained":[{"floor":8.0,"key":"Art of War"},{"floor":9.0,"key":"Whetstone"},{"floor":10.0,"key":"Centennial Puzzle"},{"floor":14.0,"key":"Mummified Hand"}],"event_choices":[{"cards_removed":["Defend_R"],"damage_healed":0.0,"max_hp_gain":0.0,"max_hp_loss":0.0,"gold_gain":0.0,"event_name":"Living Wall","player_choice":"Forget","floor":7.0,"gold_loss":0.0,"damage_taken":0.0},{"damage_healed":0,"gold_gain":0,"player_choice":"Obtain J.A.X.","damage_taken":0,"max_hp_gain":0,"max_hp_loss":0,"event_name":"Drug Dealer","floor":19,"gold_loss":0,"cards_obtained":["J.A.X."]}],"is_beta":false,"boss_relics":[{"not_picked":["Orrery","Coffee Dripper"],"picked":"Runic Pyramid"}],"items_purged_floors":[3],"is_endless":false,"potions_floor_spawned":[4,5,12,16],"killed_by":"Centurion and Healer","ascension_level":6}