{"gold_per_floor":[119,132,5,0,0,31,31,63,89,99,113,125,142,142,142,142],"floor_reached":16,"playtime":911,"items_purged":["Strike_G"],"score":129,"play_id":"bbf7a514-f5ca-479b-830a-17b3567887da","local_time":"20190913012045","is_ascension_mode":true,"campfire_choices":[{"floor":7,"key":"REST"},{"floor":15,"key":"REST"}],"neow_cost":"NONE","seed_source_timestamp":100617523964200,"circlet_count":0,"master_deck":["Strike_G","Strike_G","Strike_G","Strike_G+1","Defend_G","Defend_G","Defend_G","Defend_G","Defend_G","Survivor","Neutralize+1","Footwork","Sucker Punch","Dagger Spray","A Thousand Cuts","Caltrops","Cloak And Dagger"],"relics":["Ring of the Snake","Whetstone","Girya","Bronze Scales"],"potions_floor_usage":[6,16,16],"damage_taken":[{"damage":2,"enemies":"Small Slimes","floor":1,"turns":5},{"damage":0,"enemies":"Jaw Worm","floor":2,"turns":7},{"damage":33,"enemies":"Lagavulin","floor":6,"turns":12},{"damage":34,"enemies":"Gremlin Nob","floor":8,"turns":6},{"damage":0,"enemies":"2 Louse","floor":10,"turns":2},{"damage":0,"enemies":"Exordium Thugs","floor":11,"turns":4},{"damage":2,"enemies":"Large Slime","floor":12,"turns":6},{"damage":12,"enemies":"2 Fungi Beasts","floor":13,"turns":3},{"damage":40,"enemies":"Slime Boss","floor":16,"turns":10}],"seed_played":"-6971570036716420738","potions_obtained":[{"floor":1,"key":"PowerPotion"},{"floor":11,"key":"Poison Potion"},{"floor":12,"key":"GamblersBrew"}],"is_trial":false,"path_per_floor":["M","M","$","?","$","E","R","E","T","M","M","M","M","?","R","B"],"character_chosen":"THE_SILENT","items_purchased":["Dagger Spray"],"campfire_rested":2,"item_purchase_floors":[3],"current_hp_per_floor":[75,75,75,75,75,42,65,31,31,31,31,29,17,17,40,0],"gold":142,"neow_bonus":"TEN_PERCENT_HP_BONUS","is_prod":false,"is_daily":false,"chose_seed":false,"campfire_upgraded":0,"win_rate":0,"timestamp":1568352045,"path_taken":["M","M","$","?","$","E","R","E","T","M","M","M","M","?","R","BOSS"],"build_version":"2019-07-17","purchased_purges":1,"victory":false,"max_hp_per_floor":[77,77,77,77,77,77,77,77,77,77,77,77,77,77,77,77],"card_choices":[{"not_picked":["Concentrate","Caltrops"],"picked":"Footwork","floor":1},{"not_picked":["Poisoned Stab","Eviscerate"],"picked":"Sucker Punch","floor":2},{"not_picked":["Deadly Poison","Slice","Adrenaline"],"picked":"SKIP","floor":6},{"not_picked":["Poisoned Stab","Reflex","Dagger Spray"],"picked":"SKIP","floor":8},{"not_picked":["Deadly Poison","Accuracy","Poisoned Stab"],"picked":"SKIP","floor":10},{"not_picked":["PiercingWail","Poisoned Stab"],"picked":"A Thousand Cuts","floor":11},{"not_picked":["All Out Attack","Deflect"],"picked":"Caltrops","floor":12},{"not_picked":["Eviscerate","Deadly Poison"],"picked":"Cloak And Dagger","floor":13}],"player_experience":127802,"relics_obtained":[{"floor":6,"key":"Whetstone"},{"floor":8,"key":"Girya"},{"floor":9,"key":"Bronze Scales"}],"event_choices":[{"damage_healed":0,"gold_gain":0,"player_choice":"Left Gold","damage_taken":0,"max_hp_gain":0,"max_hp_loss":0,"event_name":"World of Goop","floor":4,"gold_loss":5},{"damage_healed":0,"gold_gain":0,"player_choice":"Ignored","damage_taken":0,"max_hp_gain":0,"max_hp_loss":0,"event_name":"Liars Game","floor":14,"gold_loss":0}],"is_beta":false,"boss_relics":[],"items_purged_floors":[3],"is_endless":false,"potions_floor_spawned":[1,11,12],"killed_by":"Slime Boss","ascension_level":3}