{"gold_per_floor":[109,109,121,140,18,18,18,29,29,40,40,60,71,85,85,187,237,252,262,277,292,292,292,292,302,302,326,338,338,187,199,199,199],"floor_reached":33,"playtime":2546,"items_purged":["Defend_R","Bite"],"score":270,"play_id":"71d88ef6-6717-4b8b-a1b0-cff0d6fd6a58","local_time":"20190902011915","is_ascension_mode":false,"campfire_choices":[{"data":"Demon Form","floor":6,"key":"SMITH"},{"data":"Cleave","floor":11,"key":"SMITH"},{"data":"True Grit","floor":15,"key":"SMITH"},{"floor":23,"key":"REST"},{"floor":29,"key":"REST"},{"floor":32,"key":"REST"}],"neow_cost":"NONE","seed_source_timestamp":50971781485400,"circlet_count":0,"master_deck":["Defend_R+1","Defend_R","Defend_R","Bash","Cleave+1","Fire Breathing","Demon Form+1","Headbutt","Bloodletting","Headbutt","Cleave","Inflame","True Grit+1","Double Tap","Heavy Blade","Bite","Bite","Bite","Bite","Warcry+1","Iron Wave"],"relics":["Burning Blood","Peace Pipe","Bottled Tornado","Tiny House","Mercury Hourglass","Strawberry"],"potions_floor_usage":[16,28,31,33,33],"damage_taken":[{"damage":0,"enemies":"2 Louse","floor":1,"turns":4},{"damage":4,"enemies":"Jaw Worm","floor":3,"turns":5},{"damage":1,"enemies":"Cultist","floor":4,"turns":3},{"damage":20,"enemies":"Gremlin Gang","floor":8,"turns":4},{"damage":12,"enemies":"3 Louse","floor":10,"turns":3},{"damage":16,"enemies":"Blue Slaver","floor":12,"turns":4},{"damage":16,"enemies":"Exordium Wildlife","floor":13,"turns":3},{"damage":18,"enemies":"Lots of Slimes","floor":14,"turns":3},{"damage":18,"enemies":"Hexaghost","floor":16,"turns":7},{"damage":8,"enemies":"Chosen","floor":18,"turns":4},{"damage":36,"enemies":"Spheric Guardian","floor":19,"turns":6},{"damage":8,"enemies":"Snecko","floor":20,"turns":4},{"damage":59,"enemies":"Shelled Parasite and Fungi","floor":21,"turns":17},{"damage":33,"enemies":"Snake Plant","floor":25,"turns":5},{"damage":21,"enemies":"3 Cultists","floor":28,"turns":4},{"damage":27,"enemies":"Centurion and Healer","floor":31,"turns":5},{"damage":53,"enemies":"Collector","floor":33,"turns":7}],"seed_played":"-1070799372446248755","potions_obtained":[{"floor":3,"key":"Strength Potion"},{"floor":12,"key":"FairyPotion"},{"floor":14,"key":"FearPotion"},{"floor":16,"key":"Fire Potion"},{"floor":17,"key":"SteroidPotion"},{"floor":21,"key":"SkillPotion"},{"floor":31,"key":"Block Potion"}],"is_trial":false,"path_per_floor":["M","?","M","M","$","R","$","M","T","M","R","M","M","M","R","B",null,"M","M","M","M","?","R","?","M","T","T","M","R","$","M","R","B"],"character_chosen":"IRONCLAD","items_purchased":["Headbutt","Iron Wave"],"campfire_rested":3,"item_purchase_floors":[5,30],"current_hp_per_floor":[80,73,75,80,80,80,80,66,66,60,60,50,40,28,28,16,85,83,53,51,8,8,33,33,18,18,25,12,31,31,18,37,0],"gold":199,"neow_bonus":"REMOVE_CARD","is_prod":false,"is_daily":false,"chose_seed":false,"campfire_upgraded":3,"win_rate":0,"timestamp":1567401555,"path_taken":["M","?","M","M","?","R","$","M","T","?","R","M","M","M","R","BOSS","M","M","?","M","?","R","?","M","T","?","M","R","$","M","R","BOSS"],"build_version":"2019-07-17","purchased_purges":2,"victory":false,"max_hp_per_floor":[80,80,80,80,80,80,80,80,80,80,80,80,80,80,80,80,85,85,85,85,85,85,85,59,59,59,66,66,66,66,66,66,66],"card_choices":[{"not_picked":["Headbutt","Armaments"],"picked":"Cleave","floor":1},{"not_picked":["Warcry","Wild Strike"],"picked":"Fire Breathing","floor":3},{"not_picked":["Clash","Dual Wield"],"picked":"Demon Form","floor":4},{"not_picked":["Burning Pact","Perfected Strike"],"picked":"Bloodletting","floor":8},{"not_picked":["Rage","Combust"],"picked":"Headbutt","floor":10},{"not_picked":["Headbutt","Shrug It Off"],"picked":"Cleave","floor":12},{"not_picked":["Cleave","Anger"],"picked":"Inflame","floor":13},{"not_picked":["Clothesline","Flex"],"picked":"True Grit","floor":14},{"not_picked":["Reaper","Fiend Fire"],"picked":"Double Tap","floor":16},{"not_picked":["Cleave","Anger"],"picked":"Heavy Blade","floor":17},{"not_picked":["Fire Breathing+1","Pommel Strike+1","Spot Weakness"],"picked":"SKIP","floor":18},{"not_picked":["Twin Strike","Headbutt+1","Shockwave"],"picked":"SKIP","floor":19},{"not_picked":["Sword Boomerang","Pummel","Carnage"],"picked":"SKIP","floor":20},{"not_picked":["Cleave","Corruption","Flex"],"picked":"SKIP","floor":21},{"not_picked":["Thunderclap+1","Perfected Strike"],"picked":"Warcry+1","floor":25},{"not_picked":["Rupture","Rampage","Wild Strike"],"picked":"SKIP","floor":28},{"not_picked":["Feed","Body Slam+1","Dual Wield+1"],"picked":"SKIP","floor":31}],"player_experience":28298,"relics_obtained":[{"floor":9,"key":"Bottled Tornado"},{"floor":26,"key":"Mercury Hourglass"},{"floor":27,"key":"Strawberry"}],"event_choices":[{"damage_healed":0,"gold_gain":0,"player_choice":"Success","damage_taken":7,"relics_obtained":["Peace Pipe"],"max_hp_gain":0,"max_hp_loss":0,"event_name":"Scrap Ooze","floor":2,"gold_loss":0},{"damage_healed":0,"gold_gain":0,"player_choice":"Ignored","damage_taken":0,"max_hp_gain":0,"max_hp_loss":0,"event_name":"Ghosts","floor":22,"gold_loss":0},{"damage_healed":0,"gold_gain":0,"player_choice":"Became a vampire","damage_taken":0,"max_hp_gain":0,"max_hp_loss":26,"event_name":"Vampires","floor":24,"gold_loss":0,"cards_obtained":["Bite","Bite","Bite","Bite","Bite"]}],"is_beta":false,"boss_relics":[{"not_picked":["Astrolabe","Runic Dome"],"picked":"Tiny House"}],"items_purged_floors":[5,30],"is_endless":false,"potions_floor_spawned":[3,12,14,16,21,31],"killed_by":"Collector","ascension_level":0}