{"gold_per_floor":[109,184,195,16,31,60,10,40,40,58,38,64,83,117,117,222,222,237,237,255,269,369,369,118,148,171,198,198,229,229,248,248,344,344,362,437,450,141,141,198,198,231,284,318,318,332,24,24,24,24],"floor_reached":51,"playtime":6025,"items_purged":[],"score":1342,"play_id":"21fbf079-b488-4325-8762-89e99b83dca5","local_time":"20190918001836","daily_mods":["SealedDeck","Hoarder","Specialized"],"is_ascension_mode":true,"campfire_choices":[{"floor":15,"key":"REST"},{"data":"Whirlwind","floor":23,"key":"SMITH"},{"data":"Mind Blast","floor":28,"key":"SMITH"},{"data":"Apotheosis","floor":30,"key":"SMITH"},{"data":"Corruption","floor":32,"key":"SMITH"},{"floor":41,"key":"DIG"},{"floor":45,"key":"DIG"},{"floor":49,"key":"DIG"}],"neow_cost":"","seed_source_timestamp":0,"circlet_count":0,"master_deck":["Second Wind","Second Wind","Second Wind","Second Wind","Second Wind","Second Wind","Second Wind","Second Wind","Second Wind","Second Wind","Second Wind","Second Wind","Second Wind","Second Wind","Cleave","Cleave","Cleave","Shrug It Off","Shrug It Off","Shrug It Off","Dual Wield","Dual Wield","Dual Wield","Havoc","Havoc","Havoc","Battle Trance","Battle Trance","Battle Trance","Corruption","Corruption+1","Flex","Flex","Flex","Thunderclap","Thunderclap","Thunderclap","Whirlwind+1","Whirlwind","Whirlwind","Infernal Blade","Infernal Blade","Infernal Blade","Armaments","Armaments","Headbutt","Headbutt","Headbutt","Apotheosis+1","Apotheosis","Apotheosis","Anger","Anger","Anger","Infernal Blade","Infernal Blade","Infernal Blade","Reaper","Reaper","Reaper","Havoc","Havoc","Havoc","Spot Weakness+1","Spot Weakness+1","Spot Weakness+1","Flame Barrier","Flame Barrier","Flame Barrier","Mind Blast","Mind Blast","Mind Blast+1","Thunderclap+1","Thunderclap+1","Thunderclap+1","Clash","Clash","Clash","Shockwave","Shockwave","Shockwave","Corruption+1","Corruption+1","Corruption+1","Double Tap","Double Tap","Double Tap","Shockwave+1","Shockwave+1","Shockwave+1","Pummel","Pummel","Pummel","Exhume","Exhume","Exhume","Disarm+1","Disarm+1","Disarm+1","Fire Breathing+1","Fire Breathing+1","Fire Breathing+1","Intimidate","Intimidate","Intimidate"],"relics":["Burning Blood","Anchor","Mango","Bottled Flame","Orichalcum","Strawberry","Mark of Pain","FossilizedHelix","Dodecahedron","Centennial Puzzle","Mercury Hourglass","Regal Pillow","Torii","Bottled Lightning","Eternal Feather","Shovel","Tiny Chest","Pear","Peace Pipe","Lantern","Blood Vial","Pen Nib","Happy Flower","Dream Catcher","Du-Vu Doll"],"potions_floor_usage":[12,14,16,16,16,22,27,33,50],"damage_taken":[{"damage":0,"enemies":"2 Louse","floor":1,"turns":3},{"damage":0,"enemies":"Small Slimes","floor":3,"turns":3},{"damage":0,"enemies":"Cultist","floor":5,"turns":4},{"damage":17,"enemies":"3 Sentries","floor":6,"turns":3},{"damage":11,"enemies":"Lagavulin","floor":8,"turns":4},{"damage":0,"enemies":"Exordium Thugs","floor":10,"turns":4},{"damage":21,"enemies":"Gremlin Nob","floor":12,"turns":5},{"damage":0,"enemies":"3 Louse","floor":13,"turns":2},{"damage":0,"enemies":"3 Sentries","floor":14,"turns":4},{"damage":38,"enemies":"Hexaghost","floor":16,"turns":5},{"damage":4,"enemies":"2 Thieves","floor":18,"turns":4},{"damage":0,"enemies":"3 Byrds","floor":20,"turns":2},{"damage":1,"enemies":"Centurion and Healer","floor":21,"turns":5},{"damage":31,"enemies":"Colosseum Slavers","floor":22,"turns":5},{"damage":11,"enemies":"Colosseum Nobs","floor":22,"turns":3},{"damage":0,"enemies":"Gremlin Leader","floor":25,"turns":1},{"damage":0,"enemies":"Slavers","floor":27,"turns":1},{"damage":0,"enemies":"Book of Stabbing","floor":29,"turns":1},{"damage":0,"enemies":"Chosen and Byrds","floor":31,"turns":1},{"damage":25,"enemies":"Champ","floor":33,"turns":4},{"damage":0,"enemies":"3 Shapes","floor":35,"turns":1},{"damage":0,"enemies":"3 Darklings","floor":37,"turns":1},{"damage":0,"enemies":"Nemesis","floor":40,"turns":1},{"damage":0,"enemies":"Giant Head","floor":42,"turns":6},{"damage":0,"enemies":"Nemesis","floor":44,"turns":1},{"damage":0,"enemies":"Writhing Mass","floor":46,"turns":1},{"damage":7,"enemies":"Time Eater","floor":50,"turns":3}],"seed_played":"-9146660384639503070","potions_obtained":[{"floor":8,"key":"Fire Potion"},{"floor":10,"key":"SkillPotion"},{"floor":11,"key":"Weak Potion"},{"floor":13,"key":"AttackPotion"},{"floor":14,"key":"Ancient Potion"},{"floor":16,"key":"SpeedPotion"},{"floor":20,"key":"Poison Potion"},{"floor":21,"key":"Block Potion"},{"floor":22,"key":"Explosive Potion"},{"floor":29,"key":"Explosive Potion"},{"floor":35,"key":"Regen Potion"},{"floor":42,"key":"GamblersBrew"}],"is_trial":true,"path_per_floor":["?","?","?","M","?","?","?","M","?","?"],"character_chosen":"IRONCLAD","items_purchased":["Apotheosis","Mind Blast","Centennial Puzzle","Shovel","Happy Flower","Dream Catcher"],"campfire_rested":1,"item_purchase_floors":[4,24,24,38,47,47],"current_hp_per_floor":[80,69,75,75,80,69,69,78,78,84,84,69,75,88,101,69,101,101,101,101,101,96,96,96,101,101,101,101,101,101,101,101,82,101,101,91,97,97,97,101,111,111,111,111,111,111,111,111,111,110],"gold":24,"neow_bonus":"","is_prod":false,"is_daily":false,"chose_seed":false,"campfire_upgraded":4,"win_rate":0,"timestamp":1568791116,"path_taken":["M","?","M","$","M","E","?","E","T","M","?","E","?","E","R","BOSS","M","?","M","M","?","R","$","E","T","E","R","E","R","M","R","BOSS","M","?","?","$","?","E","R","E","T","E","R","M","$","?","R","BOSS"],"build_version":"2019-01-23","purchased_purges":0,"victory":true,"max_hp_per_floor":[80,80,80,80,80,80,80,94,94,94,94,94,94,101,101,101,101,101,101,101,101,101,101,101,101,101,101,101,101,101,101,101,101,101,101,101,101,101,101,101,111,111,111,111,111,111,111,111,111,111],"card_choices":[{"not_picked":["Body Slam","Twin Strike"],"picked":"Armaments","floor":1},{"not_picked":["Flex","Perfected Strike"],"picked":"Headbutt","floor":3},{"not_picked":["Armaments","Headbutt"],"picked":"Anger","floor":5},{"not_picked":["Shrug It Off","Juggernaut","Headbutt"],"picked":"SKIP","floor":6},{"not_picked":["Sword Boomerang","Body Slam","Sentinel"],"picked":"SKIP","floor":8},{"not_picked":["Burning Pact","Armaments","Heavy Blade"],"picked":"SKIP","floor":10},{"not_picked":["Havoc","Wild Strike","Cleave"],"picked":"SKIP","floor":12},{"not_picked":["Power Through","Reckless Charge","Burning Pact"],"picked":"SKIP","floor":13},{"not_picked":["Armaments","Fire Breathing"],"picked":"Infernal Blade","floor":14},{"not_picked":["Fiend Fire","Barricade"],"picked":"Reaper","floor":16},{"not_picked":["Blood for Blood","Wild Strike","Iron Wave+1"],"picked":"SKIP","floor":18},{"not_picked":["Heavy Blade+1","Body Slam"],"picked":"Spot Weakness+1","floor":20},{"not_picked":["Havoc","Pommel Strike","Inflame"],"picked":"SKIP","floor":21},{"not_picked":["Perfected Strike+1","Pummel"],"picked":"Flame Barrier","floor":22},{"not_picked":["Pommel Strike","Thunderclap+1","Wild Strike+1"],"picked":"SKIP","floor":25},{"not_picked":["Pommel Strike","Wild Strike+1"],"picked":"Thunderclap+1","floor":25},{"not_picked":["Impervious","Cleave+1"],"picked":"Clash","floor":27},{"not_picked":["Perfected Strike","Rampage+1"],"picked":"Shockwave","floor":29},{"not_picked":["Clash","Infernal Blade"],"picked":"Corruption+1","floor":31},{"not_picked":["Brutality","Offering"],"picked":"Double Tap","floor":33},{"not_picked":["Iron Wave+1","Clothesline+1"],"picked":"Shockwave+1","floor":35},{"not_picked":["Shrug It Off","Wild Strike"],"picked":"Pummel","floor":37},{"not_picked":["Armaments+1","Body Slam"],"picked":"Exhume","floor":40},{"not_picked":["Corruption","Second Wind"],"picked":"Disarm+1","floor":42},{"not_picked":["Shrug It Off+1","Perfected Strike"],"picked":"Fire Breathing+1","floor":44},{"not_picked":["Searing Blow+1","Sword Boomerang"],"picked":"Intimidate","floor":46}],"player_experience":121946,"relics_obtained":[{"floor":6,"key":"Anchor"},{"floor":8,"key":"Mango"},{"floor":9,"key":"Bottled Flame"},{"floor":12,"key":"Orichalcum"},{"floor":14,"key":"Strawberry"},{"floor":22,"key":"FossilizedHelix"},{"floor":22,"key":"Dodecahedron"},{"floor":25,"key":"Mercury Hourglass"},{"floor":26,"key":"Regal Pillow"},{"floor":27,"key":"Torii"},{"floor":29,"key":"Bottled Lightning"},{"floor":40,"key":"Tiny Chest"},{"floor":41,"key":"Pear"},{"floor":42,"key":"Peace Pipe"},{"floor":43,"key":"Lantern"},{"floor":44,"key":"Blood Vial"},{"floor":45,"key":"Pen Nib"},{"floor":49,"key":"Du-Vu Doll"}],"event_choices":[{"damage_healed":0,"gold_gain":75,"player_choice":"Gather Gold","damage_taken":11,"max_hp_gain":0,"max_hp_loss":0,"event_name":"World of Goop","floor":2,"gold_loss":0},{"cards_removed":["Armaments"],"damage_healed":0,"gold_gain":0,"player_choice":"Card Removal","damage_taken":0,"max_hp_gain":0,"max_hp_loss":0,"event_name":"The Cleric","floor":7,"gold_loss":50},{"damage_healed":0,"gold_gain":0,"player_choice":"Bought 1 Potion","damage_taken":0,"max_hp_gain":0,"max_hp_loss":0,"event_name":"The Woman in Blue","floor":11,"gold_loss":0},{"damage_healed":0,"gold_gain":0,"player_choice":"Read","damage_taken":0,"max_hp_gain":0,"max_hp_loss":0,"event_name":"The Library","floor":19,"gold_loss":0,"cards_obtained":["Havoc"]},{"damage_healed":0,"gold_gain":0,"player_choice":"Fight","damage_taken":0,"max_hp_gain":0,"max_hp_loss":0,"event_name":"Colosseum","floor":22,"gold_loss":0},{"damage_healed":0,"gold_gain":0,"player_choice":"Fought Nobs","damage_taken":0,"max_hp_gain":0,"max_hp_loss":0,"event_name":"Colosseum","floor":22,"gold_loss":0},{"damage_healed":0,"gold_gain":75,"player_choice":"Touch","damage_taken":10,"max_hp_gain":0,"max_hp_loss":0,"event_name":"FaceTrader","floor":36,"gold_loss":0},{"cards_removed":["Second Wind"],"damage_healed":0,"gold_gain":0,"player_choice":"Removed Skill","damage_taken":0,"max_hp_gain":0,"max_hp_loss":0,"event_name":"Falling","floor":39,"gold_loss":0},{"cards_removed":["Corruption"],"damage_healed":0,"gold_gain":0,"player_choice":"Offered Uncommon","damage_taken":0,"max_hp_gain":0,"max_hp_loss":0,"event_name":"Bonfire Elementals","floor":48,"gold_loss":0}],"is_beta":false,"boss_relics":[{"not_picked":["Lizard Tail","Velvet Choker"],"picked":"Mark of Pain"},{"not_picked":["Calling Bell","Snecko Eye"],"picked":"Eternal Feather"}],"items_purged_floors":[],"is_endless":false,"potions_floor_spawned":[8,10,13,14,16,20,21,22,29,35,40,42],"ascension_level":1}