{"gold_per_floor":[110,35,35,35,0,39,39,54,54,54,92,92,108,132,132,255,255,276,26,51,51,76,116,116,140,140,158,193,292,305,349,349,475,475,500,519,519],"floor_reached":37,"playtime":3577,"items_purged":["Strike_G","Strike_G"],"score":439,"play_id":"1178042a-eaa8-4df3-a250-1e4a95d550e5","local_time":"20190912002303","is_ascension_mode":false,"campfire_choices":[{"data":"Envenom","floor":7.0,"key":"SMITH"},{"data":"Dagger Spray","floor":10.0,"key":"SMITH"},{"data":"Poisoned Stab","floor":12.0,"key":"SMITH"},{"floor":15.0,"key":"REST"},{"floor":24.0,"key":"REST"},{"data":"Backflip","floor":32.0,"key":"SMITH"}],"neow_cost":"NONE","seed_source_timestamp":0,"circlet_count":0,"master_deck":["Strike_G+1","Strike_G","Strike_G","Defend_G","Defend_G+1","Defend_G","Defend_G","Defend_G","Survivor","Neutralize+1","Poisoned Stab+1","Envenom+1","Dagger Spray+1","Acrobatics","Malaise","Noxious Fumes","Bane","Footwork+1","PiercingWail+1","Backflip+1","Tools of the Trade","Pain","Well Laid Plans+1"],"special_seed":0,"relics":["Ring of the Snake","Golden Idol","Thread and Needle","Dream Catcher","Tingsha","Black Star","Blood Vial","Gambling Chip","Mummified Hand","Meat on the Bone","Blue Candle","Ancient Tea Set","Omamori","Juzu Bracelet","Calling Bell","Art of War","Dodecahedron","Mango"],"potions_floor_usage":[37,37],"damage_taken":[{"damage":0.0,"enemies":"2 Louse","floor":1.0,"turns":4.0},{"damage":14.0,"enemies":"Gremlin Nob","floor":6.0,"turns":5.0},{"damage":0.0,"enemies":"Small Slimes","floor":8.0,"turns":4.0},{"damage":11.0,"enemies":"Lagavulin","floor":11.0,"turns":6.0},{"damage":0.0,"enemies":"Cultist","floor":13.0,"turns":3.0},{"damage":0.0,"enemies":"3 Louse","floor":14.0,"turns":1.0},{"damage":39.0,"enemies":"Slime Boss","floor":16.0,"turns":12.0},{"damage":20.0,"enemies":"Spheric Guardian","floor":18.0,"turns":8.0},{"damage":0.0,"enemies":"3 Byrds","floor":20.0,"turns":4.0},{"damage":1.0,"enemies":"Centurion and Healer","floor":22.0,"turns":7.0},{"damage":14.0,"enemies":"Gremlin Leader","floor":23.0,"turns":8.0},{"damage":2.0,"enemies":"Cultist and Chosen","floor":25.0,"turns":7.0},{"damage":0.0,"enemies":"3 Cultists","floor":27.0,"turns":5.0},{"damage":5.0,"enemies":"Slavers","floor":28.0,"turns":6.0},{"damage":2.0,"enemies":"Snecko","floor":30.0,"turns":6.0},{"damage":4.0,"enemies":"Book of Stabbing","floor":31.0,"turns":7.0},{"damage":23.0,"enemies":"Collector","floor":33.0,"turns":13.0},{"damage":23,"enemies":"3 Shapes","floor":35,"turns":7},{"damage":6,"enemies":"3 Darklings","floor":36,"turns":4},{"damage":54,"enemies":"Transient","floor":37,"turns":5}],"seed_played":"2378584856455764752","potions_obtained":[{"floor":1.0,"key":"GhostInAJar"},{"floor":8.0,"key":"Energy Potion"},{"floor":14.0,"key":"SpeedPotion"},{"floor":18.0,"key":"AttackPotion"},{"floor":20.0,"key":"SteroidPotion"},{"floor":23.0,"key":"GhostInAJar"},{"floor":27.0,"key":"Fire Potion"},{"floor":33.0,"key":"FearPotion"},{"floor":35,"key":"SpeedPotion"},{"floor":36,"key":"Dexterity Potion"}],"is_trial":false,"path_per_floor":["M","$","?","?","?","E","R","M","T","R","E","R","M","M","R","B",null,"M","$","M","?","M","E","R","M","T","M","E","?","M","E","R","B",null,"M","M","M"],"character_chosen":"THE_SILENT","items_purchased":["Blood Vial"],"campfire_rested":2,"item_purchase_floors":[19],"current_hp_per_floor":[70,70,56,56,65,51,51,51,51,51,40,40,40,40,59,20,65,45,45,47,47,48,36,55,55,55,57,54,54,54,52,52,43,79,56,52,0],"gold":519,"neow_bonus":"UPGRADE_CARD","is_prod":false,"is_daily":false,"chose_seed":false,"campfire_upgraded":4,"win_rate":0,"timestamp":1568262183,"path_taken":["M","$","?","?","?","E","R","M","T","R","E","R","M","M","R","BOSS","M","$","M","?","M","E","R","M","T","M","E","?","M","E","R","BOSS","M","M","M"],"build_version":"2019-07-17","purchased_purges":2,"victory":false,"max_hp_per_floor":[70,70,70,65,65,65,65,65,65,65,65,65,65,65,65,65,65,65,65,65,65,65,65,65,65,65,65,65,65,65,65,65,65,79,79,79,79],"card_choices":[{"not_picked":["Accuracy","Prepared"],"picked":"Poisoned Stab","floor":1.0},{"not_picked":["Noxious Fumes","Slice"],"picked":"Envenom","floor":6.0},{"not_picked":["All Out Attack","Backflip"],"picked":"Dagger Spray","floor":8.0},{"not_picked":["Caltrops","Poisoned Stab","Outmaneuver"],"picked":"SKIP","floor":11.0},{"not_picked":["Distraction","PiercingWail","Deadly Poison"],"picked":"SKIP","floor":13.0},{"not_picked":["Dash","Choke","Quick Slash"],"picked":"SKIP","floor":14.0},{"not_picked":["Bane","Backstab"],"picked":"Acrobatics","floor":15.0},{"not_picked":["Unload","Envenom"],"picked":"Malaise","floor":16.0},{"not_picked":["Dagger Throw+1","Flechettes"],"picked":"Noxious Fumes","floor":18.0},{"not_picked":["Catalyst","Calculated Gamble"],"picked":"Bane","floor":20.0},{"not_picked":["Blur","Caltrops"],"picked":"Footwork+1","floor":22.0},{"not_picked":["Concentrate","Deflect","PiercingWail"],"picked":"SKIP","floor":23.0},{"not_picked":["Dagger Spray+1","Concentrate"],"picked":"PiercingWail+1","floor":25.0},{"not_picked":["Acrobatics","Quick Slash"],"picked":"Backflip","floor":27.0},{"not_picked":["Dagger Spray","Glass Knife","Deflect"],"picked":"SKIP","floor":28.0},{"not_picked":["Dodge and Roll","Sucker Punch+1","Setup"],"picked":"SKIP","floor":30.0},{"not_picked":["Infinite Blades","Calculated Gamble+1","Dodge and Roll+1"],"picked":"SKIP","floor":31.0},{"not_picked":["Phantasmal Killer","Glass Knife"],"picked":"Tools of the Trade","floor":33.0},{"not_picked":["Bane+1","Heel Hook","Acrobatics"],"picked":"SKIP","floor":35},{"not_picked":["Heel Hook+1","Poisoned Stab"],"picked":"Well Laid Plans+1","floor":36}],"player_experience":120687,"relics_obtained":[{"floor":6.0,"key":"Thread and Needle"},{"floor":9.0,"key":"Dream Catcher"},{"floor":11.0,"key":"Tingsha"},{"floor":23.0,"key":"Gambling Chip"},{"floor":23.0,"key":"Mummified Hand"},{"floor":26.0,"key":"Meat on the Bone"},{"floor":28.0,"key":"Blue Candle"},{"floor":28.0,"key":"Ancient Tea Set"},{"floor":31.0,"key":"Omamori"},{"floor":31.0,"key":"Juzu Bracelet"},{"floor":34,"key":"Art of War"},{"floor":34,"key":"Dodecahedron"},{"floor":34,"key":"Mango"}],"event_choices":[{"damage_healed":0.0,"max_hp_gain":0.0,"max_hp_loss":0.0,"gold_gain":0.0,"event_name":"Shining Light","player_choice":"Entered Light","floor":3.0,"gold_loss":0.0,"damage_taken":14.0,"cards_upgraded":["Defend_G","Strike_G"]},{"damage_healed":0.0,"max_hp_gain":0.0,"max_hp_loss":5.0,"gold_gain":0.0,"event_name":"Golden Idol","player_choice":"Lose Max HP","floor":4.0,"gold_loss":0.0,"damage_taken":0.0,"relics_obtained":["Golden Idol"]},{"damage_healed":16.0,"max_hp_gain":0.0,"max_hp_loss":0.0,"gold_gain":0.0,"event_name":"The Cleric","player_choice":"Healed","floor":5.0,"gold_loss":35.0,"damage_taken":0.0},{"damage_healed":0.0,"max_hp_gain":0.0,"max_hp_loss":0.0,"gold_gain":0.0,"event_name":"Ghosts","player_choice":"Ignored","floor":21.0,"gold_loss":0.0,"damage_taken":0.0},{"damage_healed":0.0,"max_hp_gain":0.0,"max_hp_loss":0.0,"gold_gain":99.0,"event_name":"Nest","player_choice":"Stole From Cult","floor":29.0,"gold_loss":0.0,"damage_taken":0.0}],"is_beta":false,"boss_relics":[{"not_picked":["Runic Dome","Coffee Dripper"],"picked":"Black Star"},{"not_picked":["Fusion Hammer","HoveringKite"],"picked":"Calling Bell"}],"items_purged_floors":[2,19],"is_endless":false,"potions_floor_spawned":[1,8,14,18,20,23,27,33,35,36],"killed_by":"Transient","ascension_level":0}