{"gold_per_floor":[115,115,115,5,5,5,30,42,42,75,86,98,98,108,108,205,205,220,235,284,359,67,67,93,112,168,195,213,226,226,226,226,329,329,347,40,51,67,87,112,112,112,112,139,166,166,184,84,84,84,84,84,34,61,61],"floor_reached":55,"playtime":4116,"items_purged":["Defend_B","Strike_B","Gash+1","Zap"],"score":805,"play_id":"8348e5e1-f8d1-4a89-bc1d-c4e4717cc7c1","local_time":"20190929012358","is_ascension_mode":false,"campfire_choices":[{"data":"Glacier","floor":6,"key":"SMITH"},{"floor":13,"key":"REST"},{"data":"Defragment","floor":15,"key":"SMITH"},{"data":"Rainbow","floor":23,"key":"SMITH"},{"data":"Glacier","floor":30,"key":"SMITH"},{"floor":32,"key":"RECALL"},{"data":"Doom and Gloom","floor":41,"key":"SMITH"},{"data":"Doom and Gloom","floor":42,"key":"SMITH"},{"floor":46,"key":"REST"},{"floor":49,"key":"REST"},{"data":"Echo Form","floor":52,"key":"SMITH"}],"neow_cost":"TEN_PERCENT_HP_LOSS","seed_source_timestamp":1480055102379400,"circlet_count":0,"master_deck":["Dualcast","Machine Learning","Glacier+1","Defragment+1","Undo","Cold Snap","Ball Lightning","Go for the Eyes","Rainbow+1","Glacier+1","Rainbow","Doom and Gloom+1","Echo Form+1","Doom and Gloom+1","All For One","Tempest","Compile Driver","Core Surge","Force Field+1","Reinforced Body+1","Rainbow","Creative AI","Glacier","Thunder Strike"],"relics":["Cracked Core","Incense Burner","Mercury Hourglass","Unceasing Top","Snecko Eye","PreservedInsect","MealTicket","Smiling Mask","Tiny Chest","Whetstone","Nloth\u0027s Gift","Pandora\u0027s Box","WingedGreaves","Shuriken","Question Card","Omamori","Dodecahedron"],"potions_floor_usage":[12,16,33,38,44,47,50,54,55],"damage_taken":[{"damage":6,"enemies":"Jaw Worm","floor":1,"turns":4},{"damage":21,"enemies":"Gremlin Nob","floor":7,"turns":7},{"damage":0,"enemies":"Small Slimes","floor":8,"turns":4},{"damage":10,"enemies":"Lagavulin","floor":10,"turns":10},{"damage":0,"enemies":"2 Louse","floor":11,"turns":2},{"damage":1,"enemies":"Exordium Thugs","floor":12,"turns":4},{"damage":0,"enemies":"Red Slaver","floor":14,"turns":3},{"damage":3,"enemies":"The Guardian","floor":16,"turns":9},{"damage":0,"enemies":"Shell Parasite","floor":18,"turns":4},{"damage":0,"enemies":"Spheric Guardian","floor":19,"turns":3},{"damage":14,"enemies":"Slavers","floor":24,"turns":4},{"damage":0,"enemies":"3 Cultists","floor":25,"turns":5},{"damage":3,"enemies":"Book of Stabbing","floor":27,"turns":4},{"damage":4,"enemies":"Cultist and Chosen","floor":28,"turns":5},{"damage":0,"enemies":"Snake Plant","floor":29,"turns":3},{"damage":4,"enemies":"Champ","floor":33,"turns":12},{"damage":4,"enemies":"Orb Walker","floor":35,"turns":3},{"damage":0,"enemies":"3 Shapes","floor":37,"turns":2},{"damage":0,"enemies":"Transient","floor":38,"turns":5},{"damage":25,"enemies":"Spire Growth","floor":39,"turns":4},{"damage":0,"enemies":"Giant Head","floor":40,"turns":7},{"damage":8,"enemies":"Nemesis","floor":44,"turns":5},{"damage":0,"enemies":"Giant Head","floor":45,"turns":8},{"damage":22,"enemies":"Writhing Mass","floor":47,"turns":4},{"damage":31,"enemies":"Awakened One","floor":50,"turns":15},{"damage":32,"enemies":"Shield and Spear","floor":54,"turns":4},{"damage":40,"enemies":"The Heart","floor":55,"turns":9}],"seed_played":"-2401936974043082973","potions_obtained":[{"floor":10,"key":"AttackPotion"},{"floor":12,"key":"PowerPotion"},{"floor":16,"key":"FearPotion"},{"floor":19,"key":"Swift Potion"},{"floor":28,"key":"Energy Potion"},{"floor":29,"key":"Regen Potion"},{"floor":35,"key":"Weak Potion"},{"floor":39,"key":"SmokeBomb"},{"floor":44,"key":"PowerPotion"},{"floor":54,"key":"Ancient Potion"}],"is_trial":false,"path_per_floor":["M","?","?","$","?","R","E","M","T","E","M","M","R","M","R","B",null,"M","M","T","?","$","R","E","M","T","E","M","M","R","?","R","B",null,"M","$","M","M","M","E","R","R","T","E","E","R","M","$","R","B",null,"R","$","E","B"],"character_chosen":"DEFECT","items_purchased":["Defragment","MealTicket","WingedGreaves","Fire Potion"],"campfire_rested":3,"item_purchase_floors":[4,22,36,48],"current_hp_per_floor":[62,44,44,44,44,44,23,23,23,13,13,12,32,32,32,29,68,68,68,68,62,62,62,48,48,48,45,41,41,41,41,41,52,68,64,68,68,68,43,43,43,43,43,35,35,55,33,48,68,37,68,68,68,36,0],"gold":61,"neow_bonus":"THREE_RARE_CARDS","is_prod":false,"is_daily":false,"chose_seed":false,"campfire_upgraded":7,"win_rate":0,"timestamp":1569734638,"path_taken":["M","?","?","?","?","R","E","M","T","E","?","M","R","M","R","BOSS","M","M","?","?","$","R","E","M","T","E","?","M","R","?","R","BOSS","M","$","M","?","M","E","R","R","T","E","E","R","M","?","R","BOSS","R","$","E","BOSS"],"build_version":"2019-07-17","purchased_purges":4,"victory":false,"max_hp_per_floor":[68,68,68,68,68,68,68,68,68,68,68,68,68,68,68,68,68,68,68,68,68,68,68,68,68,68,68,68,68,68,68,68,68,68,68,68,68,68,68,68,68,68,68,68,68,68,68,68,68,68,68,68,68,68,68],"card_choices":[{"not_picked":["Core Surge","Creative AI"],"picked":"Machine Learning","floor":0},{"not_picked":["Stack","Gash"],"picked":"Glacier","floor":1},{"not_picked":["Storm","Compile Driver"],"picked":"Undo","floor":7},{"not_picked":["Chaos","Hologram"],"picked":"Cold Snap","floor":8},{"not_picked":["Redo","Scrape","Storm"],"picked":"SKIP","floor":10},{"not_picked":["Reinforced Body","Barrage"],"picked":"Gash","floor":11},{"not_picked":["Heatsinks","Rebound"],"picked":"Ball Lightning","floor":12},{"not_picked":["Creative AI","Fusion"],"picked":"Go for the Eyes","floor":14},{"not_picked":["Amplify","Meteor Strike"],"picked":"Rainbow","floor":16},{"not_picked":["Force Field","Redo"],"picked":"Glacier","floor":18},{"not_picked":["Stack","Compile Driver","Genetic Algorithm+1"],"picked":"SKIP","floor":19},{"not_picked":["Barrage+1","Sweeping Beam","Darkness"],"picked":"SKIP","floor":24},{"not_picked":["Go for the Eyes","Beam Cell+1"],"picked":"Rainbow","floor":25},{"not_picked":["Beam Cell","Chaos","Turbo+1"],"picked":"SKIP","floor":27},{"not_picked":["Gash","Hologram"],"picked":"Doom and Gloom","floor":28},{"not_picked":["Coolheaded+1","Reinforced Body","Ball Lightning"],"picked":"SKIP","floor":29},{"not_picked":["Reboot","Seek"],"picked":"Echo Form","floor":33},{"not_picked":["Compile Driver","Coolheaded+1"],"picked":"Force Field+1","floor":35},{"not_picked":["Chill+1","Static Discharge+1","Amplify"],"picked":"SKIP","floor":37},{"not_picked":["Steam","Go for the Eyes"],"picked":"Reinforced Body+1","floor":38},{"not_picked":["Gash","Heatsinks+1","Hologram"],"picked":"SKIP","floor":39},{"not_picked":["Gash+1","Coolheaded+1"],"picked":"Rainbow","floor":40},{"not_picked":["Multi-Cast","Biased Cognition","Genetic Algorithm+1"],"picked":"SKIP","floor":44},{"not_picked":["Redo","Multi-Cast","Coolheaded+1"],"picked":"Creative AI","floor":45},{"not_picked":["Conserve Battery","Gash+1","Loop+1"],"picked":"Glacier","floor":47},{"not_picked":["Ball Lightning+1","Rebound+1","BootSequence+1"],"picked":"Thunder Strike","floor":54}],"player_experience":299982,"relics_obtained":[{"floor":7,"key":"Ginger"},{"floor":9,"key":"Mercury Hourglass"},{"floor":10,"key":"Unceasing Top"},{"floor":20,"key":"PreservedInsect"},{"floor":24,"key":"Smiling Mask"},{"floor":26,"key":"Tiny Chest"},{"floor":27,"key":"Whetstone"},{"floor":40,"key":"Shuriken"},{"floor":44,"key":"Question Card"},{"floor":45,"key":"Omamori"},{"floor":54,"key":"Dodecahedron"}],"event_choices":[{"damage_healed":0,"gold_gain":0,"player_choice":"Success","damage_taken":18,"relics_obtained":["Incense Burner"],"max_hp_gain":0,"max_hp_loss":0,"event_name":"Scrap Ooze","floor":2,"gold_loss":0},{"cards_removed":["Strike_B"],"damage_healed":0,"gold_gain":0,"player_choice":"Forget","damage_taken":0,"max_hp_gain":0,"max_hp_loss":0,"event_name":"Living Wall","floor":3,"gold_loss":0},{"damage_healed":0,"gold_gain":0,"player_choice":"Ignored","damage_taken":0,"max_hp_gain":0,"max_hp_loss":0,"event_name":"Shining Light","floor":5,"gold_loss":0},{"damage_healed":0,"gold_gain":75,"player_choice":"Touch","damage_taken":6,"max_hp_gain":0,"max_hp_loss":0,"event_name":"FaceTrader","floor":21,"gold_loss":0},{"damage_healed":0,"gold_gain":0,"player_choice":"Traded Relic","damage_taken":0,"relics_obtained":["Nloth\u0027s Gift"],"max_hp_gain":0,"max_hp_loss":0,"event_name":"N\u0027loth","floor":31,"relics_lost":["Ginger"],"gold_loss":0}],"is_beta":false,"boss_relics":[{"not_picked":["Calling Bell","Runic Dome"],"picked":"Snecko Eye"},{"not_picked":["Nuclear Battery","Orrery"],"picked":"Pandora\u0027s Box"}],"items_purged_floors":[4,22,48,53],"is_endless":false,"potions_floor_spawned":[10,12,16,19,28,29,35,39,40,44,45,54],"killed_by":"The Heart","ascension_level":0}