{"gold_per_floor":[113,131,148,35,35,35,64,64,89,103,123,155,155,76,76,180,180,198,198,182,193,212,212,238,251,251,13,29,29,47,77,77,181,181,201,201,216,231,243,243,271,271,271,322,322,124,124,149,149,149,149,149,6,41,41],"floor_reached":56,"playtime":4492,"items_purged":["Strike_R","Strike_R","Strike_R"],"score":1528,"play_id":"35143bce-cc6b-4208-8ab5-02ffbfc3f161","local_time":"20191006154707","is_ascension_mode":true,"campfire_choices":[{"data":"Bash","floor":6.0,"key":"SMITH"},{"data":"Uppercut","floor":8.0,"key":"SMITH"},{"data":"Metallicize","floor":13.0,"key":"SMITH"},{"data":"Inflame","floor":15.0,"key":"SMITH"},{"data":"Shockwave","floor":23.0,"key":"SMITH"},{"data":"Demon Form","floor":29.0,"key":"SMITH"},{"data":"Feed","floor":32.0,"key":"SMITH"},{"data":"Juggernaut","floor":40,"key":"SMITH"},{"floor":45,"key":"REST"},{"data":"Feel No Pain","floor":47,"key":"SMITH"},{"floor":49,"key":"RECALL"},{"data":"Fiend Fire","floor":52,"key":"SMITH"}],"neow_cost":"NONE","seed_source_timestamp":187952731012642,"circlet_count":0,"master_deck":["Strike_R","Strike_R","Defend_R","Defend_R","Defend_R","Defend_R","Bash+1","Armaments","Twin Strike","Feed+1","Metallicize+1","Uppercut+1","Headbutt","Anger","Shrug It Off","Demon Form+1","Iron Wave","Shockwave+1","Fiend Fire+1","Shrug It Off","Ghostly Armor","Reaper","Juggernaut+1","Havoc+1","Feel No Pain+1","Offering+1"],"special_seed":0,"relics":["Burning Blood","Art of War","Strawberry","Boot","Snecko Eye","Blood Vial","Toxic Egg 2","Busted Crown","Unceasing Top","Bottled Tornado","Oddly Smooth Stone","Happy Flower","Pantograph"],"potions_floor_usage":[39,54,55,55,55],"damage_taken":[{"damage":10.0,"enemies":"2 Louse","floor":1.0,"turns":3.0},{"damage":1.0,"enemies":"Cultist","floor":2.0,"turns":3.0},{"damage":7.0,"enemies":"Jaw Worm","floor":3.0,"turns":4.0},{"damage":26.0,"enemies":"Gremlin Nob","floor":7.0,"turns":4.0},{"damage":4.0,"enemies":"Blue Slaver","floor":10.0,"turns":4.0},{"damage":4.0,"enemies":"3 Louse","floor":11.0,"turns":5.0},{"damage":15.0,"enemies":"Lagavulin","floor":12.0,"turns":7.0},{"damage":0.0,"enemies":"Slime Boss","floor":16.0,"turns":8.0},{"damage":14.0,"enemies":"Shell Parasite","floor":18.0,"turns":6.0},{"damage":15.0,"enemies":"2 Thieves","floor":20.0,"turns":4.0},{"damage":30.0,"enemies":"Shelled Parasite and Fungi","floor":21.0,"turns":7.0},{"damage":11.0,"enemies":"Centurion and Healer","floor":22.0,"turns":7.0},{"damage":28.0,"enemies":"Book of Stabbing","floor":24.0,"turns":6.0},{"damage":14.0,"enemies":"Chosen and Byrds","floor":25.0,"turns":6.0},{"damage":25.0,"enemies":"Shelled Parasite and Fungi","floor":28.0,"turns":6.0},{"damage":12.0,"enemies":"Centurion and Healer","floor":30.0,"turns":5.0},{"damage":29.0,"enemies":"Slavers","floor":31.0,"turns":6.0},{"damage":42.0,"enemies":"Collector","floor":33.0,"turns":10.0},{"damage":9,"enemies":"3 Shapes","floor":35,"turns":8},{"damage":29,"enemies":"3 Darklings","floor":37,"turns":4},{"damage":42,"enemies":"4 Shapes","floor":38,"turns":8},{"damage":38,"enemies":"Transient","floor":39,"turns":5},{"damage":36,"enemies":"Nemesis","floor":41,"turns":6},{"damage":33,"enemies":"Giant Head","floor":48,"turns":8},{"damage":56,"enemies":"Donu and Deca","floor":50,"turns":8},{"damage":54,"enemies":"Shield and Spear","floor":54,"turns":7},{"damage":154,"enemies":"The Heart","floor":55,"turns":9}],"seed_played":"-4746899682255118831","potions_obtained":[{"floor":0.0,"key":"Weak Potion"},{"floor":0.0,"key":"GamblersBrew"},{"floor":0.0,"key":"PowerPotion"},{"floor":10.0,"key":"SkillPotion"},{"floor":12.0,"key":"Poison Potion"},{"floor":20.0,"key":"PowerPotion"},{"floor":22.0,"key":"Poison Potion"},{"floor":24.0,"key":"Regen Potion"},{"floor":31.0,"key":"Explosive Potion"},{"floor":33.0,"key":"Poison Potion"},{"floor":37,"key":"SpeedPotion"},{"floor":39,"key":"EntropicBrew"},{"floor":41,"key":"Block Potion"}],"is_trial":false,"path_per_floor":["M","M","M","$","?","R","E","R","T","M","M","E","R","$","R","B",null,"M","?","M","M","M","R","E","M","T","$","M","R","M","E","R","B",null,"M","?","M","M","M","R","E","?","T","T","R","$","R","E","R","B",null,"R","$","E","B",null],"character_chosen":"IRONCLAD","items_purchased":["Metallicize","Inflame","Reaper","Feel No Pain","Offering+1"],"campfire_rested":1,"item_purchase_floors":[4,14,27,46,53],"current_hp_per_floor":[76,80,79,79,84,84,64,64,71,76,81,75,75,75,75,84,99,95,108,99,78,76,76,57,63,63,63,58,58,89,90,90,89,122,135,135,114,108,84,84,75,75,75,75,118,118,118,97,97,70,132,132,132,103,10],"gold":41,"neow_bonus":"THREE_SMALL_POTIONS","is_prod":false,"is_daily":false,"chose_seed":false,"campfire_upgraded":10,"win_rate":0,"timestamp":1570366027,"path_taken":["M","M","M","$","?","R","E","R","T","M","M","E","R","$","R","BOSS","M","?","M","?","M","R","E","M","T","$","?","R","M","E","R","BOSS","M","?","?","M","M","R","E","?","T","?","R","$","R","E","R","BOSS","R","$","E","BOSS"],"build_version":"2019-07-17","purchased_purges":3,"victory":true,"max_hp_per_floor":[80,80,80,80,85,85,85,85,92,95,98,101,101,101,101,104,104,108,108,108,111,114,114,117,120,120,120,123,123,126,129,129,133,133,137,137,137,141,141,141,145,145,145,145,145,145,145,149,149,153,153,153,153,157,157],"card_choices":[{"not_picked":["True Grit","Clash"],"picked":"Armaments","floor":1.0},{"not_picked":["Clash","Seeing Red"],"picked":"Twin Strike","floor":2.0},{"not_picked":["True Grit","Body Slam"],"picked":"Feed","floor":3.0},{"not_picked":["Anger","Thunderclap"],"picked":"Uppercut","floor":7.0},{"not_picked":["Uppercut","Clothesline"],"picked":"Headbutt","floor":10.0},{"not_picked":["Perfected Strike","Carnage"],"picked":"Anger","floor":11.0},{"not_picked":["Metallicize","Pummel"],"picked":"Shrug It Off","floor":12.0},{"not_picked":["Barricade","Double Tap"],"picked":"Demon Form","floor":16.0},{"not_picked":["Anger","Twin Strike"],"picked":"Iron Wave","floor":18.0},{"not_picked":["Dual Wield","Cleave"],"picked":"Shockwave","floor":20.0},{"not_picked":["Twin Strike+1","Headbutt","Clash"],"picked":"SKIP","floor":21.0},{"not_picked":["Burning Pact+1","Sentinel"],"picked":"Fiend Fire","floor":22.0},{"not_picked":["Flex","Sentinel"],"picked":"Shrug It Off","floor":24.0},{"not_picked":["Power Through","Sentinel"],"picked":"Ghostly Armor","floor":25.0},{"not_picked":["Headbutt","Wild Strike","Intimidate+1"],"picked":"SKIP","floor":28.0},{"not_picked":["Intimidate+1","Carnage","Clothesline"],"picked":"SKIP","floor":30.0},{"not_picked":["Headbutt","Dual Wield","Wild Strike"],"picked":"SKIP","floor":31.0},{"not_picked":["Feed","Brutality"],"picked":"Juggernaut","floor":33.0},{"not_picked":[],"picked":"Havoc+1","floor":35},{"not_picked":["Combust"],"picked":"SKIP","floor":37},{"not_picked":["Twin Strike"],"picked":"SKIP","floor":38},{"not_picked":["Twin Strike"],"picked":"SKIP","floor":39},{"not_picked":["Rupture"],"picked":"SKIP","floor":41},{"not_picked":["Evolve"],"picked":"SKIP","floor":48},{"not_picked":["Uppercut"],"picked":"SKIP","floor":54}],"player_experience":135305,"relics_obtained":[{"floor":7.0,"key":"Art of War"},{"floor":9.0,"key":"Strawberry"},{"floor":12.0,"key":"Boot"},{"floor":24.0,"key":"Blood Vial"},{"floor":31.0,"key":"Toxic Egg 2"},{"floor":41,"key":"Unceasing Top"},{"floor":43,"key":"Bottled Tornado"},{"floor":44,"key":"Oddly Smooth Stone"},{"floor":48,"key":"Happy Flower"},{"floor":54,"key":"Pantograph"}],"event_choices":[{"damage_healed":0.0,"max_hp_gain":5.0,"max_hp_loss":0.0,"gold_gain":0.0,"event_name":"Big Fish","player_choice":"Donut","floor":5.0,"gold_loss":0.0,"damage_taken":0.0},{"cards_removed":["Inflame"],"damage_healed":13.0,"max_hp_gain":0.0,"max_hp_loss":0.0,"gold_gain":0.0,"event_name":"Bonfire Elementals","player_choice":"Offered Uncommon","floor":19.0,"gold_loss":0.0,"damage_taken":0.0},{"damage_healed":0,"gold_gain":0,"player_choice":"Ignored","damage_taken":0,"max_hp_gain":0,"max_hp_loss":0,"event_name":"Transmorgrifier","floor":36,"gold_loss":0},{"damage_healed":0,"gold_gain":0,"player_choice":"Ignored","damage_taken":0,"max_hp_gain":0,"max_hp_loss":0,"event_name":"Mysterious Sphere","floor":42,"gold_loss":0}],"is_beta":false,"boss_relics":[{"not_picked":["Runic Dome","Lizard Tail"],"picked":"Snecko Eye"},{"not_picked":["Runic Pyramid","Eternal Feather"],"picked":"Busted Crown"}],"items_purged_floors":[4,27,46],"is_endless":false,"potions_floor_spawned":[2,10,11,12,20,22,24,31,33,37,39,41],"ascension_level":5}